3200 5182
610 369 762 474 Q

126 591 229 655 qnam
253 577 286 636 et
310 571 542 652 renouassent;
580 567 655 633 hinc
680 569 775 652 quasi
797 569 841 635 ad
864 569 1064 638 occidentem
1088 571 1249 672 flectendo

125 679 296 745 uenissent
320 677 363 743 ad
379 675 572 742 diuerticula
595 682 753 744 terrarum
770 677 941 744 arabilium
967 677 1052 745 dicte
1071 681 1246 766 possessio·

123 787 178 853 nis
194 783 501 854 sconensceid
517 785 550 850 in
566 805 664 850 unum
681 785 921 871 attingencium,
938 785 993 852 ubi
1003 793 1108 855 metas
1123 795 1246 857 terreas

123 896 209 962 duas
226 893 311 963 dicte
334 893 554 981 possessionis
570 891 694 961 Hcccss
718 899 822 960 terras
839 894 881 960 ad
904 893 1071 962 meridiem
1095 901 1127 963 et
1141 903 1245 964 terras

123 1004 346 1092 possessionis
362 1003 396 1070 S.
412 999 487 1070 (lid
507 1002 550 1068 ad
565 1001 826 1089 septemtrionem
843 999 1093 1088 distinguentem
1112 1007 1246 1091 reperis-

126 1121 212 1200 sent,
230 1133 327 1197 quam
343 1119 375 1178 et
392 1117 622 1210 senonensem,
639 1111 715 1178 inde
731 1132 843 1180 uersus
859 1113 1158 1202 septemtrionalem
1178 1117 1245 1202 pla-

128 1242 209 1306 gam
226 1221 330 1290 eundo
356 1220 502 1288 adriam
526 1223 619 1308 kt'aap
634 1233 668 1286 ct
695 1221 833 1304 dictam,
861 1241 927 1306 qua
951 1221 992 1290 dc
1015 1223 1148 1314 civitate
1163 1223 1247 1292 Gau·

127 1329 230 1397 riensi
247 1329 310 1395 itur
326 1326 369 1394 ad
379 1328 537 1413 Vrugang
553 1327 648 1393 aliter
659 1327 691 1393 S.
704 1329 795 1412 luan,
813 1347 914 1412 eaque
931 1329 1129 1414 pertransita
1144 1332 1247 1400 uenis-

126 1444 202 1506 sent
226 1437 270 1504 ad
294 1442 434 1503 montem
451 1433 585 1522 Gyapar
609 1434 688 1502 Tete
712 1443 880 1520 vocatum,
906 1437 1015 1521 ibique
1034 1438 1117 1506 duas
1141 1447 1246 1509 meast

126 1545 346 1635 reperissent,
373 1564 508 1630 quarum
534 1564 599 1610 una
624 1544 667 1610 ad
693 1543 858 1612 meridiem
883 1544 927 1610 ad
951 1545 1093 1631 Heocse,
1119 1547 1187 1615 alia
1202 1550 1245 1615 ad

125 1652 391 1739 septemtrionem
415 1651 458 1718 ad
482 1649 515 1716 S.
544 1651 616 1719 Gb‘d
647 1650 839 1737 pertineret;
872 1651 989 1718 deinde
1013 1653 1170 1722 flectendo
1201 1658 1244 1724 ad

126 1761 391 1848 septemtrionem
408 1760 573 1826 uenissent
592 1758 635 1825 ad
651 1757 812 1844 quendam
837 1764 978 1826 montem
994 1760 1096 1828 tulum
1113 1761 1243 1853 dictum,

125 1871 238 1956 ibique
254 1878 374 1938 meum
389 1869 571 1936 cursualem
581 1869 795 1955 reperissent,
815 1869 857 1934 ab
873 1868 948 1935 inde
963 1887 1077 1938 uersus
1089 1871 1246 1942 orientem

125 1981 293 2047 uenissent
308 1979 351 2046 ad
366 1985 505 2047 montem
522 1998 668 2066 paruum,
692 1978 748 2043 ubi
764 1983 882 2043 metam
898 1985 1037 2045 terream
1054 1981 1246 2065 angularem

126 2097 266 2154 terream
292 2085 378 2154 dicte
402 2087 622 2172 possessionis
647 2087 679 2152 S.
697 2086 769 2152 sod
794 2093 827 2151 et
851 2083 975 2152 Heccsc
996 2085 1246 2174 distinguentem

127 2195 331 2263 inuenissent
356 2201 388 2261 et
402 2199 634 2277 renouassent;
661 2193 735 2260 binc
751 2193 794 2258 ad
820 2191 956 2260 eandem
983 2194 1117 2281 plagam
1140 2199 1246 2266 eundo

126 2305 295 2373 uenissent
310 2303 353 2370 ad
362 2303 525 2387 quandam
541 2304 661 2370 vallem
671 2303 713 2368 ad
730 2302 860 2368 dnmum
876 2303 1050 2390 pyamollct
1067 2303 1116 2392 (es
1127 2305 1245 2393 bokor)

128 2415 258 2498 dictum,
285 2412 341 2479 ubi
357 2418 474 2480 metam
491 2418 630 2479 terream
647 2412 865 2495 inuenissent;
892 2411 965 2478 binc
981 2433 1094 2480 versus
1110 2415 1245 2483 eandem

128 2524 261 2610 plagam
272 2541 331 2609 per
347 2521 465 2589 bonum
476 2521 623 2608 spacium
640 2521 744 2590 eundo
762 2521 883 2588 directe
894 2523 1059 2590 uenissent
1075 2523 1118 2592 ad
1128 2533 1246 2593 metm

126 2630 323 2719 (cursualem
339 2627 463 2716 ibique)
481 2627 674 2696 declinando
692 2627 734 2694 ad
750 2630 1012 2715 septemtrionem
1022 2631 1188 2702 uenissent
1203 2633 1246 2701 ad

127 2739 291 2832 quendam
316 2743 475 2821 montem,
501 2737 556 2822 ubj
583 2745 686 2804 metas
713 2736 918 2828 angula(res)
943 2743 1009 2807 tres
1038 2743 1244 2828 reperissent,

129 2867 192 2932 que
215 2847 258 2913 ab
282 2845 406 2914 oriente
431 2846 630 2932 possessioni
649 2829 805 2932 llrttgang
830 2847 925 2913 aliter
942 2849 975 2915 S.
992 2851 1073 2915 Iuan
1099 2851 1141 2918 ad
1166 2853 1247 2921 occi-

129 2953 260 3022 dentem
276 2956 476 3044 possessioni
494 2955 526 3022 S.
546 2954 628 3039 Gid,
655 2953 698 3020 ed
715 2953 882 3021 meridiem
904 2958 1103 3041 possessioni
1123 2959 1246 3030 Heccse

130 3063 350 3148 deseruerint;
376 3063 507 3131 abhinc
524 3063 716 3130 declinando
732 3063 775 3129 ad
792 3064 946 3130 orientem
966 3067 1157 3150 perborum
1174 3089 1245 3156 spa-

130 3172 216 3238 cium
233 3170 400 3237 uenissent
424 3171 467 3236 ad
484 3175 602 3238 metam
619 3168 810 3252 cursualem,
836 3165 973 3257 ib(ique)
989 3171 1136 3240 similiter
1156 3195 1244 3244 reno-

131 3289 283 3364 uassent3
312 3281 387 3348 inde
404 3301 516 3348 uersus
543 3279 709 3346 meridiem
737 3277 841 3344 eundo
858 3277 900 3343 ad
925 3278 1011 3345 uiam
1027 3281 1118 3371 kosep
1135 3295 1167 3349 vt
1183 3285 1246 3351 dic·

127 3401 206 3474 tam,
223 3409 288 3474 qua
304 3389 344 3455 de
359 3389 491 3456 ciuitate
508 3387 680 3455 (laudensi
697 3389 759 3453 itur
775 3387 817 3452 ad
833 3387 996 3474 Vrugaug,
1018 3409 1080 3457 non
1097 3393 1209 3477 procul
1225 3416 1246 3460 a

129 3502 185 3568 uia
201 3499 400 3567 inuenissent
416 3499 497 3566 duas
516 3506 619 3566 metas
636 3507 768 3583 terreas,
794 3519 929 3583 quarum
945 3519 1010 3567 una
1025 3499 1068 3567 ad
1091 3501 1245 3570 orientem

47 3685 52 3696 ,
129 3609 174 3676 ad
189 3609 354 3696 Vrugang,
382 3611 449 3677 alie
465 3609 507 3676 ad
525 3609 691 3676 meridiem
708 3609 903 3694 deser-utrm,
931 3609 972 3675 ab
989 3609 1062 3677 binc
1078 3611 1121 3678 ad
1145 3612 1247 3679 orien-

127 3726 195 3785 tem
210 3719 316 3786 eundo
340 3719 505 3785 uenissent
522 3719 564 3785 cd
581 3719 678 3802 uiam,
695 3737 866 3804 perquam
888 3717 1037 3786 similiter
1059 3719 1099 3786 de
1115 3719 1246 3788 ciuitate

128 3825 302 3894 (lauriensi
316 3829 380 3894 itur
397 3828 439 3894 ad
449 3829 614 3914 Vrugang,
632 3847 735 3912 eaque
751 3827 948 3914 pertransita
963 3848 1021 3914 per
1037 3828 1156 3898 bonum
1173 3850 1245 3916 spa·

128 3935 214 4002 cium
231 3941 334 4003 metas
359 3937 553 4024 angulares,
579 3949 642 4024 que
658 3937 699 4002 ab
716 3937 839 4002 oriente
865 3935 1064 4022 possessioni
1079 3937 1245 4025 Vrugang,

129 4041 175 4108 ad
201 4043 367 4111 meridiem
392 4044 591 4131 possessioni
606 4041 730 4111 Heccse
756 4041 972 4126 deseruirent;
999 4041 1107 4126 ibique
1131 4044 1245 4113 talium

127 4161 289 4221 terrerum
305 4155 599 4223 reambulaoionem
616 4155 860 4238 terminassent,
885 4152 1053 4238 ipsamque
1068 4155 1244 4239 possessio·

128 4280 203 4328 nem
219 4259 342 4330 Heccse
357 4262 452 4330 modo
469 4261 648 4349 prescripto
675 4259 908 4327 reambulatam
925 4265 957 4324 et
971 4259 1014 4324 ab
1030 4257 1105 4346 alijs
1120 4280 1245 4347 posses-

130 4371 277 4438 sionibus
308 4372 475 4458 premissis
505 4371 609 4457 signis
636 4369 808 4441 metalibus
839 4373 1024 4455 separatam
1055 4367 1182 4457 prelato
1212 4369 1245 4435 in

130 4478 259 4547 Christo
275 4481 362 4567 patri
381 4481 458 4548 Vrie
468 4533 477 4567 ,
502 4480 623 4548 Abbati
639 4479 732 4546 Beati
747 4477 879 4545 Martini
904 4477 944 4544 de
960 4477 1124 4544 Pannonis
1142 4478 1250 4543 Monte

130 4589 201 4653 iure
217 4586 280 4673 ipsi
295 4588 500 4656 incumbente
525 4596 680 4678 perpetuo
697 4586 944 4674 possidendam,
969 4585 1096 4653 nemine
1121 4591 1245 4652 contra-

132 4695 252 4762 dictore
269 4718 326 4782 pro
338 4705 413 4765 tunc
429 4709 587 4785 presente,
608 4695 811 4782 reliquissent
823 4695 977 4782 legitimis
993 4696 1106 4763 diebus
1117 4695 1245 4763 etboris
