3200 5182
597 331 755 434 -e—ur-

101 531 195 614 gium
213 529 398 597 securitatis
415 533 449 595 et
471 529 544 596 finis
570 527 661 595 bulla
686 549 786 596 aurea
810 527 998 616 insignitum
1024 531 1088 618 ipsi
1110 532 1239 602 domino

100 639 188 706 Duci
203 645 237 706 ct
252 635 485 705 communitati
501 637 711 704 venetiarum
742 645 774 703 et
800 636 869 705 suis
894 641 1155 725 anticensoribus,
1182 659 1240 726 per

100 743 192 830 quod
206 745 256 814 eis
271 747 367 813 finem
382 751 573 831 perpetuum
589 743 690 812 faciet
704 743 782 812 inde
800 753 832 813 et
848 743 890 813 de
905 753 1043 834 caetero,
1061 767 1166 833 neque
1180 765 1240 834 par

100 874 139 920 se
154 872 261 938 neque
276 874 334 941 per
350 871 557 920 successores
573 871 649 920 suos
666 853 811 937 aliquam
826 851 947 938 lacere,
964 854 1018 921 uel
1033 853 1104 922 cieri
1120 854 1240 923 debeat

101 959 311 1043 querimonia
326 979 425 1047 anper
441 957 531 1026 dicta
554 958 697 1028 Ciuitate
721 957 846 1028 Jadrae
863 959 981 1026 eteius
1006 961 1237 1047 pertinenoijs;

101 1078 135 1134 et
151 1087 251 1153 super
266 1067 319 1134 bis
336 1066 443 1134 eidem
459 1065 590 1135 domino
607 1067 691 1134 Daci
707 1073 740 1134 et
756 1067 825 1134 eius
840 1067 1080 1135 successoribus
1104 1089 1144 1136 aa
1168 1089 1238 1138 cue-

99 1175 184 1242 teris
201 1175 334 1242 Venetia
360 1173 451 1240 nullu
476 1171 626 1243 molestia
651 1174 763 1241 inferri
788 1173 907 1242 debeat
932 1175 985 1242 uel
1009 1195 1186 1259 granamen
1203 1179 1237 1246 in

99 1292 309 1371 perpetuum.
326 1283 530 1351 Renunciare
540 1283 672 1370 insuper
687 1281 785 1350 debet
801 1293 996 1352 memoratus
1006 1283 1156 1354 dominus
1166 1289 1237 1356 Rex

100 1413 164 1480 pro
180 1412 218 1460 se
234 1413 274 1459 ac
291 1391 360 1460 auis
377 1393 621 1461 suecessoribus
637 1399 669 1458 et
685 1397 783 1476 gente
799 1412 858 1459 sua
883 1393 1040 1460 canonico
1057 1395 1109 1462 uel
1124 1393 1236 1483 legali,

99 1509 135 1568 et
150 1507 290 1585 unoque
304 1500 378 1583 jure
394 1500 562 1586 personali
578 1506 610 1566 et
625 1499 717 1586 reali,
743 1519 807 1584 qno
823 1518 858 1567 se
876 1508 987 1586 posset
1002 1487 1056 1569 uel
1075 1523 1237 1574 suceesso-

101 1629 156 1675 res
174 1627 253 1674 snos
271 1609 365 1693 tueri,
384 1607 437 1674 uel
453 1617 566 1674 eontra
581 1606 786 1694 praedictam
817 1608 1092 1676 renuntiationem
1117 1611 1237 1696 venire,

98 1723 253 1784 attatum
275 1714 364 1782 dicto
380 1714 512 1781 domino
538 1715 622 1782 Duci
650 1723 683 1782 ct
710 1715 779 1782 eius
795 1717 1039 1784 successoribus
1055 1719 1237 1806 populoque

101 1820 315 1891 Venellorum
346 1823 507 1905 integrum
538 1821 727 1888 obseruatur
757 1827 913 1909 perpetuo
938 1830 972 1890 et
996 1823 1157 1894 illibatum
1188 1828 1236 1895 ita

100 1931 216 2016 etlam,
233 1927 321 2015 quod
338 1929 428 1996 nullo
445 1929 542 1996 morlo
557 1929 797 2017 suprascriptus
813 1929 964 1998 dominus
980 1933 1049 2000 Rex
1065 1939 1097 1998 et
1112 1952 1236 2001 sucees-

100 2057 196 2106 sores
206 2040 278 2106 eius
287 2059 327 2106 uc
337 2038 479 2126 populus
490 2039 701 2106 Venetiarum
717 2059 815 2125 super
830 2037 970 2108 Ciuitate
981 2041 1112 2128 ladrue,
1124 2048 1156 2109 et
1171 2064 1235 2112 om-

102 2147 202 2215 nibus
218 2146 323 2233 ipsius
338 2147 554 2233 pertineatijs,
571 2167 592 2214 a
608 2149 756 2234 praelato
772 2147 903 2215 domino
919 2149 1010 2232 Rege
1025 2155 1059 2216 et
1074 2167 1236 2220 suecesso-

99 2257 192 2323 ribus
218 2259 299 2345 eins
326 2257 380 2326 uel
397 2258 507 2343 aliquo
532 2279 591 2345 pro
617 2259 665 2326 eis
681 2257 809 2326 bomine
836 2259 1102 2329 molestabantur.
1127 2263 1168 2330 Et
1192 2265 1236 2330 ad

99 2365 262 2432 maiorem
277 2366 439 2434 centetum
464 2365 622 2434 obtinebit
637 2366 824 2434 nominatus
845 2365 993 2433 domnus
1009 2369 1088 2454 Rex,
1113 2379 1148 2438 ut
1172 2390 1236 2444 me,

96 2480 263 2540 moratum
278 2473 484 2560 priuilegium
509 2473 702 2541 auctoritate
718 2473 908 2560 Apostolica
931 2473 1106 2544 roboretur.
1133 2476 1237 2549 Prae.

100 2590 195 2650 terea
211 2583 314 2667 legati
330 2581 491 2669 praedicti
507 2583 587 2650 baec
603 2583 712 2649 omnia
728 2581 839 2648 taliter
849 2581 1101 2652 affirmauerunt.
1118 2587 1236 2673 suprs-

101 2692 247 2776 osriptns
263 2691 476 2776 Praepositae
492 2691 613 2758 iurauit
638 2687 682 2756 ad
699 2688 879 2774 Euangelia
902 2690 1023 2758 Sancta
1040 2692 1122 2777 Dei,
1148 2695 1236 2778 quod

98 2800 347 2887 suprascriptus
364 2799 513 2868 dominus
528 2801 599 2867 Rex
615 2804 732 2866 cuncta
748 2817 810 2882 que
822 2795 910 2862 dicta
927 2804 1011 2883 sunt,
1028 2798 1092 2866 sibi
1107 2803 1234 2868 commi-

95 2910 144 2975 sit
160 2907 324 2992 iacienda,
342 2907 562 2994 promittenda
578 2913 610 2975 et
626 2905 839 2993 disponenda,
859 2925 922 2990 que
946 2906 980 2972 in
1004 2905 1093 2972 nullo
1118 2915 1235 2993 postea

99 3015 281 3100 reuocauit,
308 3021 340 3082 et
356 3016 389 3081 ia
404 3015 516 3082 anima
532 3013 611 3082 dicti
637 3015 758 3082 domini
775 3014 876 3098 Regis
891 3013 1020 3098 iurauit,
1037 3013 1151 3080 eodem
1171 3035 1234 3081 mo-

99 3125 155 3210 do,
173 3123 263 3207 quod
279 3123 386 3192 dictus
401 3123 553 3192 dominus
568 3127 637 3192 Rex
652 3123 734 3190 baec
750 3123 860 3190 omnia
875 3123 1066 3188 inconcusse
1083 3122 1233 3190 obserua-

99 3233 150 3299 bit
181 3233 307 3317 absque
336 3217 413 3300 ¹ulolo
443 3232 476 3298 in
511 3239 710 3320 perpetuum.
742 3229 795 3295 Ad
824 3229 907 3297 baec
938 3228 1043 3296 dictas
1073 3231 1109 3295 P.
1141 3231 1234 3298 Prior

99 3343 232 3426 legatus
257 3344 290 3410 in
322 3343 437 3410 babitu
463 3342 645 3426 Religionis
674 3359 755 3408 suae
785 3341 849 3406 ista
874 3339 1232 3408 omnia-confirmauit.

99 3451 277 3517 Praeterea
301 3455 495 3518 memoratus
520 3449 669 3517 dominus
686 3449 761 3515 Dux
776 3454 809 3515 ct
823 3445 976 3514 antedicti
1000 3447 1102 3532 legati
1126 3447 1234 3516 taliter

100 3559 192 3644 pacti
208 3565 284 3625 sant
300 3565 332 3625 et
348 3557 556 3626 stabilierunt
573 3556 727 3642 vicissim,
744 3554 831 3639 quod
847 3555 994 3624 homines
1008 3553 1165 3623 antedicti
1180 3556 1233 3624 (lo-

100 3668 184 3734 mini
200 3667 300 3752 Regis
316 3666 505 3751 Hungariae
520 3666 586 3733 sint
601 3664 686 3732 salui
701 3669 733 3730 et
748 3664 853 3733 securi
869 3664 902 3730 in
918 3665 1063 3748 Venetijs
1080 3670 1114 3732 et
1127 3663 1233 3733 eundo

101 3795 141 3842 ao
158 3774 325 3842 redeundo
334 3827 342 3861 ‚
368 3781 437 3841 mm
452 3775 486 3841 in
502 3773 652 3861 personis
666 3791 764 3857 qnam
779 3771 814 3838 in
829 3771 946 3857 rebus,
970 3773 1064 3840 saluo
1081 3793 1129 3860 eo,
1147 3772 1234 3857 quod

102 3881 361 3966 octuagesimum
386 3881 420 3947 in
437 3881 585 3965 Venetijs
612 3876 653 3946 de
678 3877 774 3946 bonis
800 3877 868 3945 suis
893 3877 1079 3964 persoluere
1104 3877 1232 3965 debent,

101 3995 242 4075 excepto
258 3986 345 4073 quod
364 3987 403 4055 dc
420 4007 499 4054 auro
515 3993 548 4054 et
564 3985 713 4070 gemmis,
739 3983 920 4069 ceterisque
936 3983 1101 4070 lapidibus
1117 3987 1232 4070 pretio·

101 4097 159 4181 sis,
177 4103 210 4163 et
225 4097 343 4183 pannis
360 4096 473 4164 sericis
499 4104 597 4178 atque
623 4099 704 4179 seta,
730 4093 801 4159 siue
827 4092 868 4158 de
893 4090 1126 4177 speciminibus
1151 4093 1234 4159 nibil

102 4205 183 4271 darc
198 4204 372 4272 debebunt.
388 4207 430 4271 bt
440 4223 458 4270 c
469 4222 626 4270 conuerso
642 4201 759 4269 Veneti
775 4217 887 4268 omnes
902 4199 989 4267 salui
1006 4203 1038 4264 et
1053 4199 1233 4267 securislnt

99 4313 138 4376 in
152 4309 324 4393 Hungaria
348 4316 382 4377 et
406 4308 612 4396 pcrtinentija
637 4306 783 4374 eiusdem
809 4303 932 4372 domini
952 4305 1050 4390 Regis
1074 4305 1232 4392 omnibns,

102 4417 198 4485 saluo
213 4437 264 4503 eo,
283 4417 371 4500 quod
387 4417 642 4502 octuagesimum
653 4414 694 4482 de
710 4414 805 4481 bonis
816 4413 885 4481 suis
901 4419 1026 4481 tantum
1042 4412 1234 4499 iningressu

103 4527 209 4612 Regni
219 4525 409 4612 Hungariae
424 4525 613 4615 persoluere
629 4523 840 4609 tenebuntnr;
857 4527 1086 4609 praeterquam
1095 4520 1137 4589 dc
1152 4543 1232 4592 auro

105 4642 138 4703 et
147 4636 294 4722 gemmis,
306 4637 510 4726 caeterisque
521 4634 673 4723 pretiosis
684 4631 847 4720 lapidibus
859 4637 891 4700 ct
899 4631 1016 4719 pannis
1027 4633 1149 4720 scricis,
1160 4643 1233 4703 aeta
1363 4621 1366 4626 ⁵
