3202 5190
611 260 773 360 *sou—

124 453 311 540 Spalatensi
327 453 487 519 Potestati
510 459 543 518 ct
557 456 769 538 Traguriensi
794 457 933 540 Comiti,
958 466 990 524 et
1006 461 1186 548 nobilibus,
1213 485 1252 532 ac

123 561 242 644 reliqui
258 559 453 648 plenitudini
479 561 626 643 ejusdem
642 563 784 631 civitatis
809 583 917 631 eorum
941 573 976 631 ut
991 567 1144 636 iratribus
1168 575 1253 642 salu-

122 677 188 734 tern
206 679 238 734 et
254 667 472 734 dilectionem.
490 668 648 736 Omnibus
665 672 785 758 quippe
801 677 900 758 patet,
928 673 1014 756 qnod
1032 682 1063 741 et
1079 677 1171 745 vobis
1187 700 1252 746 non

122 785 172 843 cst
190 777 368 860 occultum,
395 775 547 858 quoniam
563 775 668 844 ludas
685 779 762 843 olim
776 779 976 863 Ragnsensis
994 781 1108 848 Comes
1123 803 1184 850 nec
1199 807 1251 852 ro·

121 887 184 967 bis,
202 905 262 950 nec
278 885 346 950 suis
364 884 667 966 ciuibusjustitiam
684 886 791 953 facere
807 888 920 971 voluit,
947 894 979 952 et
995 888 1069 955 ideo
1089 891 1250 959 dissensio

123 1003 154 1060 et
169 994 308 1079 pignora
334 993 492 1057 intervos
509 995 726 1075 etRaguseos
751 991 864 1058 dedic
887 993 920 1058 in
939 993 1025 1059 diem
1050 997 1248 1065 crescebant.

121 1103 215 1166 Nunc
232 1105 350 1183 antem,
369 1100 446 1182 quia
462 1100 569 1184 gretia
586 1101 648 1168 Dei
665 1100 783 1166 civitas
799 1101 999 1184 Ragusensis
1016 1100 1056 1167 de
1072 1104 1249 1172 confinibus

121 1209 330 1274 l'enetiarnm
346 1205 490 1292 habetur,
507 1209 661 1294 velemus,
679 1215 713 1274 ut
729 1208 817 1272 mala
834 1207 952 1292 omnia,
977 1227 1061 1292 quae
1073 1219 1157 1278 retro
1173 1219 1248 1280 tem-

118 1339 199 1404 pore
215 1338 316 1400 usqne
332 1337 417 1382 nunc
433 1323 509 1383 cota
523 1325 606 1402 sunt,
625 1320 833 1403 extirpentur,
854 1317 900 1382 ita
920 1327 954 1382 ut
970 1319 1099 1384 omnino
1116 1340 1179 1386 non
1195 1339 1247 1386 no-

120 1427 291 1510 minentur,
309 1432 358 1491 set
369 1425 478 1489 omnia
488 1445 560 1490 cnm
571 1425 703 1508 justitia
716 1425 945 1508 examinentur,
964 1434 996 1490 et
1010 1425 1128 1493 amodo
1138 1428 1248 1513 pigno-

119 1555 155 1598 ra
172 1533 331 1600 intervos
348 1541 380 1600 et
394 1535 563 1616 Raguseos
580 1553 643 1597 non
660 1529 711 1597 sit.
729 1532 764 1597 Si
782 1531 853 1613 quis
868 1541 977 1598 alutem
997 1539 1176 1599 vestrorum
1190 1535 1248 1598 ali-

118 1638 198 1722 quid
224 1641 322 1706 hebet
348 1639 504 1706 adversus
528 1641 670 1722 aliquem
686 1641 889 1724 Raguseum,
917 1639 1028 1704 veniat
1050 1647 1083 1704 ct
1105 1641 1248 1728 accipiat

114 1748 281 1830 justitiam
297 1749 381 1813 sient
397 1746 430 1813 in
446 1747 571 1834 patria,
590 1757 621 1813 et
637 1747 754 1814 nostris
771 1746 932 1832 Ragnseis
952 1745 1027 1811 illuc
1043 1746 1246 1814 venientibus

116 1857 249 1943 plenam
268 1857 434 1939 justitiam
458 1855 527 1920 fieri
543 1855 661 1937 facite,
690 1855 718 1920 si
735 1855 861 1940 plaeet;
887 1859 920 1918 et
936 1869 1029 1917 nemo
1055 1850 1174 1918 audeat
1193 1856 1245 1920 rel

116 1971 284 2051 presumat
309 1964 480 2048 pignorare
508 1962 651 2045 aliquem
675 1969 850 2045 antequam
874 1959 1050 2026 convicerit
1073 1961 1165 2025 illum
1188 1979 1245 2046 per

114 2072 294 2153 rationem,
321 2073 474 2152 quoniam
500 2071 607 2155 parati
622 2091 732 2138 snmus
757 2069 906 2135 omnibus
927 2066 1089 2150 justitiam
1114 2065 1244 2151 plenam

114 2179 235 2265 facere,
253 2189 287 2245 nt
303 2179 456 2248 iratribus
472 2189 502 2245 et
522 2181 646 2246 amicis.

115 2359 261 2426 Kivttl.
287 2359 398 2428 Nobili
415 2365 448 2426 et
471 2359 610 2428 discreto
627 2358 695 2426 viro
712 2357 867 2426 Veleinno
883 2355 1069 2444 spalatensi
1086 2353 1244 2423 Potestati

287 2474 319 2532 et
332 2465 532 2550 Tragurcnsi
551 2465 667 2532 domiti
684 2473 715 2530 et
725 2463 897 2531 Nobilibus
914 2461 1061 2548 ejusdem
1078 2462 1240 2530 Civitatis.

114 2682 252 2750 (Cartare,
266 2684 392 2734 Archivio
406 2682 560 2748 capitolare
573 2681 600 2732 di
614 2681 732 2748 spalato.
753 2681 863 2746 spalato
880 2681 955 2731 tell.
971 2677 1014 2730 73.
1028 2677 1046 2728 l.
1068 2679 1107 2728 Aa
1124 2672 1242 2742 okmdny

117 2777 194 2827 120⁴.
210 2791 281 2841 vagy
298 2773 425 2825 lton-bol
438 2773 509 2824 valo.
532 2773 605 2824 Jnda
619 2768 736 2823 Dimidn
754 2771 831 2819 1203.
855 2767 933 2819 szdnt
948 2783 1010 2834 meg
1031 2768 1141 2833 ragusii
1154 2779 1243 2816 contos

205 2863 296 2922 lenni;
320 2863 396 2912 tnoo.
409 2861 490 2926 pedig
503 2857 560 2910 mir
574 2861 685 2921 Quirino
698 2839 813 2907 Ldri'ncz
827 2872 893 2908 caen
907 2853 1022 2908 hivatalt
1035 2855 1151 2920 viselte.)

549 3138 808 3152 ...μ-...ω-ι-ι

645 3603 720 3674 191.

116 3815 159 3878 tl.
182 3813 288 3878 Eudae
298 3809 407 3896 lnetp
419 3809 521 3874 ΙΙάιιοει
531 3806 714 3892 eaztcrpamt'
725 3801 871 3870 treeknek
880 3801 1109 3887 adomdnyoszo
1123 3797 1241 3867 Gneo

536 3916 696 4000 helysdpet.
723 3913 823 3980 1206.

222 4119 259 4182 ln
276 4115 404 4182 nomine
427 4113 545 4178 Sancte
560 4108 732 4175 Trinitatis
757 4113 789 4173 et
807 4102 979 4172 Indiuidne
1002 4101 1156 4168 Unitatis.
1181 4097 1243 4163 An-

115 4227 211 4294 dreas
227 4223 292 4288 Dei
309 4221 422 4306 gracia
438 4219 623 4301 Hungaric,
641 4215 821 4300 Dalmaoie,
841 4209 1016 4290 Chroacie,
1044 4209 1154 4290 Reme,
1172 4203 1243 4269 Ser-

115 4337 176 4419 uie,
196 4330 326 4400 Galicie
344 4324 709 4417 (Lodomc)riequeltex
726 4323 974 4408 inperpetuum.
996 4315 1090 4380 Licet
1106 4311 1243 4377 adsalu-

113 4441 154 4507 tis
180 4445 212 4505 et
238 4435 428 4522 temporalis
455 4435 519 4500 uite
546 4436 737 4518 prouentum
764 4427 864 4509 Regie
889 4425 1063 4511 plurimum
1090 4415 1244 4504 expediat

114 4544 321 4618 Excellencie
331 4596 341 4630 ,
367 4542 539 4626 unicnique
556 4538 670 4605 rnerita
687 4533 1025 4623 recompensacionum
1045 4521 1242 4610 gratitudine

1026 4646 1090 4706 20*
