3164 5192
793 317 950 416 —ssa-

303 517 443 602 Imperio
471 519 585 582 nostro
610 521 778 596 tamquam
804 513 929 597 proprii
953 518 986 576 et
1011 511 1214 578 dilectissimi
1241 513 1320 596 filii,
1352 513 1441 578 sicut

305 623 532 690 amantissimo
557 630 589 688 et
614 619 892 686 desideratissimo
918 619 1006 705 patri
1030 619 1185 685 mittimus
1214 619 1441 687 misericordie

303 739 411 799 vestre
427 731 619 815 religiosum
634 730 772 797 electum
785 728 1130 811 Brundiznbercnscm,
1148 727 1276 794 fidelem
1290 733 1438 794 nostrum

304 839 521 924 presbiterum
534 837 691 919 Blasium,
712 856 777 902 una
793 855 865 900 cum
881 836 970 902 fideli
986 837 1104 902 nuncio
1119 841 1229 901 vestro
1246 834 1442 919 archipres-

304 947 408 1013 bitero
426 945 642 1028 Brundusino,
661 942 941 1010 referentesvobis
958 963 1000 1010 ex
1016 950 1111 1030 parte
1123 947 1237 1009 nostra
1255 943 1442 1025 gratiarum

307 1053 463 1137 actiones,
490 1059 525 1118 et
550 1051 727 1118 amicitiam
754 1057 786 1116 et
803 1051 972 1116 servitium
997 1051 1080 1117 sicut
1105 1053 1192 1136 patri
1217 1051 1382 1140 spirituali
1406 1057 1443 1114 et

308 1159 440 1229 Summo
466 1159 626 1227 Pontifici.
653 1157 866 1224 sanctissime
888 1165 1000 1244 pater,
1028 1158 1237 1243 significastis
1260 1158 1355 1225 nobis
1381 1177 1444 1242 per

307 1287 420 1333 sacras
436 1267 561 1332 litteras
571 1273 710 1348 vestras,
728 1265 815 1350 quod
831 1285 890 1332 nos
907 1264 1167 1349 significaremus
1181 1265 1284 1348 vobis,
1301 1263 1379 1348 quid
1395 1264 1443 1327 ab

309 1375 460 1442 Ecclesia
468 1377 617 1442 Romana
633 1380 793 1460 petamus.
812 1375 882 1438 Hoc
893 1377 1000 1438 autem
1012 1373 1093 1458 petit
1103 1374 1277 1458 lmpcrium
1294 1377 1443 1438 nostrum

310 1483 352 1548 ab
369 1482 561 1567 Apostolica
576 1479 680 1566 Sede,
709 1488 744 1546 ut
760 1501 819 1548 nos
835 1482 937 1546 simus
954 1481 987 1546 in
1004 1481 1153 1546 Ecclesia
1171 1483 1328 1561 Romana,
1356 1479 1444 1543 sicut

311 1587 426 1654 matris
451 1587 611 1653 filialitate
635 1587 764 1652 firmati.
791 1587 959 1672 Inprimis
987 1585 1126 1672 petimus
1152 1586 1194 1651 ab
1216 1585 1364 1652 Ecclesia
1380 1588 1444 1652 ltc-

312 1715 420 1778 mana,
436 1700 541 1759 matre
556 1701 688 1776 nostra,
716 1712 870 1758 coronam
886 1698 918 1757 et
933 1691 1087 1758 honorem
1113 1701 1279 1776 tamquam
1303 1691 1444 1757 dilectus

312 1804 398 1870 filius
408 1853 417 1886 ‚
444 1801 619 1867 secundum
636 1799 721 1883 quod
739 1802 958 1886 Imperatores
983 1801 1087 1865 nostri
1104 1805 1230 1865 veteres
1247 1799 1443 1864 habueruut.

315 1911 405 1977 Unus
421 1908 481 1975 suit
498 1909 631 1992 Petrus,
661 1907 744 1973 alius
761 1907 822 1973 fuit
840 1908 971 1974 Samuel
995 1917 1026 1974 et
1043 1909 1120 1990 alii,
1146 1907 1201 1991 qui
1229 1927 1286 1975 eos
1302 1908 1444 1991 Imperio

315 2024 563 2106 precesserunt,
590 2017 674 2082 sicut
690 2018 725 2082 in
741 2017 833 2082 libris
849 2019 969 2084 nostris
984 2017 1165 2082 invenimus
1187 2037 1260 2082 esse
1275 2017 1444 2102 scriptum.

316 2126 409 2192 Nunc
424 2131 552 2209 autem,
577 2125 605 2190 si
622 2123 779 2208 placitum
796 2131 845 2189 est
860 2124 1034 2190 Sanctitati
1050 2130 1158 2190 vestre
1174 2124 1270 2191 nobis
1286 2123 1374 2189 istud
1388 2123 1446 2187 im-

317 2235 426 2320 plere,
453 2231 608 2318 quicquid
623 2231 764 2316 Imperio
780 2240 891 2299 nostro
907 2231 1065 2299 duxeritis
1081 2233 1334 2317 iniungendum,
1362 2231 1447 2296 illud

318 2340 362 2405 ad
387 2339 541 2406 honorem
555 2337 618 2402 Dei
633 2345 666 2402 et
681 2337 828 2404 Ecclesia
851 2340 996 2405 Romane
1013 2339 1235 2424 complebitur.
1261 2338 1331 2404 Nec
1353 2339 1447 2403 mire-

319 2447 407 2530 mini,
433 2446 520 2529 quod
534 2447 670 2512 nuncius
687 2453 793 2513 vester
811 2445 874 2514 cito
891 2468 956 2513 non
972 2447 1086 2532 rediit,
1113 2449 1190 2532 quia
1205 2469 1264 2514 nos
1286 2447 1446 2532 suspicati

320 2555 437 2620 fuimus
454 2554 579 2636 aliquid
595 2561 708 2621 contra
724 2575 815 2639 eum,
845 2556 922 2638 quia
937 2556 1030 2621 multi
1047 2563 1202 2622 venerunt
1218 2557 1251 2621 in
1270 2557 1447 2642 Imperium

320 2669 467 2730 nostrum
482 2680 542 2727 nos
568 2660 719 2748 decipere
735 2661 935 2745 cogitantes,
962 2662 1021 2728 scd
1035 2683 1095 2729 nos
1119 2663 1161 2728 ab
1187 2663 1336 2729 omnibus
1362 2661 1447 2728 bene

321 2769 417 2837 nobis
441 2769 588 2835 novimus
615 2789 809 2854 precavere3
842 2769 901 2835 scd
916 2789 975 2837 nos
990 2791 1050 2856 pro
1066 2789 1104 2836 co
1128 2769 1347 2836 testimoninm
1363 2788 1448 2835 race-

322 2877 428 2963 pimns
444 2877 642 2960 Pretaxtati,
672 2879 752 2944 etei
768 2879 999 2962 acquievimus.
1027 2881 1147 2946 Verum
1162 2880 1191 2946 si
1210 2880 1319 2964 placet
1344 2879 1449 2960 vobis,

323 2985 528 3052 sanctissime
544 2991 655 3070 pater,
683 2986 801 3052 mittite
826 2986 922 3052 nobis
938 3005 1074 3071 magnos
1095 2986 1248 3070 nuncios,
1275 2985 1450 3069 dequibus

323 3095 417 3162 nobis
433 3113 491 3180 per
507 3101 635 3161 vestras
661 3095 787 3160 litteras
805 3096 1000 3180 intimastis,
1024 3100 1057 3160 et
1072 3095 1170 3162 istum
1192 3095 1354 3161 destinate
1378 3113 1451 3160 cum

325 3202 382 3286 eis,
400 3206 433 3266 et
447 3209 522 3268 tunc
537 3202 786 3269 certificabimus
803 3203 843 3268 de
859 3205 964 3289 prima
980 3203 1135 3270 missione
1151 3204 1273 3289 pariter
1292 3207 1325 3266 et
1340 3221 1452 3268 seeun-

325 3308 378 3374 da.
394 3309 460 3374 Det
470 3309 565 3376 vobis
580 3310 737 3378 Dominus
752 3311 873 3378 multos
888 3331 1002 3378 annos.

328 3505 439 3574 (iligna,
451 3509 603 3559 Innocentii
621 3509 674 3558 111.
687 3509 789 3562 Summi
807 3508 947 3561 Pontificis
960 3510 1050 3576 Opera
1061 3511 1083 3560 1.
1103 3510 1160 3560 kot.
1181 3510 1258 3560 1112.
1272 3509 1307 3572 l.;
1328 3510 1455 3571 Theium,

327 3597 426 3648 Vetera
447 3597 623 3649 Monumenta
644 3597 786 3650 Slavcrum
809 3599 1035 3662 Meridionalium.
1058 3597 1170 3650 Alevel
1189 3599 1337 3666 credetilag
1359 3597 1456 3668 bulgar

328 3685 443 3750 nyclven
455 3685 512 3738 volt
522 3683 590 3750 lrva,
610 3689 728 3755 mclybiil
740 3695 864 3755 gorlgre,
878 3687 906 3740 as
919 3689 1001 3741 ebbcl
1013 3689 1112 3740 latinra
1124 3687 1295 3741 fordittatott
1309 3687 1394 3755 cher
1407 3707 1455 3742 sn-

454 3775 509 3824 nalr
522 3775 589 3826 csak
603 3775 745 3830 kivonatat
758 3779 823 3830 adta
836 3778 900 3831 eon.
914 3779 986 3845 Dipl.
999 3779 1061 3832 VII.
1075 3779 1131 3831 kur.
1147 3780 1171 3831 ir.
1185 3795 1205 3828 r.
1222 3780 1280 3829 165.
1292 3779 1324 3846 l.)
