3218 5192
628 327 782 432 joa-

135 523 169 591 in
187 531 431 592 sacramentnm
456 527 531 593 fidei
547 527 825 615 adiudicavimus3
852 531 911 597 tali
934 537 1044 599 tamen
1069 531 1268 618 condicione,

134 641 172 699 ut
188 639 312 700 statuto
339 642 542 702 sacramento
565 635 641 702 fidei
666 638 700 703 in
715 643 829 704 nostra
854 640 1005 724 capella,
1031 647 1121 708 terra
1139 641 1268 727 Vayka,

136 761 237 826 qnam
255 742 318 828 ipsi
334 742 566 811 hereditariam
583 764 694 812 eorum
710 747 912 832 asserebant,
940 747 1041 814 libere
1057 749 1269 816 eisdemcum

137 871 200 916 sna
209 851 364 919 libertate
374 855 538 921 existeret.
556 852 630 932 Qua
640 853 857 942 disposicione
867 856 965 943 faeta,
986 864 1157 944 magnates
1167 858 1269 926 nostri

135 961 244 1045 Regni
261 961 303 1026 ad
319 960 587 1029 reformacicnem
604 963 706 1049 pacis,
733 971 768 1031 ut
784 963 874 1052 ipsos
891 967 1151 1052 permitteremus
1171 966 1268 1032 nimis

134 1069 324 1152 rogitarunt
333 1119 342 1152 ,
369 1069 456 1153 quod
472 1075 505 1137 ct
520 1072 751 1138 concessimus,
783 1073 904 1140 Gracia
920 1092 998 1158 ergo
1015 1075 1158 1159 ipsorum
1175 1073 1268 1140 multi

134 1177 265 1243 nobiles
282 1179 385 1245 nostri
401 1179 506 1263 Regni
523 1181 556 1246 in
573 1179 778 1265 disponendo
798 1181 1043 1268 laborauerunt‚
1059 1189 1092 1248 et
1107 1182 1197 1270 ipsos
1213 1203 1267 1268 pa-

136 1290 232 1350 catos
249 1291 444 1369 asserentes,
462 1286 521 1352 tali
537 1286 642 1371 modo,
671 1293 705 1353 ut
720 1287 826 1354 dictos
842 1289 992 1357 homines
1008 1308 1081 1356 cum
1097 1309 1159 1357 sua
1174 1289 1267 1358 liber-

136 1399 205 1457 tate
219 1392 323 1459 libere
333 1413 564 1479 permansuros
575 1394 776 1479 permitteret
793 1397 927 1463 terciam
942 1404 1069 1484 partem
1079 1397 1164 1464 dicte
1180 1405 1267 1464 terre

135 1502 264 1568 eisdenr
288 1502 472 1570 statuendo.
498 1500 640 1579 Quorum
668 1502 880 1588 disposicioni
905 1524 964 1572 nec
987 1527 1047 1572 nos
1072 1506 1266 1574 contradixi-

134 1630 229 1694 mus;
256 1610 314 1676 sed
339 1611 558 1697 precipientes
574 1609 698 1677 Mokud
714 1615 825 1678 nostro
851 1611 958 1696 fideli,
986 1611 1026 1678 de
1042 1631 1161 1697 genere
1177 1613 1266 1680 Solo-

135 1738 235 1802 mun,
261 1727 295 1785 ut
311 1718 431 1786 dietam
447 1720 581 1787 terciam
597 1725 725 1806 partem
739 1727 826 1787 terre
842 1719 1091 1806 circumquaque
1107 1723 1202 1790 metis
1217 1741 1266 1788 as·

133 1828 299 1911 signando
311 1834 468 1894 statueret
483 1830 606 1896 eisdem
624 1829 832 1914 perhenniter
842 1828 1092 1914 perdurandum.
1110 1831 1152 1896 Vt
1167 1831 1267 1914 igitur

134 1935 283 2019 ipsorum
294 1937 428 2002 libertas
439 1957 497 2024 per
512 1938 710 2003 calumniam
727 1955 881 2022 processu
892 1945 1074 2022 temporum
1088 1938 1121 2004 in
1138 1938 1263 2005 irritum

134 2045 179 2110 ab
198 2046 342 2130 ipsorum
368 2045 543 2139 heredibus
564 2055 704 2128 nequeat
729 2046 921 2130 prouocari,
948 2053 1116 2132 presentes
1140 2045 1265 2114 litteras

135 2173 197 2237 per
213 2153 392 2218 Adrianum
417 2152 600 2219 Budcnsem
616 2155 842 2238 Propositum,
869 2165 1078 2239 nostrumque
1099 2154 1265 2222 cancella-

135 2262 223 2326 rium
240 2259 374 2326 fecimus
392 2261 510 2344 scribi,
536 2270 568 2327 et
583 2261 685 2346 Regio
700 2263 904 2329 auctoritatis
929 2264 1039 2348 sigillo
1063 2263 1181 2330 muniri
1197 2282 1264 2348 pre·

134 2369 284 2455 cepimus
293 2419 302 2452 ,
328 2373 361 2434 et
376 2374 534 2452 quantum
550 2369 630 2436 iuris
647 2369 727 2437 ordo
757 2390 853 2456 super
868 2373 930 2438 hac
958 2391 992 2437 re
1008 2378 1059 2438 est
1068 2421 1077 2456 ,
1104 2370 1265 2438 adornata

133 2481 272 2545 istorum
288 2478 461 2563 presencia
485 2477 593 2544 suerat
608 2477 822 2564 interposita:
839 2479 975 2546 Macarii
1000 2479 1151 2547 videlicet
1167 2479 1264 2558 Quin-

131 2587 406 2670 qneecelcsiensis
437 2587 612 2672 Episcopi,
644 2585 782 2652 Joannis
814 2586 1065 2673 Besprimicnsis
1096 2587 1262 2673 Episcopi,

133 2694 290 2761 iiicndini
306 2693 488 2760 Jauriensis
504 2693 680 2780 Episcopi3
705 2694 829 2762 Thome
844 2695 984 2761 Palatini
1004 2695 1158 2779 Comitis,
1185 2695 1264 2762 Mok

131 2803 278 2870 Curialis
303 2802 457 2886 Comitis,
485 2802 625 2886 Dionisij
651 2803 842 2870 Bachiensis
868 2801 1024 2886 Comitis,
1053 2805 1142 2869 Esau
1169 2801 1263 2868 Biha-

133 2913 257 2977 riensis
281 2912 433 2996 Comitis,
465 2919 499 2978 et
523 2911 680 2995 aliorum,
713 2931 810 2994 quam
836 2911 976 2996 plurium
1002 2931 1067 2976 vna
1095 2909 1264 2978 nobiseum

132 3023 419 3088 commorancium.
444 3023 580 3088 Factum
597 3029 646 3088 est
672 3027 782 3087 autem
798 3021 859 3086 hoc
874 3019 1082 3106 priuilegium
1098 3037 1183 3085 anno
1200 3021 1263 3086 Do·

134 3129 254 3196 nriniee
270 3130 512 3196 lnearnacionis
538 3129 710 3196 millesimo
727 3129 904 3195 centesimo
921 3129 1141 3210 octuagesimo
1158 3133 1261 3194 sexto.

132 3239 168 3304 Si
195 3237 268 3322 quis
300 3245 409 3304 autern
433 3238 573 3305 violator
600 3238 676 3304 huic
706 3246 817 3304 nostre
847 3237 1059 3323 disposicionj
1091 3235 1261 3316 exstiterit,

132 3347 313 3412 anathema
329 3346 380 3431 sit,
398 3346 477 3412 etin
494 3365 655 3413 cameram
672 3344 796 3413 domini
811 3345 911 3429 Regis
928 3349 1055 3409 centum
1072 3341 1174 3410 libras
1189 3343 1261 3409 auri

132 3455 264 3522 soluere
282 3459 441 3520 teneatur.

131 3659 274 3729 (Eredetie
287 3653 454 3724 burhtrtytn
468 3673 485 3706 a
498 3651 608 3722 primasi
628 3653 805 3708 leveltarbau.
824 3656 919 3708 Knauc
933 3656 968 3708 M.
983 3656 1047 3708 Sion
1061 3657 1082 3706 1.
1096 3655 1152 3707 kur.
1169 3657 1227 3708 129.
1242 3655 1260 3708 1.

417 3747 450 3800 V.
464 3751 480 3798 δ
502 3744 583 3814 Fejer
595 3747 658 3798 Cod.
673 3747 744 3813 Dipl.
758 3747 795 3801 11.
808 3747 865 3800 kur.
879 3747 938 3797 228.
952 3740 982 3814 1.)
