3164 5192
619 349 676 414 191

80 536 230 605 stolorum
245 539 317 624 ejus
333 561 369 608 sc
384 542 512 608 noverit
527 543 706 611 incursum.
729 546 849 612 Datum
866 545 1019 612 Laterani
1032 548 1135 614 XVII.
1153 550 1210 614 ka·

81 646 188 713 tendas
205 647 294 733 Julii,
311 648 522 715 Pontificatus
538 651 641 717 nostri
657 671 744 718 anno
761 659 864 720 serto.

436 827 588 898 (ιιςμιιοιι
601 833 652 884 111.
667 833 723 884 ιιι,
737 835 798 884 sao.
812 833 841 901 1.)

506 1117 769 1130 -u--—

594 1686 670 1754 122.

74 1879 98 1945 A
116 1883 259 1970 spulatoc'
274 1883 432 1970 kciptalan
453 1883 667 1949 iuldccteinek
679 1936 688 1970 ,
702 1883 759 1950 tit
775 1883 919 1949 Remota
934 1885 1102 1972 indultoris,
1120 1887 1200 1978 kopp

76 2011 111 2056 aa
127 1991 268 2057 &sakkol
276 1991 458 2080 foanforpo
472 1992 735 2080 apponetienae‘qek
752 1991 928 2079 torpya'boa
945 1992 1136 2082 eijcirjanak,
1158 2001 1200 2080 je·

203 2089 206 2104 *
516 2100 634 2166 lenteae.
662 2103 758 2166 1196.

174 2297 426 2364 venerabilibus
454 2295 607 2363 fratribus
632 2299 664 2360 et
689 2293 828 2362 dominis
855 2299 892 2362 A.
922 2297 1128 2382 Primizerio,
1156 2299 1197 2364 Μ.

74 2403 215 2490 sacriste,
226 2413 260 2472 et
275 2407 401 2490 ceteris,
419 2407 457 2472 G.
470 2403 727 2470 Archidiaconus
738 2411 770 2470 et
783 2405 822 2470 G.
834 2405 1109 2492 Archipresbyter
1126 2425 1198 2471 curn

74 2513 217 2582 omnibus
234 2511 389 2580 tratribus
405 2533 530 2581 omnem
548 2511 696 2579 salutem.
717 2511 853 2579 Noverit
869 2521 979 2580 vestra
994 2511 1192 2599 fraternitas,

74 2624 222 2704 quoniam
249 2623 325 2690 lieet
349 2623 577 2710 importunitas
602 2623 757 2710 temporis
784 2643 842 2710 per
867 2623 1039 2690 multorum
1069 2623 1194 2689 dierum

72 2730 210 2816 spatium
225 2750 287 2797 nos
303 2729 477 2798 detinuerit
492 2732 526 2796 in
542 2729 658 2797 insulis
669 2728 798 2814 Jadere,
816 2737 927 2797 tamen
944 2730 1196 2816 quintodecimo

73 2837 120 2904 tio
134 2840 419 2923 transmeavimus,
446 2847 479 2906 et
495 2859 607 2908 omnes
624 2839 697 2905 sani
714 2844 746 2904 et
762 2839 875 2905 iliares
892 2837 1070 2906 marchiam
1085 2859 1194 2926 perve-

72 2947 181 3033 nimus,
199 2947 256 3015 ubi
271 2949 447 3017 honorifice
463 2950 586 3035 recepti
602 2947 731 3032 inimus,
758 2955 790 3014 et
805 2947 851 3013 ibi
868 2949 1047 3014 certissime
1071 2947 1196 3035 accepi·

72 3075 147 3140 mus,
163 3057 252 3140 quod
268 3057 373 3124 littere
390 3063 500 3125 nostre
516 3063 732 3143 prevenerunt
748 3055 1049 3141 Archiepiseopum,
1075 3061 1106 3120 et
1124 3075 1195 3119 curn

72 3162 195 3231 domino
211 3164 304 3249 Papa
320 3170 543 3250 representate
557 3163 695 3231 inerunt.
715 3163 1001 3248 Archiepiseopus,
1019 3169 1192 3247 postquam

71 3273 171 3356 uenit,
199 3272 345 3338 nondum
371 3272 431 3338 suit
455 3279 606 3358 receptus
632 3271 666 3336 in
683 3271 791 3338 Curia.
825 3271 984 3338 Dominus
1008 3271 1101 3355 Papa
1124 3286 1196 3333 oum

72 3378 225 3447 Romanis
260 3401 394 3449 concors
421 3390 488 3466 est,
516 3388 549 3447 et
575 3399 659 3446 nuno
685 3386 736 3446 est
767 3380 966 3463 Florentini,
995 3385 1028 3444 et
1054 3376 1195 3444 infesto

71 3487 176 3555 Sancti
202 3489 364 3556 Johannis
389 3489 524 3572 dicitur,
551 3487 638 3572 quod
663 3507 735 3552 oum
753 3487 842 3572 Rege
866 3486 977 3571 Sicilje
1001 3485 1098 3552 debet
1120 3484 1194 3550 insi-

72 3596 131 3661 mul
146 3616 232 3663 esse.

291 3774 445 3844 (iiisolata,
459 3791 475 3828 a
489 3775 563 3828 becci
577 3793 614 3830 es.
628 3778 656 3829 k.
669 3776 764 3828 udvari
777 3771 968 3843 lertlttrban.)

494 4061 762 4072 *—
