3218 5192
386 1159 532 1226 Adcricta
542 1162 633 1244 popo
648 1158 827 1244 megerdstts'
841 1179 863 1220 a
878 1157 1009 1241 rapiunt
1024 1155 1124 1222 esde
1140 1177 1244 1242 mepye
1267 1156 1411 1242 datdodpi
1418 1159 1516 1242 jugo·

799 1265 983 1356 modnpoit.
1003 1263 1103 1331 1158.

495 1476 659 1544 Adrianus
669 1477 852 1562 Episcopus
868 1495 983 1545 servus
998 1495 1165 1543 servorum
1179 1477 1241 1542 Dei
1257 1475 1438 1544 venerabili
1454 1477 1520 1542 fra-

387 1586 428 1650 tri
443 1586 588 1654 'Pribuno
604 1583 1038 1671 Ragoniqurchiepiscopo
1054 1583 1188 1669 eiusque
1204 1583 1449 1650 successoribus
1466 1605 1520 1650 ca·

388 1693 503 1760 nouioe
519 1693 754 1760 substituendis
770 1693 803 1758 in
818 1698 1022 1778 perpetuum.
1048 1693 1085 1758 In
1101 1691 1312 1777 Apostolioae
1333 1691 1430 1758 Sedis
1447 1711 1521 1777 spe-

388 1800 462 1867 cula
478 1801 617 1868 Domino
634 1801 828 1885 disponente
845 1799 1021 1882 constituti,
1047 1797 1165 1866 fratres
1188 1805 1316 1866 nostros
1333 1799 1521 1885 Episcopus

388 1907 536 1975 fraterna
552 1908 708 1974 debemus
724 1907 883 1972 charitate
900 1907 1057 1994 diligere,
1084 1912 1244 1974 eteorum
1260 1905 1362 1991 quieti
1377 1927 1418 1971 ac
1433 1913 1521 1972 tran-

389 2014 544 2099 quillitati
569 2015 742 2082 salubriter
759 2014 939 2082 auxiliante
954 2015 1094 2082 Domino
1113 2013 1295 2101 providere.
1319 2014 1519 2100 Eapropter,

390 2123 590 2190 venerabilis
606 2124 639 2188 in
651 2121 779 2190 Christo
795 2122 895 2190 frater
906 2123 1051 2190 Tribunc
1061 2122 1326 2208 Archicpiseope,
1342 2123 1408 2189 tuis
1424 2121 1522 2187 iustis

391 2229 666 2314 postulationibus
683 2239 812 2313 gratum
829 2230 1051 2316 impertientes
1071 2250 1251 2314 assensum,
1278 2237 1311 2295 et
1325 2228 1521 2314 praedeces·

390 2359 500 2406 sorum
515 2345 700 2406 nostrorum
725 2338 831 2405 felicis
847 2339 1024 2405 memoriae
1039 2341 1204 2422 Paparum
1223 2337 1404 2404 iunocentii
1420 2345 1521 2422 atque

390 2445 559 2512 Anastasii
574 2445 722 2530 vestigiis
739 2445 963 2530 inhaerentes,
981 2446 1163 2531 praefatam
1173 2445 1365 2530 Ecclesiam,
1382 2446 1434 2511 cui
1449 2447 1522 2513 Deo

390 2559 524 2620 auctore
534 2572 690 2638 praeesse
706 2553 919 2638 dignosceris,
942 2554 1002 2620 sub
1012 2553 1106 2619 Beati
1115 2551 1203 2618 Petri
1219 2558 1251 2618 et
1266 2557 1378 2618 nostra
1393 2558 1520 2636 protec-

390 2660 479 2727 tione
495 2659 700 2745 suscipimus,
717 2665 750 2726 et
765 2660 947 2746 praesentis
958 2658 1071 2746 scripti
1087 2657 1259 2743 privilegio
1270 2657 1518 2724 communimus.

391 2765 626 2834 Confirmamus
636 2768 696 2834 tibi
706 2767 834 2851 tuisque
843 2765 1386 2851 successoribus‚etillibatasomni
1395 2771 1520 2850 tempo-

390 2896 426 2942 re
437 2893 629 2960 permanere
639 2873 841 2942 decernimus
851 2895 963 2944 omues
973 2875 1151 2942 Parochias
1161 2873 1266 2956 adjus
1277 2871 1474 2940 commissae
1482 2873 1521 2938 ti-

389 2983 423 3050 bi
433 2983 601 3050 Ecclesiae
611 2982 828 3068 pertinentes;
846 2982 970 3049 seilicet
979 2984 1126 3068 Regnum
1135 2980 1358 3064 zachulmiae,
1369 2982 1519 3065 Regnum

389 3091 549 3158 Serviliae
564 3087 730 3178 (Serviae)
739 3140 748 3175 ,
766 3111 805 3156 ao
822 3093 969 3176 Regnum
985 3091 1183 3172 Tribuniac,
1205 3089 1370 3156 civitatem
1388 3108 1519 3172 quoque

392 3198 657 3266 Catherinensem
674 3217 731 3264 scu
747 3198 874 3281 Rosae,
900 3196 1160 3281 Buduaneusem‚
1177 3199 1370 3278 Arctorum,
1387 3193 1519 3262 Ulciua-

285 3367 289 3373 .
390 3306 585 3374 teusemsive
601 3305 852 3390 Olchiniensem‚
863 3305 1124 3390 Liciniatensem‚
1134 3303 1393 3386 scodrinensem,
1404 3301 1520 3368 Driva-

391 3415 567 3480 stiuensem
583 3421 615 3482 et
631 3416 848 3500 Polatcnscm,
865 3434 936 3484 cum
947 3415 1110 3498 notariis,
1127 3414 1286 3482 Ecclesiis
1303 3419 1335 3479 et
1349 3411 1522 3478 Perochiis

391 3521 469 3588 suis.
481 3521 656 3589 Praeterea
672 3528 730 3588 etc.
746 3522 780 3589 Si
796 3541 861 3606 qua
877 3522 977 3608 igitur
991 3521 1026 3586 in
1043 3522 1184 3590 futurum
1198 3521 1355 3604 Ecclesia,
1373 3519 1521 3586 saecula·

390 3629 477 3694 risve
494 3646 636 3712 persona
650 3629 734 3696 hanc
749 3634 880 3696 nostrae
896 3627 1136 3696 constitutionis
1151 3628 1307 3713 paginam
1323 3625 1430 3693 sciens
1446 3645 1521 3692 cuu-

391 3743 444 3802 tra
453 3752 525 3800 eam
535 3739 655 3799 temere
664 3735 773 3802 venire
789 3737 970 3820 tentaverit,
981 3735 1135 3820 secundo,
1147 3735 1291 3802 terciove
1312 3734 1521 3818 commonito,

391 3842 501 3908 sinon
517 3839 740 3908 satisfactione
763 3863 907 3928 congrua
923 3843 1153 3927 emendaverit,
1178 3841 1350 3927 potestatis
1374 3841 1522 3908 honoris-

391 3969 454 4035 que
470 3946 521 4015 sni
538 3947 697 4032 dignitate
713 3957 843 4035 careat,
869 3970 1022 4035 reamque
1038 3971 1073 4016 se
1091 3950 1210 4017 Divino
1234 3949 1355 4016 iudicio
1378 3949 1521 4016 existere

392 4057 432 4122 de
447 4059 637 4141 perpetrata
660 4056 832 4141 iniquitate
856 4063 1032 4143 cognoscat
1047 4063 1106 4123 etc.
1133 4057 1266 4123 Cunctis
1288 4061 1396 4122 autem
1414 4057 1522 4124 eidem

391 4163 463 4229 loco
479 4183 540 4228 sua
555 4163 628 4230 iura
653 4162 858 4230 servantibus
875 4164 917 4230 sit
932 4185 998 4250 pax
1015 4165 1146 4231 Domini
1172 4164 1276 4232 nostri
1291 4163 1372 4230 Jesu
1399 4163 1523 4232 Christi

392 4277 552 4355 quatenus
567 4276 627 4337 etc.

606 4449 677 4534 Ego
692 4447 856 4517 Adrianus
874 4449 1062 4519 Catholicae
1077 4451 1246 4518 Ecclesiae
1262 4452 1448 4537 Episcopus
1465 4455 1521 4518 ss.

605 4557 675 4642 Ego
693 4559 864 4626 Hubaldus
881 4565 941 4627 etc.
