3238 5184
870 901 948 968 ael.

347 1083 620 1163 Ouadulonnoa,
635 1084 769 1170 rayrsaoi
782 1081 1120 1150 lakoadabirtoleoenok
1137 1081 1353 1168 adprendelele.
1372 1081 1473 1147 1234.

453 1283 489 1346 ln
505 1283 633 1348 nomine
650 1281 780 1348 Domini
805 1281 907 1346 nostri
923 1279 1003 1344 Jesu
1021 1279 1141 1345 Christi
1167 1281 1281 1345 Amen.
1308 1279 1401 1345 Anno
1419 1281 1473 1342 ln-

221 1453 225 1466 ,
348 1389 547 1457 carnationis
574 1388 718 1475 eJuedem
745 1389 874 1456 Domini
904 1379 1013 1455 1234ss
1033 1407 1142 1455 mense
1167 1388 1332 1454 Peernarii
1358 1388 1412 1454 die
1438 1389 1473 1451 4.

346 1505 493 1565 exeunte.
511 1497 673 1577 Quoniam
689 1515 846 1582 praesens
861 1496 1044 1562 mortalium
1061 1497 1128 1562 vita
1144 1495 1345 1562 decurrentis
1362 1513 1472 1578 aquae

345 1627 434 1672 more
459 1605 605 1691 qnotidie
620 1606 751 1687 labitur,
778 1611 810 1670 et
830 1603 1000 1688 unicuique
1017 1606 1169 1691 propriae
1198 1603 1308 1668 mortis
1328 1604 1472 1668 ineertns

346 1721 395 1780 est
412 1714 491 1798 dies,
502 1775 505 1790 ,
517 1735 556 1780 ae
573 1714 702 1797 ignorat
718 1721 823 1779 utrum
850 1712 1014 1796 memoria,
1042 1733 1084 1778 an
1100 1713 1169 1777 sine
1188 1712 1340 1777 memoria
1365 1710 1470 1776 obitu-

346 1841 400 1888 rus
417 1822 470 1888 sit.
487 1822 611 1888 ideireo
636 1841 698 1904 ego
714 1820 858 1887 Joannes
882 1818 967 1884 filius
984 1817 1156 1884 Michaelis
1176 1817 1347 1884 Gundulae
1372 1819 1405 1882 in
1422 1819 1471 1882 in-

344 1929 497 1996 firmitate
522 1929 666 2016 eorporis
692 1928 828 2013 positus,
855 1933 963 1992 tamen
989 1945 1073 1993 sana
1098 1933 1131 1990 et
1147 1925 1233 1994 bona
1260 1935 1364 1992 mente
1381 1945 1468 2009 mea,

345 2058 410 2104 una
436 2057 507 2104 cum
534 2055 634 2104 uxore
651 2055 723 2103 mea
749 2035 956 2101 Dobroslasa
981 2035 1048 2100 lilia
1072 2035 1176 2100 Mauri
1201 2035 1350 2116 blunane,
1376 2033 1467 2116 dato,

344 2148 470 2213 firmato
491 2144 650 2212 internos
677 2163 839 2211 eonsensu
861 2161 920 2228 per
937 2141 1012 2209 fidei
1036 2149 1282 2226 saoramentum,
1312 2141 1353 2207 de
1369 2145 1473 2208 omni-

346 2255 405 2320 bus
421 2254 524 2320 rebus
540 2253 658 2320 uostris
675 2251 847 2320 mobilibus
864 2261 896 2318 et
911 2251 1141 2335 immobilibus,
1158 2269 1268 2318 eoram
1285 2249 1381 2316 nobis
1398 2251 1473 2316 sub-

343 2361 476 2447 seriptis
492 2361 630 2427 testibus
645 2359 705 2425 hoo
720 2365 948 2428 testamentum
958 2367 1101 2427 nostrum
1119 2359 1257 2444 primum
1275 2366 1307 2424 et
1322 2359 1472 2424 ultimum

345 2469 482 2536 lenimus
507 2475 623 2553 ratum,
650 2476 683 2536 et
708 2469 896 2537 inviolabile
922 2470 954 2536 in
978 2475 1178 2555 perpetuum,
1207 2475 1244 2534 ut
1268 2475 1471 2564 permaneat,

345 2575 416 2642 sine
441 2577 649 2662 quaestione,
678 2583 711 2642 et
735 2577 947 2663 querimonia,
972 2577 1090 2659 quiete.
1124 2574 1218 2655 Quod
1241 2576 1472 2642 oommittimns

349 2683 513 2772 lipitropis
531 2684 660 2771 nostris,
677 2684 804 2752 scilieet
819 2686 1014 2768 Presbytero
1030 2685 1126 2770 Sabe,
1140 2684 1234 2771 ‘patri
1251 2689 1361 2752 nostro
1378 2683 1472 2770 spiri-

346 2791 427 2861 tuali
444 2792 560 2860 diebus
579 2793 658 2878 suis,
686 2800 719 2858 et
734 2793 829 2860 Valio
852 2794 963 2879 nepoti
979 2813 1062 2879 meo,
1084 2801 1116 2859 et
1140 2792 1335 2860 haeredibus
1361 2791 1472 2858 fratria

346 2894 418 2989 mei,
445 2908 603 2970 eteorum
618 2901 814 2971 haeredibus
840 2903 873 2968 in
890 2909 1091 2989 perpetuum,
1108 2910 1141 2970 et
1165 2902 1351 2969 Grubessae
1377 2900 1471 2968 fratri

348 3029 429 3095 meo,
446 3018 478 3076 et
494 3009 687 3078 haeredibus
705 3011 794 3096 suis,
820 3019 980 3080 eteorum
997 3011 1192 3080 haeredibus
1219 3013 1470 3098 inperpetuum,

348 3127 380 3186 et
394 3119 589 3203 Presbytero
605 3119 698 3186 hiliae
714 3117 852 3187 Joannis
869 3119 1001 3187 Viviani
1017 3117 1130 3186 diebus
1146 3120 1226 3205 suis,
1247 3127 1282 3185 ul
1293 3118 1326 3183 in
1342 3119 1414 3186 loeo
1431 3118 1472 3183 de

348 3225 488 3314 propriis
504 3227 623 3294 nostris
639 3227 790 3314 personis
801 3227 944 3294 habeant
959 3229 1089 3314 plenam
1106 3229 1267 3311 virtutem,
1283 3235 1314 3294 et
1329 3233 1473 3313 potesta.

349 3341 414 3400 tem
438 3331 593 3422 laoiendi,
619 3332 719 3400 dandi
735 3341 768 3400 et
783 3334 956 3401 ordinandi
981 3335 1071 3418 illud,
1097 3337 1181 3403 sieut
1196 3333 1387 3420 sublegitur,
1413 3357 1472 3420 pro

351 3441 492 3508 remedio
509 3450 542 3509 et
558 3443 663 3512 salute
679 3443 860 3509 animarum
877 3449 1070 3529 nostrarum,
1088 3453 1120 3510 et
1135 3452 1329 3513 monueram
1351 3453 1473 3512 nostro-

352 3569 433 3616 urm.
455 3551 612 3619 Volumus
635 3558 754 3639 autem,
781 3559 817 3619 ut
831 3573 891 3640 pro
908 3553 1053 3640 primitia
1068 3553 1146 3620 dent
1169 3573 1338 3642 perperum
1361 3573 1469 3638 unum,

347 3665 380 3724 et
389 3658 566 3726 seeundum
575 3661 791 3744 quantitatem
806 3671 988 3729 nostrarum
997 3681 1186 3729 nausearum
1197 3663 1374 3748 mobilium,
1392 3662 1470 3728 dent

351 3773 461 3832 ustam
477 3767 654 3856 deeimern;
680 3771 815 3838 tirmiter
830 3779 949 3858 autem,
974 3777 1006 3836 et
1028 3770 1219 3839 inviolabile
1248 3771 1406 3857 solumne,
1435 3778 1470 3837 ut

347 3878 589 3966 Monasterium,
615 3879 702 3964 quod
717 3901 791 3948 oum
818 3881 938 3949 uostris
955 3879 1098 3947 denariis
1114 3881 1148 3947 in
1163 3882 1245 3966 loeo,
1261 3881 1317 3967 qui
1333 3889 1468 3948 vooatur

347 3985 473 4072 Brelas,
493 3989 731 4057 eonstmximus
747 3989 791 4056 ad
807 3991 961 4058 honorem
976 3989 1086 4056 Saneli
1102 3991 1217 4058 Jaoobi
1228 3991 1386 4077 Apostoli,
1403 4009 1472 4076 per·

347 4097 521 4181 petuallter
548 4098 590 4164 sit
606 4099 666 4165 sub
695 4099 893 4186 preteetione
918 4099 1040 4166 domini
1056 4098 1165 4185 Papae
1182 4101 1349 4167 Romanae
1364 4097 1472 4165 Euole-

346 4205 427 4290 slae,
444 4213 476 4272 et
491 4207 524 4271 in
539 4207 627 4274 illius
643 4208 687 4275 sit
702 4213 863 4294 potestate
873 4213 970 4292 atque
987 4205 1118 4291 ditione,
1139 4207 1222 4273 sient
1239 4209 1420 4276 oontlnelur
1436 4207 1469 4273 in

352 4312 523 4400 privilegio
547 4312 634 4381 laeto
649 4334 670 4380 a
687 4315 817 4382 domino
830 4315 972 4382 Honorio
989 4315 1180 4399 dignissimo
1196 4318 1289 4401 Papa
1303 4317 1471 4381 Romanae

348 4421 537 4510 lleelesiae;
555 4431 586 4490 et
602 4424 686 4491 siout
702 4423 884 4492 eontinetor
899 4425 933 4490 in
949 4431 1039 4490 earta
1055 4423 1178 4491 donnini
1189 4423 1327 4509 leontii,
1344 4422 1467 4490 domini

347 4529 459 4616 Papae
474 4531 681 4610 Subdiaooni,
698 4538 730 4596 et
747 4530 929 4620 Capeliani,
948 4531 1042 4599 Sedis
1059 4530 1269 4621 Apostolieae
1280 4531 1415 4616 Legati,
1433 4537 1467 4596 et

346 4639 521 4723 sieutiruno
539 4643 681 4706 trenetur
707 4639 740 4704 in
756 4645 857 4723 earta,
884 4659 980 4723 quam
996 4640 1171 4724 Presbyter
1186 4637 1347 4706 (letaldus
1363 4637 1465 4704 Notar
