3200 5182
570 339 728 439 *aaa*

70 535 176 600 nibns
192 536 321 617 vestris,
347 539 416 600 tam
432 534 545 618 paruis
561 553 658 618 quam
674 542 707 600 ct
723 534 863 618 magnis,
880 534 1031 602 decenter
1049 538 1213 623 apparati,

72 643 160 708 dum
175 643 328 709 nuncium
352 639 395 706 ad
412 660 471 706 ros
487 641 682 724 miserimus,
705 649 820 708 contra
835 642 1032 709 Domaldum
1047 641 1214 710 inimicum

72 751 182 834 Regis
209 750 357 835 protinus
381 747 415 812 in
442 747 599 813 auxilium
614 755 759 816 nostrum
783 749 971 816 occurratis.
998 748 1212 819 arderatus

73 857 229 922 eiusdem
245 855 399 924 Domaldi
423 853 524 920 nichil
547 854 581 920 in
599 861 740 923 vostram
767 856 952 924 custodiam
975 857 1120 943 recipere
1143 879 1214 943 pre-

73 964 229 1028 sumatis.

220 1123 349 1188 (Carrara
361 1123 488 1187 Farenca,
502 1123 629 1175 Archivio
644 1125 800 1192 capitolare
813 1126 840 1176 di
853 1126 974 1192 Spalato.
991 1128 1033 1177 ¹13.
1047 1127 1077 1194 1.)

517 1413 782 1428 Ἣ

611 1909 689 1978 acl.

81 2093 128 2157 11.
141 2091 249 2158 Badra
264 2091 372 2178 airoty
388 2114 410 2155 a
420 2090 540 2158 Geram
552 2087 681 2153 melletti
690 2112 731 2151 az.
742 2087 888 2154 benedeki
897 2089 1212 2178 apdtsdpnakjobbd·

266 2201 358 2288 pyait
374 2197 743 2283 odmkedoazmdoyekbeu
758 2199 906 2261 resarciti.
931 2199 1029 2262 1229.

192 2398 232 2463 A.
249 2397 311 2461 Dei
328 2395 442 2482 gracia
457 2397 527 2461 Rex
543 2393 712 2476 Huugarie
735 2395 894 2479 omuibus,
921 2395 965 2460 ad
981 2413 1061 2478 quos
1077 2413 1212 2481 presens

84 2505 242 2589 scriptum
259 2507 442 2590 peruenerit
458 2506 597 2571 salutem
613 2511 645 2568 et
660 2523 753 2568 omne
769 2503 898 2569 bonum.
921 2504 973 2570 Ad
990 2504 1213 2571 uniuersorum

82 2613 240 2681 noticiam
266 2613 415 2678 volumus
431 2612 611 2698 peruenire,
640 2611 725 2695 quod
741 2632 801 2678 nos
817 2611 882 2697 piis
901 2620 1145 2680 antecessorum
1161 2634 1213 2678 no-

83 2727 225 2785 strornm
250 2717 397 2801 vestigiis
425 2723 522 2802 atque
548 2715 679 2782 statutis
705 2715 852 2782 inherere
871 2718 1048 2804 cupientes,
1074 2721 1242 2814 populos,

83 2827 231 2892 Ecclesia
245 2834 353 2892 nostre
369 2825 413 2891 de
427 2827 515 2892 Grou
532 2825 565 2889 in
582 2823 662 2890 uilla
677 2824 824 2891 Wduord
841 2825 1042 2910 constitutos,
1068 2827 1111 2890 ab
1127 2827 1213 2892 omni

82 2933 216 3016 tributo,
242 2933 329 3018 quod
345 2933 378 2999 in
394 2933 469 3017 ipsa
496 2933 610 2998 eadem
634 2931 715 2996 uilla
731 2931 887 2998 deberent
909 2935 1046 3015 soluere,
1064 2933 1212 2999 liberaui·

82 3062 167 3108 mus.
184 3037 235 3106 Ita
250 3049 370 3126 tamen,
387 3040 474 3123 quod
489 3039 523 3104 in
540 3039 614 3105 aliis
629 3039 720 3124 locis,
739 3039 795 3104 nbi
805 3038 928 3105 tributa
943 3040 1107 3123 exigenda
1127 3049 1211 3124 sunt,

83 3147 253 3214 dimidiam
279 3147 474 3233 particulam
499 3147 693 3212 tributorum
722 3145 924 3214 solummodo
949 3147 1145 3231 persoluant
1172 3149 1213 3213 Et

84 3261 121 3322 nt
136 3254 233 3320 huius
249 3254 297 3319 rei
312 3254 414 3320 series
431 3255 529 3320 nullis
540 3275 682 3338 unquam
697 3253 894 3340 temporibus
915 3255 1017 3341 possit
1032 3257 1212 3338 retractari,

84 3368 271 3448 presentem
288 3362 445 3448 paginam
472 3363 574 3447 sigilli
591 3363 692 3430 nostri
710 3363 885 3429 munimine
901 3385 961 3448 per
976 3383 1090 3429 manus
1110 3362 1213 3430 Buloh

83 3471 160 3537 aule
177 3476 286 3536 nostre
303 3469 500 3556 Cancellarij
518 3471 770 3556 Geuriensisque
786 3473 947 3558 Prepositi
972 3470 1107 3537 fecimus
1123 3471 1213 3540 robo-

83 3579 162 3643 rari.
179 3580 272 3644 Anno
289 3579 456 3645 Dominice
473 3579 717 3647 incarnacionis
734 3582 778 3645 Μο
789 3580 940 3646 CC⁰XX⁰
951 3581 1056 3647 Vissl?

241 3777 290 3840 (Aa
304 3777 404 3828 enodati
418 3775 501 3840 utin3
521 3779 623 3842 hana,
640 3781 757 3846 Magyar
768 3781 832 3833 Sicu
845 3781 881 3833 11.
895 3783 951 3834 kct.
966 3783 1026 3832 28⁷.
1040 3779 1070 3845 l.)
