3202 5190
633 321 788 422 32:⁹³..

135 514 215 580 lere.
242 515 435 601 Eaproptcr,
464 515 581 582 dilecte
598 517 631 581 in
649 517 788 584 Domino
805 515 916 598 irater,
934 517 1001 584 tuis
1014 516 1112 601 justia
1127 517 1269 604 postula-

133 621 279 688 tionibus
295 627 425 706 gratum
443 624 644 707 praebentes
662 644 844 708 assensum,
861 609 1043 690 Ecclesiam
1054 626 1165 692 Sancti
1182 626 1269 692 Petri

135 729 177 795 de
195 729 377 814 Buhniano,
395 749 479 814 quae
490 731 660 797 voluntate
677 739 709 797 et
723 751 861 799 assensu
873 730 1080 799 fundatorum
1091 733 1171 817 ejus,
1192 752 1268 816 quo·

134 857 208 902 rum
224 837 358 904 nomina
373 837 508 903 interius
526 839 650 924 scripta
666 845 761 920 sunt,
785 838 845 906 tihi
861 845 893 904 et
908 845 963 905 tuo
981 841 1178 908 monasterio
1195 860 1267 907 cum

135 935 291 1011 omnihus'
305 945 374 1012 suis
390 944 594 1030 pertinentiis
610 947 780 1032 subposita
801 953 832 1013 et
847 947 969 1014 tradita
984 954 1045 1032 est,
1072 949 1267 1015 auctoritate

135 1051 402 1144 nostradamus,
429 1059 461 1118 et
476 1054 724 1138 confirmamus,
750 1060 931 1122 statuentes
954 1056 1136 1140 praesentis
1152 1055 1266 1142 scripti

136 1159 309 1242 firmitate,
336 1165 371 1224 ut
386 1160 466 1226 nulli
482 1160 612 1227 omnino
630 1161 795 1228 hominum
811 1162 852 1227 de
868 1162 1039 1248 praedicta
1055 1162 1204 1230 Ecclesia
1220 1168 1263 1246 te,

135 1267 190 1332 rcl
205 1267 312 1352 ipsum
329 1267 572 1350 monasterium,
591 1276 624 1334 et
639 1288 845 1336 successores
862 1275 935 1336 tuos
952 1270 1064 1354 aliqua
1079 1270 1263 1354 dolositate,

132 1375 188 1439 rel
203 1375 358 1440 uiolentia
372 1375 471 1442 liceat
480 1377 680 1461 perturbare,
697 1377 880 1460 molestare,
899 1377 950 1443 rel
966 1378 1161 1464 inquietare.
1186 1378 1262 1456 Qui·
1390 1369 1396 1376 ’

134 1500 273 1563 cumque
289 1481 388 1566 igitur
398 1481 495 1548 fuerit
510 1482 568 1548 ille
584 1483 814 1569 cuiuscumque
837 1485 961 1551 ordinis
981 1505 1040 1551 seu
1056 1485 1262 1569 conditionis,

133 1591 192 1674 qni
218 1590 419 1676 praedictum
451 1590 683 1657 monasterium
709 1591 820 1657 Sancti
844 1593 998 1657 Damiani
1022 1593 1063 1658 dc
1093 1592 1263 1679 praedicta

134 1697 294 1782 Ecclesia,
312 1705 344 1763 et
359 1697 508 1764 omnibns
523 1700 591 1765 suis
608 1699 823 1784 pertinentiis,
848 1708 880 1766 et
895 1707 969 1767 tuos
986 1718 1114 1783 quoque
1136 1719 1261 1767 succes

135 1824 228 1872 sores
251 1804 393 1889 fatigare
418 1807 694 1892 praesumpserit,
719 1807 837 1874 iratum
865 1807 986 1872 habeat
1001 1809 1106 1874 Deum
1129 1807 1261 1874 Patrem

133 1912 416 1999 omnipotentem,
443 1920 475 1980 ct
499 1915 611 1981 Jesum
631 1915 795 1982 Christum
810 1916 912 1982 filium
936 1917 1017 2000 ejus,
1042 1935 1083 1981 ac
1105 1915 1260 2001 Spiritum

133 2023 289 2089 Sanctum
306 2022 349 2088 ah
366 2029 502 2106 utroque
519 2023 764 2108 procedentem
792 2025 1072 2092 conservatoribus
1092 2031 1201 2091 autern
1217 2024 1260 2090 sit

132 2149 201 2214 pax
227 2129 358 2196 Domini
382 2130 485 2196 nostri
511 2130 590 2197 Jesu
616 2130 756 2217 Christi,
783 2139 816 2198 et
831 2133 901 2199 vita
926 2132 1092 2218 potiantur
1115 2137 1257 2198 aeterna.

131 2237 223 2302 llaec
239 2237 349 2303 omnia
363 2257 423 2324 per
447 2259 507 2306 nos
524 2245 648 2304 statuta
663 2247 696 2304 et
712 2241 874 2326 completa
900 2247 975 2306 sunt
998 2239 1174 2305 traditione
1190 2241 1258 2305 Slo·

130 2344 241 2410 uiniae
257 2345 315 2412 dlii
331 2346 461 2430 Borioii,
479 2353 511 2413 et
527 2349 692 2414 Grubesse
709 2347 819 2414 fratris
836 2349 915 2434 ejus,
934 2349 1113 2415 Radoslavi
1129 2355 1161 2414 et
1176 2349 1258 2412 Dra-

129 2451 261 2536 goslavi
277 2453 415 2520 illiorum
431 2454 609 2538 Stephani,
630 2453 737 2518 Yracc
753 2454 882 2520 Binboli
908 2455 965 2520 filii
981 2455 1114 2522 Tolliasi
1123 2505 1132 2540 ,
1149 2455 1258 2539 Jurgii

130 2559 191 2624 lilii
206 2559 365 2642 Rcdosci,
390 2561 505 2627 Nicule
520 2570 554 2627 et
568 2562 741 2628 Prodaniai
757 2563 895 2628 liliorum
912 2563 1072 2631 Dominici
1089 2561 1257 2630 Gussikio·

128 2687 212 2750 rum,
230 2669 418 2752 praedictae
434 2669 602 2735 Ecclesiae
617 2669 843 2756 fundatorum
861 2670 1088 2754 praesentibus
1101 2671 1207 2755 Mirgo
1224 2679 1256 2736 ct

128 2775 343 2859 Desaidrago,
360 2777 528 2860 Stojanno,
541 2778 702 2860 Ncgosso,
715 2779 911 2860 Dragovano
927 2777 1146 2864 preshyteris;
1165 2779 1254 2862 Day-

129 2907 195 2972 mo,
209 2883 446 2967 Mogorovilrio,
463 2885 609 2968 Tattaro,
622 2882 856 2970 Ohleunanino,
869 2884 1097 2967 choudimero,
1115 2883 1255 2967 aniclo,

130 2995 277 3060 Juttroao
294 2999 354 3058 cto.
372 2991 502 3077 Scripta
513 2997 587 3057 sunt
597 2990 677 3058 haec
688 2993 797 3058 omnia
807 2999 839 3056 et
855 2991 1134 3058 firmataallitale
1144 2991 1255 3058 Sancti

126 3102 216 3167 Petri
233 3101 361 3167 Veteris
377 3101 521 3166 Flebano
538 3107 570 3166 et
585 3101 754 3166 Jadertino
771 3100 917 3183 Notario,
934 3099 1017 3166 festo
1028 3101 1140 3165 Sancti
1155 3100 1254 3165 Benc-

126 3207 208 3275 dicti
224 3206 381 3290 Abbatis,
409 3227 493 3292 quae
509 3213 558 3272 est
574 3207 649 3272 Xll.
667 3207 828 3272 kalendas
846 3205 980 3291 Aprilia,
1001 3226 1086 3273 anno
1104 3207 1253 3273 lucarna-

125 3316 227 3382 tlonis
244 3316 376 3381 Domini
402 3315 505 3380 nostri
521 3313 600 3379 Jesu
625 3313 744 3379 Christi
773 3315 879 3397 raca,
905 3314 1083 3381 Indictione
1108 3314 1252 3396 decima;

125 3435 274 3508 tempore
289 3421 411 3487 domini
428 3421 606 3486 Innocentii
618 3424 729 3506 Papae
745 3422 841 3504 tertii,
859 3429 1016 3504 regnante
1032 3441 1108 3489 vero
1120 3421 1251 3487 Andrca

127 3533 216 3599 tertii
233 3530 443 3615 Belacllcgis
460 3531 536 3613 tilio,
555 3529 732 3613 Ungarlae,
745 3532 940 3615 Dalmatiae,
957 3530 1107 3597 Oroatiae
1119 3533 1252 3614 Romae,

127 3641 328 3723 Serviaequc
344 3641 433 3722 Rege
448 3637 595 3704 feliciter.

127 3841 244 3906 (l'arlati
257 3840 397 3904 Illyricum
411 3837 522 3889 Sam-um
535 3836 582 3887 IV.
596 3836 652 3886 hut.
670 3838 710 3890 13.
725 3837 742 3888 l.
756 3837 774 3888 l.
786 3855 792 3899 ;
806 3836 887 3904 Eejer
900 3853 966 3889 enen
979 3836 1097 3904 okmainy
1110 3836 1252 3890 kironatdt

411 3926 974 3991 mmwmmmmm

560 4221 821 4238 ψ*
