3238 5184
655 845 734 913 315.

128 1041 177 1108 II.
196 1040 495 1127 1311111111111911110
511 1043 760 1130 adomdnyleoclc
777 1047 976 1112 Iardlceomes
991 1051 1146 1112 aadmdra
1163 1048 1260 1114 1231.

240 1241 389 1307 Andreas
415 1239 478 1306 Dei
503 1241 618 1324 gracia
632 1241 702 1306 Rex
725 1240 894 1328 Hungarie
917 1244 1086 1330 omnibus,
1112 1245 1156 1311 ad
1181 1265 1261 1331 quos

131 1348 240 1414 littere
255 1355 421 1434 presentes
436 1348 635 1435 peuenerint,
654 1348 793 1414 salutem
809 1356 840 1416 et
856 1371 951 1417 omne
968 1353 1098 1419 bonurn.
1124 1354 1177 1420 Ad
1193 1355 1260 1422 uni·

131 1476 302 1521 uersorum
327 1463 394 1521 tam
417 1457 621 1540 presencium
647 1478 744 1542 quam
768 1458 947 1525 futurorum
972 1462 1126 1528 noticiam
1151 1470 1263 1531 tenore

131 1565 339 1651 presencium
363 1565 512 1632 uolumus
538 1567 702 1652 peuenire,
732 1567 817 1652 quod
834 1566 953 1633 dilecto
981 1575 1013 1634 11
1038 1570 1127 1636 fideli
1151 1577 1262 1636 nostro

132 1671 244 1736 Ysaac
261 1670 378 1739 (inmiti
394 1695 454 1758 pro
478 1673 710 1758 multiplicibus
728 1684 761 1740 et
777 1675 927 1741 fidelibus
943 1675 1012 1742 suis
1023 1677 1180 1760 seruiciis,
1201 1698 1263 1760 que

132 1779 230 1845 nobis
246 1800 267 1844 a
282 1779 426 1866 puericie
451 1798 509 1845 sue
534 1780 735 1865 temporibus
752 1781 891 1848 fideliter
916 1787 949 1848 01
965 1779 1082 1850 deuote
1106 1783 1263 1866 exhibuit,

132 1897 255 1956 terrum
271 1887 440 1956 cuiusdam
456 1889 543 1955 serui
559 1890 671 1976 nostri,
699 1893 754 1974 qui
771 1892 869 1976 uulgo
891 1891 1009 1957 dicitur
1023 1891 1169 1958 burhodo
1185 1891 1261 1955 Her·

132 2017 214 2081 cego
241 1997 380 2080 nomine,
407 1995 447 2060 de
472 1997 552 2062 uilla
568 1997 719 2082 Zamard,
745 1999 888 2082 quisine
912 1999 1031 2065 herede
1055 1997 1205 2080 decessit,
1233 2004 1265 2062 et

133 2104 286 2188 cognatis
310 2104 423 2188 caruit,
450 2104 483 2169 iu
510 2103 673 2171 Comitutu
700 2105 906 2191 Sumugiensi
932 2108 1029 2172 sitam
1055 2114 1088 2172 11
1113 2105 1262 2186 liberam,

135 2232 236 2298 super
251 2232 316 2296 qua
331 2212 437 2296 ipsum
455 2213 563 2279 uullus
579 2215 725 2300 legitime
741 2212 917 2280 molestare
932 2217 1070 2299 poterut,
1091 2211 1134 2278 ad
1151 2211 1266 2296 viginti

138 2321 203 2387 duo
220 2319 345 2406 iugera,
360 2340 432 2387 cum
447 2322 551 2388 trihus
568 2323 683 2408 uineis,
709 2343 846 2407 quarum
862 2321 926 2388 due
943 2323 1003 2388 site
1019 2327 1093 2388 sunt
1109 2321 1143 2386 in
1159 2326 1266 2387 monte

134 2429 230 2494 iuxta
257 2427 371 2493 uineas
390 2428 553 2514 Nicbolay
570 2429 705 2496 Comitis
723 2429 833 2498 fratris
851 2429 975 2514 Vgrini,
1002 2429 1104 2495 tercia
1129 2447 1205 2493 uero
1233 2427 1267 2492 in

134 2537 228 2602 ualle
245 2534 308 2601 sita
324 2543 383 2619 est,
410 2557 511 2622 prope
527 2537 639 2603 uillam
655 2537 818 2622 Zamard;
845 2537 907 2605 sibi
925 2545 958 2604 et
973 2559 1031 2623 per
1055 2558 1127 2604 eum
1144 2535 1268 2602 heredi·

135 2646 197 2710 bus
214 2642 434 2725 heredumque
450 2665 580 2710 suorum
599 2646 850 2726 successoribus,
875 2646 945 2710 iure
962 2651 1117 2731 perpetuo
1134 2642 1269 2710 contuli-

136 2772 209 2818 mus
227 2750 467 2837 possidendam.
494 2753 538 2816 Vt
553 2751 653 2837 igitur
668 2752 728 2818 hec
744 2772 765 2817 a
780 2752 874 2820 nobis
896 2751 985 2816 iacta
1008 2749 1145 2817 donacio
1170 2748 1268 2814 nullis

137 2878 292 2942 umquam
308 2859 509 2944 temporibus
526 2859 636 2926 ualeat
653 2859 833 2942 retractari,
852 2858 904 2923 uel
921 2858 955 2923 in
967 2857 1092 2923 irritum
1108 2855 1267 2939 reuocari,

138 2967 199 3035 sed
216 2986 346 3053 semper
362 2968 457 3032 salua
473 2974 505 3032 et
524 2967 718 3033 inconcussa
728 2971 927 3053 permaneat,
939 2969 1123 3050 presentem
1142 2981 1271 3029 conoes-

138 3075 242 3142 simos
258 3074 415 3160 pagiuam
426 3072 588 3160 dupplicis
604 3073 704 3157 sigilli
725 3072 827 3139 nostri
840 3070 1014 3137 munimine
1032 3071 1270 3156 inperpetuum

139 3183 337 3250 roboratum.
356 3181 476 3247 Datum
493 3201 578 3248 anno
595 3181 686 3246 uerbi
702 3181 873 3264 incarnutj.
900 3181 945 3244 Μο
956 3177 1141 3254 (1130111111ἱ
1156 3177 1269 3262 primo.

140 3290 246 3375 Regni
262 3296 370 3356 autem
385 3289 486 3356 nostri
502 3310 588 3356 anno
605 3289 681 3354 XX⁰
692 3289 779 3355 Vlll.

330 3505 380 3570 (Aa
395 3507 494 3558 cradeti
507 3502 572 3557 utsin
587 3522 603 3555 a
616 3505 705 3557 Huzai
719 3503 889 3570 Olrma‘nyts'rr
901 3503 922 3554 I.
936 3505 992 3554 not.
1009 3504 1050 3553 10.
1064 3502 1093 3566 l.)

585 3809 837 3823 -n-a-—n--fl-u-

195 4739 299 4784 11011111.
315 4743 397 4784 sono.
414 4746 482 4782 nrsr.
502 4754 539 4764 -
559 4741 630 4778 1111..
651 4723 682 4772 11,
