3218 5192
651 876 705 945 72.

107 1044 229 1112 (iollae
243 1042 382 1132 spelatoi
403 1039 490 1107 eraclo
499 1041 716 1127 papsdpdaek
731 1041 836 1105 tadtal
851 1041 939 1128 adja,
956 1043 1035 1128 kopp
1051 1041 1239 1130 ieqkuzelebb

372 1151 566 1236 sze'klelpdbe
584 1151 685 1214 vissae
694 1149 758 1236 sep
775 1152 866 1214 terni.
888 1155 905 1215 i
911 1153 985 1216 172.

218 1311 416 1400 G(crardus)
441 1312 504 1377 Dei
535 1312 642 1393 gratia
668 1313 809 1378 Sanctae
837 1313 1048 1381 Salonitanae
1073 1315 1241 1380 Ecclesiae

108 1421 244 1488 humilis
267 1423 432 1504 Minister,
459 1427 491 1486 et
515 1419 725 1505 Apostolicae
752 1419 848 1485 Sedis
874 1422 1037 1504 Legatus,
1069 1421 1105 1486 L.
1131 1421 1241 1488 drobi-

106 1530 313 1615 presbytero,
330 1527 528 1610 Primicerio,
555 1547 696 1594 necnon
712 1527 895 1610 Sacristae,
922 1529 1055 1612 Walgot
1069 1529 1240 1614 Acolytbo,

107 1637 326 1721 universoque
343 1633 438 1702 Olcro
455 1634 643 1720 Spalatensi
669 1634 830 1716 salutem,
855 1641 888 1698 et
903 1637 1068 1702 orationes
1084 1637 1117 1701 in
1133 1637 1241 1704 Domi·
1326 1643 1328 1648 ’

107 1767 162 1812 no.
180 1745 219 1810 Iu
235 1745 413 1809 intrinseca
429 1741 643 1826 confidentia,
671 1749 703 1807 et
719 1763 801 1828 pura
822 1742 1014 1826 dilectione,
1042 1765 1139 1827 quam
1155 1744 1241 1808 circa

106 1875 169 1920 vos
187 1854 346 1919 hactenus
363 1851 546 1935 babuimus,
564 1857 597 1916 et
613 1873 634 1916 a
650 1851 745 1918 modo
758 1851 880 1918 babere
896 1873 1076 1938 speramus,
1097 1873 1161 1918 non
1178 1875 1241 1919 mo·

109 1962 186 2028 dica
204 1960 329 2045 jugiter
354 1959 570 2024 admiratione
594 1963 750 2040 tenemur,
779 1977 879 2040 quare
904 1960 1021 2026 vestris
1045 1960 1159 2026 litteris
1183 1980 1242 2045 pcr

108 2069 247 2136 nuncios
272 2067 354 2134 istos
370 2088 435 2132 non
460 2065 579 2131 fuimus
596 2065 729 2130 visitati.
756 2064 872 2131 Comes
895 2067 1013 2131 etenim
1030 2088 1102 2132 cum
1119 2068 1240 2151 populo

106 2177 228 2243 litteris
244 2181 276 2240 et
290 2175 367 2240 viva
383 2193 462 2240 voce
477 2173 580 2238 verba
605 2171 768 2255 quaedam
785 2173 990 2256 significavit,
1018 2175 1165 2240 volentes
1181 2193 1240 2241 nos

107 2285 152 2350 ad
169 2283 306 2369 propria
322 2289 494 2366 utcumque
508 2283 636 2348 reverti.
654 2281 724 2347 Nos
741 2281 890 2346 nimirum
902 2283 1084 2348 Ecclesiam
1097 2291 1239 2349 nostram

106 2392 264 2478 injuriam
281 2392 426 2474 aliquam
442 2391 569 2475 perpeti
585 2409 793 2472 nequaquam
804 2389 960 2473 volentes,
980 2391 1073 2456 vobis
1090 2389 1239 2456 iutimare

106 2520 262 2566 curemus
272 2551 281 2583 ,
312 2499 436 2566 domini
452 2499 605 2564 videlicet
620 2497 733 2582 Papae
750 2503 782 2562 et
798 2497 1013 2564 cardinalium
1030 2499 1165 2566 consilio
1182 2503 1240 2566 tali

106 2618 223 2676 tenore
240 2607 426 2694 adquiesse,
445 2607 531 2692 qnod
542 2607 764 2692 praesentium
774 2607 896 2674 latores
914 2608 957 2672 ad
973 2609 1107 2694 propria
1124 2609 1243 2675 debent

105 2719 240 2801 reverti,
257 2725 291 2782 et
306 2715 424 2785 Comes
440 2737 512 2782 cum
529 2717 680 2783 universo
697 2716 820 2801 populo
838 2737 858 2780 a
874 2716 992 2800 majori
1008 2737 1110 2800 usque
1127 2716 1169 2783 ad
1186 2717 1240 2782 mi-

105 2845 233 2909 norem,
250 2832 382 2912 praeter
397 2825 581 2889 manualem
598 2823 695 2890 fidem
707 2826 779 2908 jam
796 2823 916 2908 datam,
940 2825 1128 2909 juramenta
1144 2845 1241 2908 super

106 2937 227 2998 sancta
242 2930 425 3015 Evangelia
442 2931 538 2997 solito
556 2950 645 2997 more
663 2930 781 2996 debent
796 2930 924 3015 lacere,
945 2933 1006 2998 boc
1023 2931 1137 3014 modo;
1154 2932 1241 3015 qued

105 3041 175 3125 ipsi
191 3042 280 3107 bona
294 3039 379 3122 fide,
405 3047 438 3104 et
453 3039 524 3103 sine
541 3039 651 3122 aliquo
669 3041 756 3106 malo
784 3039 915 3122 ingenio
932 3041 1106 3107 defendant
1122 3061 1191 3122 noe,
1210 3047 1242 3105 et

106 3147 223 3215 omnia
238 3153 370 3228 nostra,
398 3153 430 3211 ct
446 3145 591 3226 aliquam
620 3145 773 3227 injuriam
790 3145 916 3229 perpeti
933 3167 991 3228 pro
1017 3167 1127 3212 eorum
1144 3169 1241 3227 posse

105 3277 174 3323 non
192 3255 401 3340 permittant,
428 3272 487 3318 nec
504 3257 625 3335 cogant
640 3273 710 3333 nos,
729 3269 788 3316 nee
804 3251 876 3334 cogi
902 3250 1011 3346 sinant
1028 3251 1069 3315 ad
1087 3249 1241 3316 Constan-

108 3362 368 3449 tinopolitanum
385 3359 629 3445 imperatorem,
659 3363 716 3422 aut
732 3358 821 3422 alibi.
845 3355 968 3435 Quibus
980 3355 1174 3439 juramentis
1190 3377 1242 3422 ex-

107 3473 226 3539 hibitis
242 3475 440 3556 praeparent
458 3486 575 3534 navem
593 3473 847 3552 competentem,
875 3465 1036 3548 saginam,
1054 3465 1106 3530 vel
1122 3465 1222 3530 aliam
1233 3488 1251 3548 ς.

107 3589 140 3646 et
157 3597 355 3660 eamusque
372 3577 511 3644 bestiam
522 3575 651 3657 ducant,
668 3574 701 3639 in
718 3594 783 3657 qua
801 3593 870 3657 nos,
892 3577 923 3637 et
939 3572 1048 3640 omnia
1063 3578 1174 3640 nostra
1189 3574 1242 3640 bo·

106 3687 244 3756 noriiice
261 3686 394 3752 valeant
409 3685 594 3769 deportare.
621 3682 690 3749 Nos
707 3682 817 3764 utiquc
834 3681 1030 3766 inpartibus
1054 3681 1120 3746 illis
1140 3700 1243 3764 usque

108 3795 153 3862 ad
170 3793 337 3861 kalendas
353 3791 504 3858 Januarii
520 3791 662 3858 Domino
688 3788 885 3857 concedente
901 3789 1020 3855 erimus
1042 3789 1241 3875 praeparati.

107 3903 208 3983 Quod
224 3902 252 3969 si
269 3901 399 3967 effectui
427 3899 610 3984 mancipari
627 3919 689 3965 non
706 3898 834 3983 poterit,
863 3895 1065 3978 adnitamini,
1083 3901 1118 3960 ut
1134 3917 1193 3963 nos
1210 3896 1242 3960 in

107 4010 203 4076 curia
230 4013 469 4075 commorantes
495 4007 616 4074 nostris
633 4005 790 4072 reditibus
805 4003 968 4090 possimus
989 4003 1133 4086 visitari,
1160 4002 1243 4068 adeo

71 4117 73 4122 ’
108 4119 199 4184 enim
213 4115 458 4198 laboravimus,
487 4113 573 4199 quod
588 4113 752 4196 universa,
777 4131 861 4196 quae
877 4111 1043 4178 nobiscum
1061 4110 1244 4194 apportavi-

108 4244 193 4308 mus,
211 4227 396 4310 peramant
411 4221 795 4288 nibilbaberevidemus.
816 4219 981 4285 Timemus
998 4217 1094 4299 onim,
1114 4215 1243 4298 quodsi

104 4334 180 4420 jam
197 4331 290 4397 dicta
305 4329 490 4396 executioni
515 4327 673 4394 mandata
688 4348 754 4395 non
769 4327 907 4412 fuerint,
933 4323 1055 4393 domini
1070 4325 1183 4408 Papae
1199 4322 1244 4388 in-

111 4437 266 4523 dignatio
285 4450 458 4522 supervos
473 4455 539 4503 non
559 4433 761 4500 extendatur.

474 4575 625 4645 (Ugyanott
637 4579 688 4629 111.
702 4578 758 4630 kbt.
779 4580 838 4628 193.
856 4577 887 4644 l.)

545 4703 811 4715 m
