<?xml version="1.0" encoding="UTF-8"?>
<!DOCTYPE html PUBLIC "-//W3C//DTD XHTML 1.0 Transitional//EN"
    "http://www.w3.org/TR/xhtml1/DTD/xhtml1-transitional.dtd">
<html xmlns="http://www.w3.org/1999/xhtml" xml:lang="en" lang="en">
 <head>
  <title>
</title>
<meta http-equiv="Content-Type" content="text/html;charset=utf-8" />
  <meta name='ocr-system' content='tesseract 3.04.00' />
  <meta name='ocr-capabilities' content='ocr_page ocr_carea ocr_par ocr_line ocrx_word'/>
</head>
<body>
  <div class='ocr_page' id='page_1' title='image "./codexdiplomatic05wenzgoog_0256.png"; bbox 0 0 3164 5192; ppageno 0'>
   <div class='ocr_carea' id='block_1_1' title="bbox 850 381 1006 482">
    <p class='ocr_par' dir='ltr' id='par_1_1' title="bbox 850 381 1006 482">
     <span class='ocr_line' id='line_1_1' title="bbox 850 381 1006 482; baseline -0.006 0"><span class='ocrx_word' id='word_1_1' title='bbox 850 381 1006 482; x_wconf 53' lang='lat' dir='ltr'><strong>...eu</strong></span> 
     </span>
    </p>
   </div>
   <div class='ocr_carea' id='block_1_2' title="bbox 360 577 1499 2712">
    <p class='ocr_par' dir='ltr' id='par_1_2' title="bbox 360 577 1495 2174">
     <span class='ocr_line' id='line_1_2' title="bbox 363 577 1491 668; baseline -0.001 -21"><span class='ocrx_word' id='word_1_2' title='bbox 363 581 448 650; x_wconf 90' lang='lat' dir='ltr'><strong>cium</strong></span> <span class='ocrx_word' id='word_1_3' title='bbox 463 583 631 667; x_wconf 82' lang='lat' dir='ltr'><strong>Rugusiue</strong></span> <span class='ocrx_word' id='word_1_4' title='bbox 647 602 706 668; x_wconf 95' lang='lat' dir='ltr'><strong>pro</strong></span> <span class='ocrx_word' id='word_1_5' title='bbox 723 577 894 648; x_wconf 79' lang='lat' dir='ltr'><strong>Communi</strong></span> <span class='ocrx_word' id='word_1_6' title='bbox 912 579 1059 666; x_wconf 86' lang='lat' dir='ltr'><strong>ejusdem</strong></span> <span class='ocrx_word' id='word_1_7' title='bbox 1075 578 1218 648; x_wconf 84' lang='lat' dir='ltr'><strong>civitatis</strong></span> <span class='ocrx_word' id='word_1_8' title='bbox 1235 598 1274 645; x_wconf 84' lang='lat' dir='ltr'><strong>ex</strong></span> <span class='ocrx_word' id='word_1_9' title='bbox 1291 580 1408 647; x_wconf 85' lang='lat' dir='ltr'><strong>altera.</strong></span> <span class='ocrx_word' id='word_1_10' title='bbox 1433 581 1491 646; x_wconf 92' lang='lat' dir='ltr'><strong>Im·</strong></span> 
     </span>
     <span class='ocr_line' id='line_1_3' title="bbox 362 687 1492 777; baseline -0.003 -21"><span class='ocrx_word' id='word_1_11' title='bbox 362 690 477 776; x_wconf 85' lang='lat' dir='ltr'><strong>primis</strong></span> <span class='ocrx_word' id='word_1_12' title='bbox 496 691 655 777; x_wconf 76' lang='lat' dir='ltr'><strong>Jurabunt</strong></span> <span class='ocrx_word' id='word_1_13' title='bbox 682 711 796 776; x_wconf 86' lang='lat' dir='ltr'><strong>paoem</strong></span> <span class='ocrx_word' id='word_1_14' title='bbox 814 687 941 758; x_wconf 87' lang='lat' dir='ltr'><strong>firmam</strong></span> <span class='ocrx_word' id='word_1_15' title='bbox 959 697 1089 772; x_wconf 89' lang='lat' dir='ltr'><strong>tenere;</strong></span> <span class='ocrx_word' id='word_1_16' title='bbox 1120 697 1151 754; x_wconf 87' lang='lat' dir='ltr'><strong>et</strong></span> <span class='ocrx_word' id='word_1_17' title='bbox 1167 709 1232 756; x_wconf 92' lang='lat' dir='ltr'><strong>non</strong></span> <span class='ocrx_word' id='word_1_18' title='bbox 1252 707 1436 772; x_wconf 76' lang='lat' dir='ltr'><strong>removere3</strong></span> <span class='ocrx_word' id='word_1_19' title='bbox 1462 695 1492 754; x_wconf 89' lang='lat' dir='ltr'><strong>et</strong></span> 
     </span>
     <span class='ocr_line' id='line_1_4' title="bbox 360 795 1490 884; baseline -0.006 -18"><span class='ocrx_word' id='word_1_20' title='bbox 360 799 516 884; x_wconf 85' lang='lat' dir='ltr'><strong>jurabunt</strong></span> <span class='ocrx_word' id='word_1_21' title='bbox 529 798 723 868; x_wconf 82' lang='lat' dir='ltr'><strong>Aneonitani</strong></span> <span class='ocrx_word' id='word_1_22' title='bbox 739 798 936 882; x_wconf 85' lang='lat' dir='ltr'><strong>Ragusinos,</strong></span> <span class='ocrx_word' id='word_1_23' title='bbox 954 805 985 864; x_wconf 92' lang='lat' dir='ltr'><strong>et</strong></span> <span class='ocrx_word' id='word_1_24' title='bbox 1002 817 1055 863; x_wconf 87' lang='lat' dir='ltr'><strong>reo</strong></span> <span class='ocrx_word' id='word_1_25' title='bbox 1073 817 1192 882; x_wconf 89' lang='lat' dir='ltr'><strong>eorum,</strong></span> <span class='ocrx_word' id='word_1_26' title='bbox 1209 797 1242 862; x_wconf 92' lang='lat' dir='ltr'><strong>in</strong></span> <span class='ocrx_word' id='word_1_27' title='bbox 1258 797 1393 865; x_wconf 83' lang='lat' dir='ltr'><strong>Aneona</strong></span> <span class='ocrx_word' id='word_1_28' title='bbox 1412 801 1443 860; x_wconf 88' lang='lat' dir='ltr'><strong>et</strong></span> <span class='ocrx_word' id='word_1_29' title='bbox 1460 795 1490 860; x_wconf 90' lang='lat' dir='ltr'><strong>in</strong></span> 
     </span>
     <span class='ocr_line' id='line_1_5' title="bbox 365 905 1492 994; baseline -0.005 -20"><span class='ocrx_word' id='word_1_30' title='bbox 365 913 435 976; x_wconf 85' lang='lat' dir='ltr'><strong>toto</strong></span> <span class='ocrx_word' id='word_1_31' title='bbox 451 909 868 994; x_wconf 83' lang='lat' dir='ltr'><strong>eorumiortia,oa1vareet</strong></span> <span class='ocrx_word' id='word_1_32' title='bbox 884 905 1059 974; x_wconf 82' lang='lat' dir='ltr'><strong>defendere</strong></span> <span class='ocrx_word' id='word_1_33' title='bbox 1069 907 1156 974; x_wconf 87' lang='lat' dir='ltr'><strong>bona</strong></span> <span class='ocrx_word' id='word_1_34' title='bbox 1169 906 1230 972; x_wconf 89' lang='lat' dir='ltr'><strong>tide</strong></span> <span class='ocrx_word' id='word_1_35' title='bbox 1246 912 1278 972; x_wconf 89' lang='lat' dir='ltr'><strong>et</strong></span> <span class='ocrx_word' id='word_1_36' title='bbox 1288 908 1357 973; x_wconf 90' lang='lat' dir='ltr'><strong>sine</strong></span> <span class='ocrx_word' id='word_1_37' title='bbox 1368 905 1492 972; x_wconf 83' lang='lat' dir='ltr'><strong>fraude.</strong></span> 
     </span>
     <span class='ocr_line' id='line_1_6' title="bbox 366 1012 1493 1100; baseline -0.004 -18"><span class='ocrx_word' id='word_1_38' title='bbox 366 1016 524 1100; x_wconf 83' lang='lat' dir='ltr'><strong>Ragusini</strong></span> <span class='ocrx_word' id='word_1_39' title='bbox 550 1017 611 1083; x_wconf 90' lang='lat' dir='ltr'><strong>hoe</strong></span> <span class='ocrx_word' id='word_1_40' title='bbox 636 1016 722 1082; x_wconf 90' lang='lat' dir='ltr'><strong>idem</strong></span> <span class='ocrx_word' id='word_1_41' title='bbox 735 1015 892 1099; x_wconf 87' lang='lat' dir='ltr'><strong>jurabunt</strong></span> <span class='ocrx_word' id='word_1_42' title='bbox 918 1014 1093 1081; x_wconf 87' lang='lat' dir='ltr'><strong>observare</strong></span> <span class='ocrx_word' id='word_1_43' title='bbox 1110 1021 1141 1079; x_wconf 89' lang='lat' dir='ltr'><strong>ot</strong></span> <span class='ocrx_word' id='word_1_44' title='bbox 1166 1012 1283 1080; x_wconf 84' lang='lat' dir='ltr'><strong>faeere.</strong></span> <span class='ocrx_word' id='word_1_45' title='bbox 1308 1014 1348 1078; x_wconf 77' lang='lat' dir='ltr'><strong>st</strong></span> <span class='ocrx_word' id='word_1_46' title='bbox 1369 1013 1398 1080; x_wconf 89' lang='lat' dir='ltr'><strong>si</strong></span> <span class='ocrx_word' id='word_1_47' title='bbox 1424 1012 1493 1096; x_wconf 87' lang='lat' dir='ltr'><strong>quis</strong></span> 
     </span>
     <span class='ocr_line' id='line_1_7' title="bbox 368 1121 1493 1208; baseline -0.002 -20"><span class='ocrx_word' id='word_1_48' title='bbox 368 1123 593 1190; x_wconf 72' lang='lat' dir='ltr'><strong>Anconitanus</strong></span> <span class='ocrx_word' id='word_1_49' title='bbox 609 1123 788 1190; x_wconf 83' lang='lat' dir='ltr'><strong>offenderet</strong></span> <span class='ocrx_word' id='word_1_50' title='bbox 803 1123 945 1205; x_wconf 82' lang='lat' dir='ltr'>aliquem</span> <span class='ocrx_word' id='word_1_51' title='bbox 960 1121 1182 1208; x_wconf 82' lang='lat' dir='ltr'><strong>Ragesiaunm</strong></span> <span class='ocrx_word' id='word_1_52' title='bbox 1196 1173 1204 1205; x_wconf 94' lang='lat'><strong><em>,</em></strong></span> <span class='ocrx_word' id='word_1_53' title='bbox 1219 1143 1284 1190; x_wconf 90' lang='lat' dir='ltr'><strong>non</strong></span> <span class='ocrx_word' id='word_1_54' title='bbox 1300 1122 1421 1188; x_wconf 89' lang='lat' dir='ltr'><strong>debent</strong></span> <span class='ocrx_word' id='word_1_55' title='bbox 1437 1123 1493 1187; x_wconf 80' lang='lat' dir='ltr'><strong>lia·</strong></span> 
     </span>
     <span class='ocr_line' id='line_1_8' title="bbox 368 1229 1494 1316; baseline -0.003 -20"><span class='ocrx_word' id='word_1_56' title='bbox 368 1231 500 1316; x_wconf 80' lang='lat' dir='ltr'><strong>gusiani</strong></span> <span class='ocrx_word' id='word_1_57' title='bbox 526 1232 667 1316; x_wconf 86' lang='lat' dir='ltr'>aliquem</span> <span class='ocrx_word' id='word_1_58' title='bbox 685 1231 959 1298; x_wconf 80' lang='lat' dir='ltr'><strong>Aneonitenerum</strong></span> <span class='ocrx_word' id='word_1_59' title='bbox 986 1229 1142 1315; x_wconf 89' lang='lat' dir='ltr'><strong>impedire</strong></span> <span class='ocrx_word' id='word_1_60' title='bbox 1159 1231 1211 1296; x_wconf 83' lang='lat' dir='ltr'><strong>rel</strong></span> <span class='ocrx_word' id='word_1_61' title='bbox 1227 1229 1411 1313; x_wconf 85' lang='lat' dir='ltr'><strong>offendere;</strong></span> <span class='ocrx_word' id='word_1_62' title='bbox 1438 1229 1494 1294; x_wconf 88' lang='lat' dir='ltr'><strong>sed</strong></span> 
     </span>
     <span class='ocr_line' id='line_1_9' title="bbox 371 1337 1492 1424; baseline -0.002 -20"><span class='ocrx_word' id='word_1_63' title='bbox 371 1338 490 1404; x_wconf 88' lang='lat' dir='ltr'><strong>debeat</strong></span> <span class='ocrx_word' id='word_1_64' title='bbox 504 1339 569 1422; x_wconf 90' lang='lat' dir='ltr'><strong>ille,</strong></span> <span class='ocrx_word' id='word_1_65' title='bbox 587 1341 637 1404; x_wconf 90' lang='lat' dir='ltr'><strong>eui</strong></span> <span class='ocrx_word' id='word_1_66' title='bbox 649 1340 701 1405; x_wconf 88' lang='lat' dir='ltr'><strong>fiet</strong></span> <span class='ocrx_word' id='word_1_67' title='bbox 712 1339 800 1405; x_wconf 84' lang='lat' dir='ltr'><strong>faeta</strong></span> <span class='ocrx_word' id='word_1_68' title='bbox 815 1337 961 1424; x_wconf 84' lang='lat' dir='ltr'><strong>offensio,</strong></span> <span class='ocrx_word' id='word_1_69' title='bbox 978 1339 1088 1405; x_wconf 86' lang='lat' dir='ltr'><strong>venire</strong></span> <span class='ocrx_word' id='word_1_70' title='bbox 1098 1338 1131 1404; x_wconf 91' lang='lat' dir='ltr'><strong>in</strong></span> <span class='ocrx_word' id='word_1_71' title='bbox 1148 1339 1209 1405; x_wconf 90' lang='lat' dir='ltr'><strong>hae</strong></span> <span class='ocrx_word' id='word_1_72' title='bbox 1220 1337 1369 1422; x_wconf 84' lang='lat' dir='ltr'><strong>eivitate;</strong></span> <span class='ocrx_word' id='word_1_73' title='bbox 1388 1343 1420 1402; x_wconf 86' lang='lat' dir='ltr'><strong>et</strong></span> <span class='ocrx_word' id='word_1_74' title='bbox 1436 1337 1492 1418; x_wconf 91' lang='lat' dir='ltr'><strong>illi,</strong></span> 
     </span>
     <span class='ocr_line' id='line_1_10' title="bbox 370 1444 1494 1532; baseline -0.002 -20"><span class='ocrx_word' id='word_1_75' title='bbox 370 1447 424 1531; x_wconf 90' lang='lat' dir='ltr'><strong>qui</strong></span> <span class='ocrx_word' id='word_1_76' title='bbox 442 1466 501 1532; x_wconf 92' lang='lat' dir='ltr'><strong>pro</strong></span> <span class='ocrx_word' id='word_1_77' title='bbox 527 1452 672 1532; x_wconf 87' lang='lat' dir='ltr'><strong>tempore</strong></span> <span class='ocrx_word' id='word_1_78' title='bbox 699 1445 863 1514; x_wconf 87' lang='lat' dir='ltr'><strong>habebunt</strong></span> <span class='ocrx_word' id='word_1_79' title='bbox 889 1445 1033 1530; x_wconf 83' lang='lat' dir='ltr'><strong>regimen</strong></span> <span class='ocrx_word' id='word_1_80' title='bbox 1049 1445 1144 1530; x_wconf 89' lang='lat' dir='ltr'><strong>hnjus</strong></span> <span class='ocrx_word' id='word_1_81' title='bbox 1168 1444 1328 1528; x_wconf 78' lang='lat' dir='ltr'><strong>civitatis,</strong></span> <span class='ocrx_word' id='word_1_82' title='bbox 1356 1444 1494 1510; x_wconf 87' lang='lat' dir='ltr'><strong>debeant</strong></span> 
     </span>
     <span class='ocr_line' id='line_1_11' title="bbox 370 1552 1493 1637; baseline -0.003 -19"><span class='ocrx_word' id='word_1_83' title='bbox 370 1553 400 1618; x_wconf 83' lang='lat' dir='ltr'><strong>oi</strong></span> <span class='ocrx_word' id='word_1_84' title='bbox 416 1552 525 1620; x_wconf 86' lang='lat' dir='ltr'><strong>faeere</strong></span> <span class='ocrx_word' id='word_1_85' title='bbox 540 1553 610 1620; x_wconf 89' lang='lat' dir='ltr'><strong>fieri</strong></span> <span class='ocrx_word' id='word_1_86' title='bbox 627 1552 785 1621; x_wconf 82' lang='lat' dir='ltr'><strong>rationem</strong></span> <span class='ocrx_word' id='word_1_87' title='bbox 812 1552 898 1619; x_wconf 89' lang='lat' dir='ltr'><strong>intra</strong></span> <span class='ocrx_word' id='word_1_88' title='bbox 924 1553 1020 1618; x_wconf 88' lang='lat' dir='ltr'><strong>XXX</strong></span> <span class='ocrx_word' id='word_1_89' title='bbox 1037 1552 1128 1636; x_wconf 86' lang='lat' dir='ltr'><strong>dies,</strong></span> <span class='ocrx_word' id='word_1_90' title='bbox 1155 1553 1218 1618; x_wconf 86' lang='lat' dir='ltr'><strong>nisi</strong></span> <span class='ocrx_word' id='word_1_91' title='bbox 1234 1552 1426 1620; x_wconf 77' lang='lat' dir='ltr'><strong>remanserit</strong></span> <span class='ocrx_word' id='word_1_92' title='bbox 1442 1571 1493 1637; x_wconf 83' lang='lat' dir='ltr'><strong>pa-</strong></span> 
     </span>
     <span class='ocr_line' id='line_1_12' title="bbox 370 1657 1493 1743; baseline -0.002 -19"><span class='ocrx_word' id='word_1_93' title='bbox 370 1657 485 1727; x_wconf 85' lang='lat' dir='ltr'><strong>rabole</strong></span> <span class='ocrx_word' id='word_1_94' title='bbox 500 1660 629 1728; x_wconf 86' lang='lat' dir='ltr'><strong>autoris.</strong></span> <span class='ocrx_word' id='word_1_95' title='bbox 657 1659 727 1726; x_wconf 84' lang='lat' dir='ltr'><strong>lioe</strong></span> <span class='ocrx_word' id='word_1_96' title='bbox 743 1660 827 1726; x_wconf 89' lang='lat' dir='ltr'><strong>idem</strong></span> <span class='ocrx_word' id='word_1_97' title='bbox 845 1660 1026 1743; x_wconf 78' lang='lat' dir='ltr'><strong>uagusiani</strong></span> <span class='ocrx_word' id='word_1_98' title='bbox 1052 1660 1192 1726; x_wconf 89' lang='lat' dir='ltr'><strong>debeant</strong></span> <span class='ocrx_word' id='word_1_99' title='bbox 1208 1658 1316 1725; x_wconf 82' lang='lat' dir='ltr'><strong>faeere</strong></span> <span class='ocrx_word' id='word_1_100' title='bbox 1339 1667 1371 1726; x_wconf 89' lang='lat' dir='ltr'><strong>et</strong></span> <span class='ocrx_word' id='word_1_101' title='bbox 1389 1659 1493 1726; x_wconf 87' lang='lat' dir='ltr'><strong>obser-</strong></span> 
     </span>
     <span class='ocr_line' id='line_1_13' title="bbox 371 1767 1494 1854; baseline -0.001 -22"><span class='ocrx_word' id='word_1_102' title='bbox 371 1787 449 1834; x_wconf 83' lang='lat' dir='ltr'><strong>vare</strong></span> <span class='ocrx_word' id='word_1_103' title='bbox 467 1787 507 1832; x_wconf 83' lang='lat' dir='ltr'><strong>ex</strong></span> <span class='ocrx_word' id='word_1_104' title='bbox 532 1788 643 1834; x_wconf 87' lang='lat' dir='ltr'><strong>eorem</strong></span> <span class='ocrx_word' id='word_1_105' title='bbox 660 1777 761 1854; x_wconf 87' lang='lat' dir='ltr'><strong>parte.</strong></span> <span class='ocrx_word' id='word_1_106' title='bbox 789 1769 831 1834; x_wconf 79' lang='lat' dir='ltr'><strong>et</strong></span> <span class='ocrx_word' id='word_1_107' title='bbox 846 1769 875 1835; x_wconf 89' lang='lat' dir='ltr'><strong>si</strong></span> <span class='ocrx_word' id='word_1_108' title='bbox 891 1768 969 1853; x_wconf 89' lang='lat' dir='ltr'><strong>quid</strong></span> <span class='ocrx_word' id='word_1_109' title='bbox 985 1768 1144 1854; x_wconf 79' lang='lat' dir='ltr'><strong>placuerit</strong></span> <span class='ocrx_word' id='word_1_110' title='bbox 1169 1787 1329 1835; x_wconf 90' lang='lat' dir='ltr'><strong>eonsensu</strong></span> <span class='ocrx_word' id='word_1_111' title='bbox 1356 1767 1494 1854; x_wconf 86' lang='lat' dir='ltr'><strong>partium</strong></span> 
     </span>
     <span class='ocr_line' id='line_1_14' title="bbox 373 1873 1494 1958; baseline -0.003 -18"><span class='ocrx_word' id='word_1_112' title='bbox 373 1873 450 1940; x_wconf 80' lang='lat' dir='ltr'><strong>addi</strong></span> <span class='ocrx_word' id='word_1_113' title='bbox 466 1876 517 1940; x_wconf 86' lang='lat' dir='ltr'><strong>rei</strong></span> <span class='ocrx_word' id='word_1_114' title='bbox 534 1875 689 1954; x_wconf 90' lang='lat' dir='ltr'><strong>diminui,</strong></span> <span class='ocrx_word' id='word_1_115' title='bbox 717 1875 756 1940; x_wconf 90' lang='lat' dir='ltr'><strong>de</strong></span> <span class='ocrx_word' id='word_1_116' title='bbox 774 1875 943 1942; x_wconf 88' lang='lat' dir='ltr'><strong>additione</strong></span> <span class='ocrx_word' id='word_1_117' title='bbox 968 1881 1155 1958; x_wconf 84' lang='lat' dir='ltr'><strong>teneantur,</strong></span> <span class='ocrx_word' id='word_1_118' title='bbox 1183 1874 1270 1942; x_wconf 88' lang='lat' dir='ltr'><strong>etde</strong></span> <span class='ocrx_word' id='word_1_119' title='bbox 1287 1873 1494 1940; x_wconf 85' lang='lat' dir='ltr'><strong>diminutione</strong></span> 
     </span>
     <span class='ocr_line' id='line_1_15' title="bbox 374 1980 1495 2068; baseline -0.003 -22"><span class='ocrx_word' id='word_1_120' title='bbox 374 1980 439 2046; x_wconf 85' lang='lat' dir='ltr'><strong>sint</strong></span> <span class='ocrx_word' id='word_1_121' title='bbox 455 1981 607 2050; x_wconf 84' lang='lat' dir='ltr'><strong>absoluti.</strong></span> <span class='ocrx_word' id='word_1_122' title='bbox 632 1982 672 2046; x_wconf 84' lang='lat' dir='ltr'><strong>Et</strong></span> <span class='ocrx_word' id='word_1_123' title='bbox 689 1981 770 2048; x_wconf 86' lang='lat' dir='ltr'><strong>haee</strong></span> <span class='ocrx_word' id='word_1_124' title='bbox 787 1981 896 2050; x_wconf 85' lang='lat' dir='ltr'><strong>omniu</strong></span> <span class='ocrx_word' id='word_1_125' title='bbox 912 1981 945 2048; x_wconf 92' lang='lat' dir='ltr'><strong>in</strong></span> <span class='ocrx_word' id='word_1_126' title='bbox 962 1987 1151 2068; x_wconf 85' lang='lat' dir='ltr'><strong>perpetuum</strong></span> <span class='ocrx_word' id='word_1_127' title='bbox 1169 1981 1287 2048; x_wconf 89' lang='lat' dir='ltr'><strong>debent</strong></span> <span class='ocrx_word' id='word_1_128' title='bbox 1303 1981 1346 2046; x_wconf 87' lang='lat' dir='ltr'><strong>ab</strong></span> <span class='ocrx_word' id='word_1_129' title='bbox 1363 1987 1495 2062; x_wconf 86' lang='lat' dir='ltr'><strong>utraque</strong></span> 
     </span>
     <span class='ocr_line' id='line_1_16' title="bbox 374 2087 664 2174; baseline -0.01 -19"><span class='ocrx_word' id='word_1_130' title='bbox 374 2093 467 2174; x_wconf 86' lang='lat' dir='ltr'><strong>porte</strong></span> <span class='ocrx_word' id='word_1_131' title='bbox 488 2087 664 2154; x_wconf 85' lang='lat' dir='ltr'><strong>observari.</strong></span> 
     </span>
    </p>

    <p class='ocr_par' dir='ltr' id='par_1_3' title="bbox 376 2194 1499 2712">
     <span class='ocr_line' id='line_1_17' title="bbox 483 2194 1494 2282; baseline 0 -23"><span class='ocrx_word' id='word_1_132' title='bbox 483 2195 524 2259; x_wconf 78' lang='lat' dir='ltr'><strong>ut</strong></span> <span class='ocrx_word' id='word_1_133' title='bbox 540 2196 620 2262; x_wconf 84' lang='lat' dir='ltr'><strong>haee</strong></span> <span class='ocrx_word' id='word_1_134' title='bbox 633 2196 742 2262; x_wconf 87' lang='lat' dir='ltr'><strong>omnio</strong></span> <span class='ocrx_word' id='word_1_135' title='bbox 753 2197 910 2282; x_wconf 83' lang='lat' dir='ltr'><strong>jurabunt</strong></span> <span class='ocrx_word' id='word_1_136' title='bbox 927 2197 1102 2263; x_wconf 85' lang='lat' dir='ltr'><strong>observare</strong></span> <span class='ocrx_word' id='word_1_137' title='bbox 1112 2199 1197 2265; x_wconf 89' lang='lat' dir='ltr'><strong>bona</strong></span> <span class='ocrx_word' id='word_1_138' title='bbox 1213 2196 1275 2262; x_wconf 89' lang='lat' dir='ltr'><strong>fide</strong></span> <span class='ocrx_word' id='word_1_139' title='bbox 1288 2195 1360 2262; x_wconf 83' lang='lat' dir='ltr'><strong>sine</strong></span> <span class='ocrx_word' id='word_1_140' title='bbox 1375 2194 1494 2276; x_wconf 82' lang='lat' dir='ltr'><strong>fraude,</strong></span> 
     </span>
     <span class='ocr_line' id='line_1_18' title="bbox 376 2300 1496 2372; baseline -0.003 -5"><span class='ocrx_word' id='word_1_141' title='bbox 376 2303 478 2368; x_wconf 91' lang='lat' dir='ltr'><strong>ethoe</strong></span> <span class='ocrx_word' id='word_1_142' title='bbox 489 2309 727 2370; x_wconf 82' lang='lat' dir='ltr'><strong>sacramentum</strong></span> <span class='ocrx_word' id='word_1_143' title='bbox 740 2303 859 2370; x_wconf 90' lang='lat' dir='ltr'><strong>debent</strong></span> <span class='ocrx_word' id='word_1_144' title='bbox 876 2303 984 2371; x_wconf 83' lang='lat' dir='ltr'><strong>faeere</strong></span> <span class='ocrx_word' id='word_1_145' title='bbox 995 2303 1047 2372; x_wconf 80' lang='lat' dir='ltr'><strong>CO</strong></span> <span class='ocrx_word' id='word_1_146' title='bbox 1059 2304 1134 2372; x_wconf 91' lang='lat' dir='ltr'><strong>boni</strong></span> <span class='ocrx_word' id='word_1_147' title='bbox 1151 2304 1296 2372; x_wconf 89' lang='lat' dir='ltr'><strong>homines</strong></span> <span class='ocrx_word' id='word_1_148' title='bbox 1307 2300 1496 2370; x_wconf 87' lang='lat' dir='ltr'><strong>sineiraude</strong></span> 
     </span>
     <span class='ocr_line' id='line_1_19' title="bbox 377 2410 1497 2496; baseline -0.004 -21"><span class='ocrx_word' id='word_1_149' title='bbox 377 2430 417 2475; x_wconf 81' lang='lat' dir='ltr'><strong>ex</strong></span> <span class='ocrx_word' id='word_1_150' title='bbox 436 2429 501 2476; x_wconf 88' lang='lat' dir='ltr'><strong>una</strong></span> <span class='ocrx_word' id='word_1_151' title='bbox 516 2415 620 2496; x_wconf 89' lang='lat' dir='ltr'><strong>parte,</strong></span> <span class='ocrx_word' id='word_1_152' title='bbox 637 2419 668 2477; x_wconf 92' lang='lat' dir='ltr'><strong>et</strong></span> <span class='ocrx_word' id='word_1_153' title='bbox 685 2410 736 2476; x_wconf 82' lang='lat' dir='ltr'><strong>CC</strong></span> <span class='ocrx_word' id='word_1_154' title='bbox 750 2432 789 2477; x_wconf 82' lang='lat' dir='ltr'><strong>er</strong></span> <span class='ocrx_word' id='word_1_155' title='bbox 805 2412 928 2496; x_wconf 79' lang='lat' dir='ltr'><strong>altera3</strong></span> <span class='ocrx_word' id='word_1_156' title='bbox 947 2421 978 2480; x_wconf 89' lang='lat' dir='ltr'><strong>et</strong></span> <span class='ocrx_word' id='word_1_157' title='bbox 994 2414 1023 2479; x_wconf 89' lang='lat' dir='ltr'><strong>si</strong></span> <span class='ocrx_word' id='word_1_158' title='bbox 1039 2413 1116 2496; x_wconf 86' lang='lat' dir='ltr'><strong>quid</strong></span> <span class='ocrx_word' id='word_1_159' title='bbox 1133 2413 1252 2480; x_wconf 90' lang='lat' dir='ltr'><strong>debent</strong></span> <span class='ocrx_word' id='word_1_160' title='bbox 1275 2432 1317 2478; x_wconf 84' lang='lat' dir='ltr'><strong>ex</strong></span> <span class='ocrx_word' id='word_1_161' title='bbox 1332 2412 1396 2478; x_wconf 84' lang='lat' dir='ltr'><strong>hae</strong></span> <span class='ocrx_word' id='word_1_162' title='bbox 1411 2413 1497 2496; x_wconf 87' lang='lat' dir='ltr'><strong>parte</strong></span> 
     </span>
     <span class='ocr_line' id='line_1_20' title="bbox 378 2517 1496 2606; baseline -0.002 -22"><span class='ocrx_word' id='word_1_163' title='bbox 378 2517 564 2601; x_wconf 74' lang='lat' dir='ltr'><strong>telesilla,</strong></span> <span class='ocrx_word' id='word_1_164' title='bbox 582 2520 737 2602; x_wconf 83' lang='lat' dir='ltr'><strong>hominos,</strong></span> <span class='ocrx_word' id='word_1_165' title='bbox 755 2521 873 2604; x_wconf 86' lang='lat' dir='ltr'><strong>quibus</strong></span> <span class='ocrx_word' id='word_1_166' title='bbox 889 2521 1018 2606; x_wconf 82' lang='lat' dir='ltr'><strong>debent,</strong></span> <span class='ocrx_word' id='word_1_167' title='bbox 1036 2521 1168 2588; x_wconf 86' lang='lat' dir='ltr'><strong>valeant</strong></span> <span class='ocrx_word' id='word_1_168' title='bbox 1184 2521 1327 2588; x_wconf 89' lang='lat' dir='ltr'><strong>debitum</strong></span> <span class='ocrx_word' id='word_1_169' title='bbox 1346 2521 1496 2606; x_wconf 71' lang='lat' dir='ltr'><strong>tempere,</strong></span> 
     </span>
     <span class='ocr_line' id='line_1_21' title="bbox 378 2624 1499 2712; baseline -0.002 -20"><span class='ocrx_word' id='word_1_170' title='bbox 378 2624 552 2692; x_wconf 85' lang='lat' dir='ltr'><strong>seeundum</strong></span> <span class='ocrx_word' id='word_1_171' title='bbox 577 2629 799 2712; x_wconf 82' lang='lat' dir='ltr'><strong>supradietum</strong></span> <span class='ocrx_word' id='word_1_172' title='bbox 825 2629 964 2695; x_wconf 88' lang='lat' dir='ltr'><strong>modum.</strong></span> <span class='ocrx_word' id='word_1_173' title='bbox 993 2628 1094 2694; x_wconf 83' lang='lat' dir='ltr'><strong>Facta</strong></span> <span class='ocrx_word' id='word_1_174' title='bbox 1115 2633 1189 2694; x_wconf 89' lang='lat' dir='ltr'><strong>sunt</strong></span> <span class='ocrx_word' id='word_1_175' title='bbox 1214 2629 1294 2692; x_wconf 90' lang='lat' dir='ltr'><strong>haee</strong></span> <span class='ocrx_word' id='word_1_176' title='bbox 1311 2627 1345 2692; x_wconf 93' lang='lat' dir='ltr'><strong>in</strong></span> <span class='ocrx_word' id='word_1_177' title='bbox 1372 2625 1499 2691; x_wconf 82' lang='lat' dir='ltr'><strong>civitate</strong></span> 
     </span>
    </p>
   </div>
   <div class='ocr_carea' id='block_1_3' title="bbox 379 2732 1502 3789">
    <p class='ocr_par' dir='ltr' id='par_1_4' title="bbox 379 2732 1499 2926">
     <span class='ocr_line' id='line_1_22' title="bbox 379 2732 1499 2818; baseline 0.001 -21"><span class='ocrx_word' id='word_1_178' title='bbox 379 2732 514 2800; x_wconf 79' lang='lat' dir='ltr'><strong>Ancona</strong></span> <span class='ocrx_word' id='word_1_179' title='bbox 538 2754 623 2802; x_wconf 89' lang='lat' dir='ltr'><strong>anno</strong></span> <span class='ocrx_word' id='word_1_180' title='bbox 647 2735 908 2803; x_wconf 81' lang='lat' dir='ltr'><strong>M⁰C⁰XCVIlii⁰.</strong></span> <span class='ocrx_word' id='word_1_181' title='bbox 935 2737 1113 2804; x_wconf 79' lang='lat' dir='ltr'><strong>indictione</strong></span> <span class='ocrx_word' id='word_1_182' title='bbox 1138 2737 1211 2818; x_wconf 86' lang='lat'>11·.‚</span> <span class='ocrx_word' id='word_1_183' title='bbox 1229 2733 1316 2800; x_wconf 90' lang='lat' dir='ltr'><strong>ViII.</strong></span> <span class='ocrx_word' id='word_1_184' title='bbox 1341 2732 1499 2800; x_wconf 77' lang='lat' dir='ltr'><strong>kalendas</strong></span> 
     </span>
     <span class='ocr_line' id='line_1_23' title="bbox 379 2841 590 2926; baseline 0.009 -20"><span class='ocrx_word' id='word_1_185' title='bbox 379 2841 590 2926; x_wconf 83' lang='lat' dir='ltr'><strong>Septembris.</strong></span> 
     </span>
    </p>

    <p class='ocr_par' dir='ltr' id='par_1_5' title="bbox 381 2947 1500 3462">
     <span class='ocr_line' id='line_1_24' title="bbox 487 2947 1498 3034; baseline 0.002 -22"><span class='ocrx_word' id='word_1_186' title='bbox 487 2950 557 3015; x_wconf 88' lang='lat' dir='ltr'><strong>IIoo</strong></span> <span class='ocrx_word' id='word_1_187' title='bbox 572 2957 812 3018; x_wconf 86' lang='lat' dir='ltr'><strong>sacramentum</strong></span> <span class='ocrx_word' id='word_1_188' title='bbox 833 2951 1025 3034; x_wconf 87' lang='lat' dir='ltr'><strong>juraverunt</strong></span> <span class='ocrx_word' id='word_1_189' title='bbox 1041 2947 1189 3034; x_wconf 84' lang='lat' dir='ltr'><strong>Filippus</strong></span> <span class='ocrx_word' id='word_1_190' title='bbox 1205 2948 1293 3014; x_wconf 91' lang='lat' dir='ltr'><strong>Petri</strong></span> <span class='ocrx_word' id='word_1_191' title='bbox 1310 2948 1418 3034; x_wconf 86' lang='lat' dir='ltr'><strong>Berej,</strong></span> <span class='ocrx_word' id='word_1_192' title='bbox 1442 2948 1498 3014; x_wconf 89' lang='lat' dir='ltr'><strong>Do-</strong></span> 
     </span>
     <span class='ocr_line' id='line_1_25' title="bbox 381 3053 1500 3142; baseline -0.001 -23"><span class='ocrx_word' id='word_1_193' title='bbox 381 3056 517 3121; x_wconf 83' lang='lat' dir='ltr'><strong>minieus</strong></span> <span class='ocrx_word' id='word_1_194' title='bbox 533 3058 691 3142; x_wconf 86' lang='lat' dir='ltr'><strong>Stephani</strong></span> <span class='ocrx_word' id='word_1_195' title='bbox 707 3057 879 3141; x_wconf 91' lang='lat' dir='ltr'><strong>Dominiei,</strong></span> <span class='ocrx_word' id='word_1_196' title='bbox 898 3055 1014 3122; x_wconf 86' lang='lat' dir='ltr'><strong>Vitulis</strong></span> <span class='ocrx_word' id='word_1_197' title='bbox 1030 3055 1140 3120; x_wconf 85' lang='lat' dir='ltr'><strong>Palea.</strong></span> <span class='ocrx_word' id='word_1_198' title='bbox 1155 3053 1193 3120; x_wconf 93' lang='lat' dir='ltr'><strong>ln</strong></span> <span class='ocrx_word' id='word_1_199' title='bbox 1209 3055 1408 3140; x_wconf 87' lang='lat' dir='ltr'><strong>praesendiu</strong></span> <span class='ocrx_word' id='word_1_200' title='bbox 1424 3056 1500 3120; x_wconf 80' lang='lat' dir='ltr'><strong>Mar·</strong></span> 
     </span>
     <span class='ocr_line' id='line_1_26' title="bbox 381 3161 1500 3249; baseline -0.001 -22"><span class='ocrx_word' id='word_1_201' title='bbox 381 3161 446 3227; x_wconf 90' lang='lat' dir='ltr'><strong>silii</strong></span> <span class='ocrx_word' id='word_1_202' title='bbox 461 3163 587 3248; x_wconf 84' lang='lat' dir='ltr'><strong>Borea,</strong></span> <span class='ocrx_word' id='word_1_203' title='bbox 613 3165 696 3249; x_wconf 91' lang='lat' dir='ltr'><strong>Zupi</strong></span> <span class='ocrx_word' id='word_1_204' title='bbox 713 3163 854 3248; x_wconf 91' lang='lat' dir='ltr'><strong>Bertini,</strong></span> <span class='ocrx_word' id='word_1_205' title='bbox 882 3165 991 3231; x_wconf 81' lang='lat' dir='ltr'><strong>Caean</strong></span> <span class='ocrx_word' id='word_1_206' title='bbox 1008 3165 1176 3246; x_wconf 86' lang='lat' dir='ltr'><strong>Vraehae,</strong></span> <span class='ocrx_word' id='word_1_207' title='bbox 1200 3162 1363 3230; x_wconf 86' lang='lat' dir='ltr'><strong>Johannis</strong></span> <span class='ocrx_word' id='word_1_208' title='bbox 1388 3162 1500 3244; x_wconf 80' lang='lat' dir='ltr'><strong>Albini,</strong></span> 
     </span>
     <span class='ocr_line' id='line_1_27' title="bbox 381 3269 1500 3357; baseline 0.003 -23"><span class='ocrx_word' id='word_1_209' title='bbox 381 3269 510 3337; x_wconf 81' lang='lat' dir='ltr'><strong>Nicolai</strong></span> <span class='ocrx_word' id='word_1_210' title='bbox 533 3273 664 3355; x_wconf 75' lang='lat' dir='ltr'><strong>Poleam,</strong></span> <span class='ocrx_word' id='word_1_211' title='bbox 689 3273 817 3339; x_wconf 85' lang='lat' dir='ltr'><strong>Nieoiui</strong></span> <span class='ocrx_word' id='word_1_212' title='bbox 842 3273 960 3356; x_wconf 87' lang='lat' dir='ltr'><strong>Albioi,</strong></span> <span class='ocrx_word' id='word_1_213' title='bbox 985 3273 1120 3357; x_wconf 81' lang='lat' dir='ltr'><strong>Tragoli</strong></span> <span class='ocrx_word' id='word_1_214' title='bbox 1135 3272 1316 3356; x_wconf 66' lang='lat' dir='ltr'><strong>Terrorem,</strong></span> <span class='ocrx_word' id='word_1_215' title='bbox 1344 3271 1500 3340; x_wconf 83' lang='lat' dir='ltr'><strong>Johannis</strong></span> 
     </span>
     <span class='ocr_line' id='line_1_28' title="bbox 383 3377 1374 3462; baseline 0.003 -21"><span class='ocrx_word' id='word_1_216' title='bbox 383 3377 558 3462; x_wconf 84' lang='lat' dir='ltr'><strong>Benedicti,</strong></span> <span class='ocrx_word' id='word_1_217' title='bbox 576 3385 607 3444; x_wconf 90' lang='lat' dir='ltr'><strong>ot</strong></span> <span class='ocrx_word' id='word_1_218' title='bbox 623 3379 760 3446; x_wconf 87' lang='lat' dir='ltr'><strong>aliorum</strong></span> <span class='ocrx_word' id='word_1_219' title='bbox 778 3382 949 3448; x_wconf 89' lang='lat' dir='ltr'><strong>multorum</strong></span> <span class='ocrx_word' id='word_1_220' title='bbox 965 3381 997 3446; x_wconf 94' lang='lat' dir='ltr'><strong>in</strong></span> <span class='ocrx_word' id='word_1_221' title='bbox 1014 3381 1150 3448; x_wconf 87' lang='lat' dir='ltr'><strong>oonsilio</strong></span> <span class='ocrx_word' id='word_1_222' title='bbox 1168 3380 1374 3447; x_wconf 84' lang='lat' dir='ltr'><strong>morantium.</strong></span> 
     </span>
    </p>

    <p class='ocr_par' dir='ltr' id='par_1_6' title="bbox 383 3487 1502 3789">
     <span class='ocr_line' id='line_1_29' title="bbox 488 3487 1501 3573; baseline 0.005 -23"><span class='ocrx_word' id='word_1_223' title='bbox 488 3488 559 3569; x_wconf 84' lang='lat' dir='ltr'><strong>Ego</strong></span> <span class='ocrx_word' id='word_1_224' title='bbox 576 3487 755 3553; x_wconf 82' lang='lat' dir='ltr'><strong>Jaeobinus</strong></span> <span class='ocrx_word' id='word_1_225' title='bbox 771 3488 927 3555; x_wconf 86' lang='lat' dir='ltr'><strong>Notarius</strong></span> <span class='ocrx_word' id='word_1_226' title='bbox 943 3509 1002 3573; x_wconf 93' lang='lat' dir='ltr'><strong>pro</strong></span> <span class='ocrx_word' id='word_1_227' title='bbox 1013 3487 1181 3555; x_wconf 80' lang='lat' dir='ltr'><strong>Communi</strong></span> <span class='ocrx_word' id='word_1_228' title='bbox 1198 3487 1341 3554; x_wconf 82' lang='lat' dir='ltr'><strong>eivitatis</strong></span> <span class='ocrx_word' id='word_1_229' title='bbox 1351 3488 1501 3555; x_wconf 84' lang='lat' dir='ltr'><strong>Aneonae</strong></span> 
     </span>
     <span class='ocr_line' id='line_1_30' title="bbox 383 3595 1502 3681; baseline 0.004 -25"><span class='ocrx_word' id='word_1_230' title='bbox 383 3612 423 3656; x_wconf 84' lang='lat' dir='ltr'><strong>ex</strong></span> <span class='ocrx_word' id='word_1_231' title='bbox 439 3611 597 3658; x_wconf 81' lang='lat' dir='ltr'><strong>consensu</strong></span> <span class='ocrx_word' id='word_1_232' title='bbox 623 3595 861 3680; x_wconf 82' lang='lat' dir='ltr'><strong>praedictorum</strong></span> <span class='ocrx_word' id='word_1_233' title='bbox 878 3597 939 3662; x_wconf 89' lang='lat' dir='ltr'><strong>hoe</strong></span> <span class='ocrx_word' id='word_1_234' title='bbox 960 3601 1071 3680; x_wconf 89' lang='lat' dir='ltr'><strong>totum,</strong></span> <span class='ocrx_word' id='word_1_235' title='bbox 1099 3596 1185 3680; x_wconf 89' lang='lat' dir='ltr'><strong>quod</strong></span> <span class='ocrx_word' id='word_1_236' title='bbox 1205 3615 1304 3681; x_wconf 84' lang='lat' dir='ltr'><strong>supra</strong></span> <span class='ocrx_word' id='word_1_237' title='bbox 1320 3596 1458 3681; x_wconf 82' lang='lat' dir='ltr'><strong>legiter,</strong></span> <span class='ocrx_word' id='word_1_238' title='bbox 1474 3595 1502 3660; x_wconf 90' lang='lat' dir='ltr'><strong>in</strong></span> 
     </span>
     <span class='ocr_line' id='line_1_31' title="bbox 384 3697 1255 3789; baseline 0.006 -26"><span class='ocrx_word' id='word_1_239' title='bbox 384 3697 548 3782; x_wconf 84' lang='lat' dir='ltr'><strong>publieam</strong></span> <span class='ocrx_word' id='word_1_240' title='bbox 565 3699 701 3768; x_wconf 84' lang='lat' dir='ltr'><strong>formem</strong></span> <span class='ocrx_word' id='word_1_241' title='bbox 719 3701 841 3786; x_wconf 87' lang='lat' dir='ltr'><strong>redegi,</strong></span> <span class='ocrx_word' id='word_1_242' title='bbox 863 3707 894 3767; x_wconf 93' lang='lat' dir='ltr'><strong>et</strong></span> <span class='ocrx_word' id='word_1_243' title='bbox 911 3702 963 3768; x_wconf 91' lang='lat' dir='ltr'><strong>hio</strong></span> <span class='ocrx_word' id='word_1_244' title='bbox 979 3701 1051 3770; x_wconf 89' lang='lat' dir='ltr'><strong>ideo</strong></span> <span class='ocrx_word' id='word_1_245' title='bbox 1067 3702 1255 3789; x_wconf 76' lang='lat' dir='ltr'><strong>subscripsi.</strong></span> 
     </span>
    </p>
   </div>
   <div class='ocr_carea' id='block_1_4' title="bbox 386 3893 1504 3968">
    <p class='ocr_par' dir='ltr' id='par_1_7' title="bbox 386 3893 1504 3968">
     <span class='ocr_line' id='line_1_32' title="bbox 386 3893 1504 3968; baseline 0.006 -22"><span class='ocrx_word' id='word_1_246' title='bbox 386 3895 473 3960; x_wconf 83' lang='lat' dir='ltr'>(XIII.</span> <span class='ocrx_word' id='word_1_247' title='bbox 489 3893 596 3948; x_wconf 70' lang='lat' dir='ltr'><strong>aetnaei</strong></span> <span class='ocrx_word' id='word_1_248' title='bbox 609 3894 778 3962; x_wconf 80' lang='lat' dir='ltr'><strong>mdsolntbdl,</strong></span> <span class='ocrx_word' id='word_1_249' title='bbox 798 3901 869 3966; x_wconf 84' lang='lat' dir='ltr'><strong>meiy</strong></span> <span class='ocrx_word' id='word_1_250' title='bbox 883 3917 900 3952; x_wconf 78' lang='lat' dir='ltr'><strong>a</strong></span> <span class='ocrx_word' id='word_1_251' title='bbox 913 3899 988 3953; x_wconf 79' lang='lat' dir='ltr'><strong>etesi</strong></span> <span class='ocrx_word' id='word_1_252' title='bbox 1003 3917 1040 3953; x_wconf 88' lang='lat' dir='ltr'><strong>es.</strong></span> <span class='ocrx_word' id='word_1_253' title='bbox 1054 3901 1080 3952; x_wconf 83' lang='lat' dir='ltr'><strong>k.</strong></span> <span class='ocrx_word' id='word_1_254' title='bbox 1094 3901 1156 3955; x_wconf 85' lang='lat' dir='ltr'><strong>udv.</strong></span> <span class='ocrx_word' id='word_1_255' title='bbox 1177 3899 1343 3954; x_wconf 77' lang='lat' dir='ltr'><strong>lovdltdrban</strong></span> <span class='ocrx_word' id='word_1_256' title='bbox 1364 3903 1504 3968; x_wconf 77' lang='lat' dir='ltr'><strong>drintatiir.)</strong></span> 
     </span>
    </p>
   </div>
   <div class='ocr_carea' id='block_1_5' title="bbox 817 4207 1079 4220">
    <p class='ocr_par' dir='ltr' id='par_1_8' title="bbox 817 4207 1079 4220">
     <span class='ocr_line' id='line_1_33' title="bbox 817 4207 1079 4220; baseline 0 -4"><span class='ocrx_word' id='word_1_257' title='bbox 817 4207 1079 4220; x_wconf 51' lang='lat' dir='ltr'>*mu-...v-</span> 
     </span>
    </p>
   </div>
   <div class='ocr_carea' id='block_1_6' title="bbox 0 0 1617 5192">
    <p class='ocr_par' dir='ltr' id='par_1_9' title="bbox 0 0 1617 5192">
     <span class='ocr_line' id='line_1_34' title="bbox 0 0 1617 5192; baseline 0 0"><span class='ocrx_word' id='word_1_258' title='bbox 0 0 1617 5192; x_wconf 95' lang='lat' dir='ltr'><strong> </strong></span> 
     </span>
    </p>
   </div>
  </div>
 </body>
</html>
