3200 5182
850 333 1012 434 js—

370 533 481 598 dinum
497 551 570 596 cum
586 531 654 595 suis
672 527 894 616 pertinentiis,
919 537 951 593 et
967 537 1094 595 centum
1111 530 1347 614 quinquaginta
1363 550 1493 615 pecora,

370 647 402 704 et
417 639 554 724 triginta
569 653 698 722 vaccas,
728 643 760 702 et
777 637 858 704 duos
874 657 998 722 servos,
1025 647 1056 703 et
1073 647 1211 723 quatuor
1237 639 1331 726 paria
1358 639 1495 720 bouum3

371 753 404 813 et
423 745 630 814 Dobroslava
655 765 714 830 per
738 744 813 810 lidei
833 746 1055 828 juramentum
1083 747 1258 831 spopondit
1283 745 1362 812 dare
1390 743 1497 810 eidem

371 852 566 919 monasterio
583 857 657 938 post
674 857 807 917 mortem
824 871 917 917 sunm
933 851 1075 936 domum,
1101 873 1185 937 quae
1201 853 1278 918 olim
1294 851 1354 917 fnit
1370 851 1423 917 sui
1438 873 1493 938 pa-

371 961 441 1028 tris.
467 961 655 1026 Statuerunt
680 967 778 1042 atque
796 959 985 1042 voluerunt,
1011 967 1042 1025 et
1057 967 1091 1025 ut
1113 961 1238 1026 firmum
1261 959 1439 1025 haberetur
1464 961 1498 1025 in

372 1076 564 1155 perpetuum
581 1065 802 1150 decreverunt,
819 1075 854 1131 ut
870 1067 897 1131 si
914 1069 1038 1150 Abbas,
1056 1071 1110 1152 qui
1126 1088 1211 1134 nunc
1230 1075 1288 1152 est,
1306 1067 1499 1150 decesserit,

373 1176 497 1242 nullum
523 1174 624 1241 alium
648 1175 681 1239 in
708 1173 868 1241 Abbatem
895 1175 1036 1260 eligant,
1066 1177 1129 1242 nisi
1157 1197 1252 1260 quem
1283 1176 1505 1261 Congregatio

373 1283 476 1370 ipsius
493 1281 659 1366 Coenobii,
678 1289 712 1348 ut
729 1283 831 1367 decet,
849 1285 1022 1368 communi,
1048 1293 1080 1350 et
1096 1286 1247 1352 concordi
1272 1287 1452 1366 voluntate,
1478 1284 1509 1349 si

373 1393 494 1477 eligere
509 1390 681 1472 voluerint,
699 1391 877 1458 secundum
893 1393 1041 1475 regulam
1059 1393 1292 1461 monachorum
1312 1393 1448 1477 eligant

480 1499 572 1565 Haec
588 1507 698 1565 autem
714 1499 833 1584 omnia,
851 1519 936 1582 qnae
953 1501 1125 1585 praedicta
1145 1507 1229 1586 sunt,
1251 1501 1431 1567 seeundum
1448 1503 1510 1566 Be-

374 1606 495 1675 nedicti
517 1605 658 1672 Abbatis
684 1607 831 1691 regulam
859 1607 1021 1693 disposita
1048 1609 1183 1674 firmiter
1208 1609 1431 1674 observentur.
1474 1609 1510 1672 Si

375 1717 459 1786 sorte
475 1715 595 1800 aliquis
612 1715 673 1781 boc
700 1723 821 1782 temere
845 1717 1034 1801 perturbare
1064 1717 1330 1802 praesumpserit,
1358 1717 1512 1782 decreve-

376 1832 564 1908 mutatque
581 1831 782 1907 statuerunt,
809 1831 844 1890 nt
860 1824 1049 1892 defensores
1069 1828 1231 1912 existant,
1258 1827 1453 1910 Damianns,
1479 1831 1511 1890 ct

378 1933 559 2002 Grubesoia
575 1931 756 2016 Gundulae,
784 1933 900 1999 fratres
917 1933 1021 2020 ipsius
1040 1935 1189 2019 Joannis,
1214 1942 1373 2002 eteorum
1395 1936 1510 2000 haere-

379 2041 437 2108 des
463 2041 709 2127 perpetualiter.
735 2041 787 2106 Ita
802 2031 927 2126 tamen,
956 2049 1076 2110 utnon
1102 2043 1314 2109 haereditarii
1340 2043 1423 2126 sint,
1449 2061 1509 2107 nec

378 2156 533 2216 vocentur
548 2149 777 2233 haereditarii,
805 2149 864 2216 sed
880 2149 1081 2218 solummodo
1103 2151 1290 2218 defensores
1322 2151 1390 2216 sint
1404 2151 1509 2236 ipsius

379 2257 545 2324 coenobii.
572 2257 687 2322 Dictus
704 2277 782 2322 vero
802 2259 947 2325 loannes
965 2257 1139 2342 Gundula,
1165 2267 1198 2324 et
1214 2261 1284 2342 ejus
1311 2259 1430 2343 conjux
1446 2260 1509 2325 Do-

380 2363 535 2431 broslava
550 2369 733 2428 statuerunt
748 2363 893 2449 firmiter,
924 2366 1150 2450 promittentes
1172 2371 1246 2450 post
1262 2365 1389 2432 obitum
1407 2365 1509 2450 ipsius

380 2470 518 2537 loannis
534 2477 566 2535 et
583 2469 734 2554 conjugis
751 2470 821 2554 ejus
837 2472 1079 2558 Dobroslavae,
1097 2481 1132 2538 ut
1152 2473 1258 2539 eidem
1276 2473 1442 2541 Coenobio
1459 2473 1510 2538 de-

381 2577 514 2644 veniant
529 2597 640 2644 omnes
657 2577 783 2662 musae,
802 2588 835 2645 et
851 2586 968 2666 terrae,
988 2601 1071 2666 quae
1089 2589 1163 2648 sunt
1179 2583 1211 2647 in
1225 2581 1422 2650 Gionobetto
1438 2602 1506 2646 cum

381 2686 586 2772 pertinentiis
597 2706 722 2772 carum,
741 2696 772 2754 et
784 2689 910 2776 domus,
928 2711 1011 2774 quae
1023 2699 1072 2757 est
1080 2693 1178 2776 juxta
1189 2691 1320 2759 domum
1331 2694 1509 2760 Grubiscae

382 2793 492 2860 fratris
509 2795 614 2878 ipsius
631 2796 778 2864 loannis.
807 2799 971 2882 Similiter,
989 2806 1023 2864 ut
1043 2797 1240 2880 dictumest,
1267 2806 1461 2882 statuerunt,
1478 2805 1511 2864 ut

384 2901 490 2969 eidem
516 2900 681 2971 Coenobio
709 2904 862 2970 deveniat
888 2904 1002 2971 domus
1028 2927 1099 2971 cum
1131 2907 1280 2973 omnibus
1307 2906 1513 2991 pertinentiis

386 3012 496 3095 etiam,
513 3013 546 3077 in
571 3032 635 3096 qua
651 3015 716 3098 ipsi
741 3034 825 3078 nunc
845 3015 1004 3080 habitant.
1032 3017 1252 3081 Decreverunt
1269 3015 1368 3080 etiam
1394 3022 1426 3080 ct
1441 3017 1513 3099 boc,

386 3127 421 3186 ut
437 3121 552 3203 siquis
569 3119 653 3185 hanc
681 3119 811 3186 illorum
838 3121 1084 3206 dispositionem
1111 3141 1151 3186 ac
1166 3122 1437 3188 deliberationem
1456 3122 1513 3186 ali-

387 3247 450 3312 quo
467 3227 564 3294 modo
582 3227 764 3312 dissipare,
791 3229 843 3293 vel
865 3228 1042 3313 infringere
1068 3229 1226 3312 voluerit,
1254 3229 1518 3295 maledictionem

390 3333 631 3420 Omnipotentis
647 3334 719 3418 Dei,
737 3342 769 3400 et
785 3335 908 3402 Beatae
919 3339 1042 3402 Mariae
1059 3358 1186 3422 semper
1195 3337 1351 3422 Virginis,
1375 3343 1407 3400 et
1424 3337 1519 3401 Beati

388 3443 505 3510 Jacobi
521 3443 682 3527 Apostoli,
701 3449 732 3507 et
749 3443 920 3510 duodecim
937 3446 1179 3531 Apostolorum,
1207 3447 1416 3528 omniumque
1434 3446 1519 3510 blar-

388 3557 506 3633 tyrum,
534 3549 785 3636 Confersornm,
813 3553 1002 3637 Virginum,
1030 3561 1128 3634 atque
1155 3553 1297 3620 omniurn
1324 3553 1520 3619 Sanctorum

389 3656 544 3723 incunat.

492 3763 563 3848 Ego
588 3747 762 3850 Presbyter
786 3767 955 3834 Gabaldus
976 3767 1162 3835 Communis
1189 3767 1344 3834 Notarius
1372 3769 1516 3852 juratus,

390 3871 445 3954 qui
462 3872 559 3936 etiam
570 3873 621 3938 bis
632 3875 781 3940 omnibus
792 3896 949 3961 praesens
960 3876 1016 3959 fui,
1034 3875 1162 3962 scripsi,
1180 3884 1211 3941 et
1220 3876 1313 3940 testis
1325 3894 1513 3960 permaneo.

640 4073 763 4137 (Furlati,
777 4075 915 4139 Illyricum
929 4077 1042 4127 Sacrum
1055 4077 1102 4126 VI.
1117 4075 1172 4126 lr'dt.
1187 4075 1229 4127 93.
1244 4071 1274 4142 l.)

823 4351 1088 4366 ——-----—-
