3202 5190
665 904 739 973 172.

132 1098 278 1165 Basilius
301 1103 443 1165 imnonoa'
466 1102 613 1166 eracleaek
637 1103 747 1186 locale,
773 1103 915 1194 melylyel
938 1107 1000 1172 III.
1017 1109 1106 1175 lucae
1124 1115 1227 1199 pcipctt
1242 1135 1264 1177 a

423 1207 486 1274 vele
501 1209 702 1275 threnabat
718 1211 845 1276 drtcsitr'.
871 1214 969 1279 1204.

237 1407 357 1472 Multas
380 1405 609 1472 inclinationes
634 1411 666 1471 ct
683 1427 820 1491 magnas
843 1427 956 1493 preces
978 1411 1119 1498 domiuo,
1146 1421 1177 1482 et
1193 1414 1260 1500 glo·

126 1513 330 1598 doshsimo,
356 1519 389 1580 et
414 1513 657 1580 concathedrali
673 1513 884 1598 Apostolicae
914 1517 1028 1601 Sedis,
1054 1521 1139 1606 patri
1163 1524 1261 1590 totins

126 1620 409 1704 Christianitatis,
438 1626 470 1686 et
486 1620 617 1688 domiuo
634 1639 717 1705 meo,
735 1623 921 1689 Innocentio
941 1624 1037 1692 tertio
1055 1627 1186 1712 Papae,
1204 1627 1260 1696 Ar·

125 1728 356 1815 chiepiscopus
372 1727 542 1810 Basilius,
568 1726 608 1792 dc
624 1727 803 1795 minoribus
820 1733 852 1794 et
867 1729 1057 1798 humillimis
1073 1735 1172 1801 totius
1188 1737 1260 1804 Bul-

125 1836 242 1919 gariac
258 1842 291 1902 et
305 1832 463 1916 Blaciae,
490 1839 632 1900 vestram
658 1834 835 1919 perlectam
855 1836 1122 1906 benedictionem.
1148 1839 1258 1912 Adoro

124 1943 414 2010 clementissimum
440 1943 565 2025 Deum,
593 1949 625 2009 et
649 1941 879 2010 Beatissimam
900 1945 962 2010 Dei
980 1947 1176 2015 Genitricem
1188 2001 1197 2034 ,
1223 1959 1257 2018 ut

124 2071 243 2117 sanam
269 2056 302 2116 et
328 2048 527 2134 gaudentem
555 2050 705 2116 Vestram
734 2051 947 2118 Sanctitatem
978 2073 1083 2122 meum
1115 2057 1258 2124 inveniat

124 2159 303 2245 scriptum,
319 2165 362 2240 ct,
394 2155 481 2241 quod
497 2175 572 2223 mea
587 2157 697 2224 anima
713 2155 911 2224 desideravit
933 2180 993 2246 per
1008 2169 1158 2229 octavum
1175 2165 1258 2230 deei-

123 2287 214 2334 mnm
230 2285 360 2350 aunum,
389 2283 465 2330 ecce
479 2263 579 2331 hodie
594 2263 684 2330 dedit
698 2263 794 2331 uobis
811 2266 912 2347 Deus,
935 2273 968 2332 et
983 2276 1099 2335 sancta
1115 2277 1172 2337 tua
1188 2293 1258 2339 ora-

121 2376 189 2458 tio,
216 2372 481 2440 benedictionem
496 2371 593 2438 Sedis
608 2371 705 2438 Beati
720 2373 870 2459 Apostoli
890 2376 978 2441 Petri
994 2381 1026 2442 et
1041 2383 1118 2445 tuae
1133 2381 1257 2447 Sancti·

122 2483 214 2548 tatis.
238 2481 362 2548 Noscat
392 2480 558 2546 Sanctitas
580 2485 657 2563 tua,
684 2481 824 2564 qualiter
839 2501 920 2566 ego,
947 2492 1158 2552 conversatus
1186 2507 1256 2553 sum

121 2597 214 2657 tuam
239 2606 401 2672 quaerens
433 2586 702 2654 benedictionem.
733 2588 823 2655 Mota
847 2595 898 2656 cst
922 2610 980 2675 per
1008 2611 1151 2659 mensem
1176 2594 1256 2660 Julii

122 2701 243 2780 quarta
254 2696 317 2781 die,
334 2715 392 2764 sex
411 2696 586 2764 millesimo
603 2695 891 2782 septingentesimo
907 2698 1089 2785 undecimo,
1106 2700 1255 2768 indictio-

122 2825 166 2872 ne
182 2812 296 2887 sexta,
323 2822 396 2870 mca
422 2803 588 2870 humilitas
613 2803 656 2870 ad
673 2805 827 2870 Sanctum
843 2812 876 2872 ct
896 2803 1175 2874 Gloriosissimum
1199 2830 1254 2894 pa·

122 2919 204 2980 trem
222 2918 379 2996 nostrum,
408 2912 633 2980 Innocentium
650 2911 776 2997 Papam
791 2913 983 2996 Romanum,
1003 2921 1036 2980 ct
1051 2914 1098 2980 fui
1114 2915 1185 2982 dics
1201 2917 1254 2982 tri-

122 3020 219 3105 ginta
234 3021 268 3085 in
284 3018 472 3104 Dyrrachio
483 3020 581 3103 juxta
597 3038 696 3084 mare.
719 3019 847 3085 Etcum
864 3019 981 3086 vellem
997 3021 1129 3088 introire
1144 3024 1253 3090 navim

122 3129 232 3212 gratia
248 3127 496 3212 transfretandi,
512 3133 589 3194 tunc
605 3129 805 3194 retinuerunt
820 3147 871 3192 me
888 3127 1016 3211 Gracci,
1034 3137 1065 3193 ct
1081 3149 1146 3195 nou
1162 3130 1253 3196 dimi-

121 3243 235 3302 serunt
251 3235 411 3320 transire,
441 3235 499 3301 sed
515 3241 687 3302 tenuerunt
701 3252 753 3298 me
768 3232 857 3318 apud
872 3233 1088 3316 Dyrrachium
1107 3254 1165 3318 per
1181 3245 1253 3303 octo

121 3344 216 3426 dies,
242 3347 275 3408 et
290 3342 392 3409 multa
407 3361 485 3408 mea
501 3340 733 3428 deprecatione
758 3359 839 3424 erga
854 3341 960 3405 Deum
979 3345 1011 3405 ct
1023 3340 1252 3408 Beatissimum

121 3449 305 3536 principem
327 3448 557 3535 Apostolorum
573 3447 723 3531 Petrum,
749 3465 808 3533 per
824 3452 956 3514 sanctas
980 3453 1054 3514 tuas
1078 3447 1252 3536 orationes,

122 3557 318 3624 dimiserunt
333 3575 385 3622 me
401 3555 530 3638 Latini,
558 3573 634 3620 nam
651 3553 820 3621 consihum
841 3561 1036 3639 acceperant
1060 3555 1252 3640 projiciendi

121 3684 174 3729 me
190 3665 224 3730 in
241 3683 330 3729 marc
340 3713 350 3748 ,
376 3661 434 3728 sed
451 3660 573 3748 cripuit
590 3681 640 3727 me
657 3661 836 3744 Dominus,
861 3666 982 3745 tuaque
1006 3668 1121 3729 sancta
1136 3665 1250 3732 oratio.

123 3772 247 3837 Exiens
271 3775 380 3836 antem
405 3769 614 3852 decivitate,
640 3787 790 3832 reversus
814 3787 885 3833 sum
909 3769 1041 3834 invilla
1065 3779 1252 3858 nuncupata

123 3875 353 3960 Cavatochori,
371 3881 403 3942 et
418 3876 464 3942 ibi
475 3875 545 3942 dies
558 3874 742 3959 quindecim
758 3874 933 3960 permansi,
951 3876 1069 3942 etinde
1080 3878 1153 3944 misi
1170 3879 1252 3946 duos

122 3989 227 4054 bonos
244 3985 391 4052 homiues
419 4003 508 4052 meos
524 3986 661 4052 Romam
677 3983 849 4050 Sanctitati
867 3988 963 4066 tuae;
986 3988 1018 4047 et
1035 3990 1141 4050 utrum
1166 3991 1271 4079 trau-¹

126 4095 254 4160 sieruut
269 4111 330 4158 uec
344 4094 403 4157 ue?
419 4091 511 4157 novit
526 4091 634 4174 Dcus;
653 4089 711 4155 sed
726 4089 854 4156 litterae
870 4088 949 4155 mihi
965 4108 1004 4154 ex
1020 4095 1114 4174 parte
1127 4089 1250 4158 domini

124 4203 187 4270 mei
213 4200 424 4288 Imperatoris
449 4206 625 4285 venerunt,
651 4198 773 4266 domiui
797 4198 953 4282 Joaunis,
980 4196 1125 4263 diceutes
1150 4199 1249 4266 mihi:

122 4313 297 4379 Revertere
313 4309 399 4394 cito,
425 4308 504 4393 quia
518 4309 572 4376 hic
595 4309 744 4395 pervenit
759 4307 945 4372 Cardinalis
962 4327 983 4371 a
999 4303 1129 4373 domino
1147 4308 1249 4392 Papa.

123 4418 253 4503 Lageus
269 4435 332 4500 ego
347 4415 473 4483 litteras
489 4417 717 4502 Imperatoris,
741 4421 772 4480 et
789 4414 902 4480 videns
919 4411 1073 4496 quoniam
1090 4433 1141 4478 mc
1158 4434 1250 4479 voca-

123 4527 190 4609 bat,
207 4541 357 4591 reversus
373 4541 463 4606 sum,
491 4528 524 4589 et
538 4523 672 4608 perveni
689 4522 847 4588 Drinaum
872 4540 930 4605 per
947 4537 1091 4586 mensem
1106 4521 1250 4605 Septem-

123 4635 223 4717 brem,
239 4637 272 4698 et
287 4629 398 4698 inveni
412 4629 516 4698 virum
541 4637 699 4716 sanctum,
710 4629 836 4716 justum
852 4633 884 4694 et
899 4632 1041 4715 rectum,
1062 4646 1083 4692 a
1098 4630 1156 4702 tua
1169 4627 1247 4702 Saa-
