3218 5192
603 322 759 428 Q

114 519 192 588 mici
211 517 297 608 (tgy)
326 520 523 588 seruiebaut.
549 518 680 590 Scilicet
702 539 761 606 per
784 525 850 588 tres
866 518 936 584 dies
960 525 1087 604 segetes
1108 521 1241 599 metant,

116 633 149 694 et
163 647 224 713 per
240 628 329 696 elice
341 635 407 696 tres
422 627 531 696 fenum
546 613 704 712 colligant
718 633 751 693 et
766 633 976 712 comportent,
1004 633 1035 692 et
1051 643 1241 712 quocunqne

114 737 257 802 voluerit
272 756 330 802 eos
346 736 460 804 Abbas
483 736 611 804 mittere
626 735 756 820 poterit.
783 737 826 802 Vt
841 741 951 802 autem
966 737 1026 801 hec
1050 755 1123 800 mea
1147 737 1242 798 testa-

116 845 272 910 mentalis
287 844 465 930 disposicio
480 850 563 928 rata,
588 843 779 928 stabilisque
794 851 994 928 permaneat,
1020 841 1242 910 nobilissimus

114 950 378 1036 Stephanus
396 953 466 1020 Rex
480 953 659 1036 Hungarie,
686 951 853 1035 Geytse
871 948 958 1037 (tgy)
973 951 1073 1034 Regis
1098 949 1183 1016 filins
1198 945 1242 1012 ad

114 1059 278 1146 suplicem
302 1059 497 1144 peticionem
519 1059 653 1144 Georgii
677 1057 812 1126 Comitis
834 1058 1097 1126 Borsiensis
1120 1059 1175 1143 pio
1198 1055 1214 1120 1
1233 1090 1242 1100 -

116 1183 199 1234 nore
209 1165 395 1248 inclinatus,
408 1185 466 1250 per
481 1165 618 1231 Bicen
628 1184 648 1230 n
658 1186 690 1230 m
706 1187 728 1230 n
738 1186 757 1232 o
769 1169 837 1229 tar
848 1165 859 1230 i
870 1183 890 1228 ιι
901 1186 932 1230 m
948 1165 981 1232 iu
991 1165 1243 1252 presenciasno·

116 1293 192 1340 ram
211 1271 388 1355 nobilium,
413 1271 579 1359 Ompud
601 1269 703 1356 Beni,
736 1271 909 1338 Laurcncii
932 1271 1074 1338 curialia
1099 1271 1244 1353 Comitis,

115 1379 235 1446 Luce
252 1378 398 1462 Comitis,
414 1380 564 1446 Ruben
581 1379 728 1464 Comitis,
744 1377 961 1448 Falconis
981 1376 1124 1464 Comitis,
1145 1380 1244 1446 Fon·

115 1487 188 1554 sol
214 1485 360 1571 Comitis,
387 1487 497 1573 sigillo
522 1487 625 1572 Regie
640 1487 822 1554 Maiestatis
847 1488 912 1554 Sue
931 1487 1015 1553 hane
1031 1495 1156 1554 cartam
1180 1508 1245 1553 mn·

117 1595 184 1662 niri
200 1595 355 1681 precepit.
381 1593 417 1661 Si
433 1594 505 1680 quis
522 1615 601 1680 ergo
616 1594 817 1681 inposterum
832 1594 928 1660 huius
949 1595 1091 1661 salubris
1107 1595 1245 1664 oblacio·

117 1703 172 1770 nis
190 1702 302 1768 datum
316 1701 515 1787 infringere,
541 1709 598 1769 aut
612 1705 738 1771 violare
761 1704 980 1788 temptauerit,
1006 1701 1246 1790 Omnipotentis

116 1811 181 1876 Dei
198 1809 314 1894 gracia
330 1816 362 1876 et
375 1811 487 1876 Sancti
502 1810 659 1896 Stephani
674 1811 773 1895 Regis
794 1811 954 1880 adiutorio
979 1817 1108 1895 careat,
1134 1812 1246 1898 Regie-

119 1937 185 2002 que
200 1919 385 1987 Maiestatis
402 1920 601 1988 anathemati
617 1921 794 1988 subiaceat.

357 2095 463 2164 (Knsuz
476 2095 594 2166 Ntndon
607 2102 722 2168 Magyar
736 2102 800 2154 Sion
814 2102 849 2154 ΙΙ.
863 2103 918 2154 not.
933 2103 975 2153 36.
989 2101 1017 2166 l.)

551 2387 816 2400 *m

661 2843 717 2910 60.

118 3015 257 3080 Mictatt
278 3017 365 3084 Vitat
381 3021 530 3086 velenczec‘
553 3021 630 3107 dopo
645 3021 728 3087 Arde
743 3025 836 3088 odrae
850 3027 882 3088 ds
904 3027 1000 3112 szipet
1031 3023 1250 3112 szahadea'pait

538 3130 722 3216 mcpcrdsiti.
739 3132 838 3196 1161.

233 3303 494 3390 Quotiescunque
511 3327 621 3376 earum
637 3329 743 3376 rerum
766 3311 899 3397 negotia
915 3317 1089 3396 geruntur,
1114 3329 1248 3394 quarum

121 3413 285 3480 memoria
300 3415 487 3482 necessario
512 3417 698 3502 posteritati
714 3421 952 3503 transmittitur,
968 3419 1097 3486 vinculo
1118 3418 1250 3503 scriptu·

120 3541 182 3588 rae
198 3520 349 3588 innodari
366 3528 511 3608 oportet,
537 3545 578 3590 ne
592 3545 749 3612 processu
772 3530 927 3613 temporis
946 3529 1051 3594 abusu
1075 3526 1250 3594 memoriae

123 3629 310 3713 antiquata,
328 3629 440 3713 aliqua
463 3631 494 3696 in
515 3631 648 3699 dubium
671 3634 820 3714 rediviva
836 3635 1031 3722 contemptio
1055 3642 1193 3718 revocet,
1220 3640 1252 3700 et

121 3736 243 3821 gignat
258 3754 299 3800 ex
314 3755 397 3822 pace
422 3738 572 3823 litigium.
598 3739 805 3828 Quapropter
819 3744 889 3812 Nos
914 3745 1045 3828 quidem
1061 3744 1179 3811 Vitalis
1194 3744 1252 3810 Mi-

120 3842 218 3908 chael
235 3840 298 3906 Dei
313 3842 420 3926 gratia
435 3845 654 3931 Venetiamm,
672 3851 858 3918 Dalmatiae
874 3859 971 3935 atque
987 3852 1161 3920 (lhroatiae
1176 3853 1252 3917 Dux

123 3949 279 4016 omnibus
295 3949 417 4016 Christi
432 3952 582 4022 fidelibus
598 3977 678 4024 suae
693 3959 896 4043 antiquitatis
913 3963 1033 4024 statum
1049 3965 1080 4024 et
1100 3957 1187 4042 quod
1203 3957 1253 4024 sui

119 4058 209 4142 juris
227 4075 301 4123 esse
318 4057 519 4142 dignoscitur
535 4063 725 4132 intemerate
739 4073 898 4155 perpetuo
915 4086 1049 4135 servare
1074 4066 1252 4152 cupientes,

124 4186 187 4250 ea,
212 4183 299 4248 quae
319 4169 516 4238 venerabilis
543 4171 666 4240 domini
682 4175 813 4241 Hearici
836 4173 981 4242 Danduli
1001 4171 1179 4242 Gradensis
1194 4171 1254 4236 Pa·

121 4269 302 4354 triarchas,
319 4280 503 4342 nostrornm
515 4279 665 4362 judicum
680 4287 712 4347 et
727 4283 910 4368 sapientum
935 4280 1071 4347 consilio
1095 4280 1254 4346 internos

122 4386 156 4444 et
172 4375 303 4446 nobiles
318 4379 478 4450 Arbensis
495 4381 645 4452 Civitatis
661 4386 749 4455 viros
765 4388 875 4455 fideles
901 4393 1030 4455 nostros
1048 4387 1156 4472 quiete
1182 4407 1254 4454 san-

123 4487 302 4568 citassent,
328 4487 362 4554 in
379 4492 509 4576 scriptis
525 4494 674 4580 redigere
690 4496 835 4581 fecimus,
866 4503 898 4563 et
914 4503 949 4563 nt
963 4497 1059 4582 hujus
1076 4499 1254 4566 sanctionis

122 4593 251 4682 mint
267 4605 408 4675 solidam
423 4605 591 4688 perpetuis
606 4606 805 4698 temporibus
821 4605 1006 4679 firmitatem
1026 4606 1181 4694 obtineat,
1200 4629 1253 4678 no·
