3164 5192
629 363 694 430 203

580 453 738 464 Μ-ι

81 556 288 643 episcopam,
301 559 363 624 sed
379 556 656 627 Archidiaconum
673 559 885 644 ministrasse,
909 557 1087 628 ac'dictum
1108 563 1151 629 M.
1164 564 1224 631 Fa·

81 685 210 732 rensem
229 655 268 733 se
290 669 324 733 in
345 666 494 733 Ecclesia
509 667 646 734 Farensi
664 667 782 734 iecisse
797 667 931 751 intrudi,
948 675 984 734 et
1005 687 1066 737 nos
1090 670 1223 756 inquisi-

81 775 205 840 tionem
236 775 354 841 horum
383 773 572 841 duxerimus
597 776 886 842 committendam:
914 774 1052 840 sollicite
1075 776 1223 844 volamus

81 899 285 969 precavere,
310 903 351 948 ne
376 881 508 949 interim
533 883 566 948 in
584 882 700 950 eadem
721 882 859 948 Farenei
875 882 1023 948 Ecclesia
1048 883 1174 968 aliquid
1190 885 1224 951 in

83 990 318 1075 spiritualibus
345 991 396 1056 vel
413 990 651 1077 temporalibus
677 991 904 1058 detrimentum
930 991 1084 1059 incurrat.
1112 995 1223 1078 Ipsam

82 1117 159 1183 ergo
175 1106 291 1164 vestre
307 1098 521 1167 sollicitudini
537 1099 785 1186 committentes,
803 1101 907 1168 donee
923 1099 1015 1166 alind·
1029 1104 1222 1186 statuamus,

83 1205 279 1275 discretioni
295 1214 404 1273 vestre
419 1227 478 1292 per
493 1207 683 1292 Apostolica
699 1207 823 1294 scripta
837 1207 1043 1292 mandamus,
1061 1213 1222 1293 quatenus

82 1315 193 1381 taliter
209 1315 280 1402 ipsi
295 1314 467 1400 providere
482 1315 612 1401 curetis,
639 1315 725 1402 quod
740 1317 913 1384 occasione
930 1315 1149 1383 controversie
1164 1317 1208 1383 lru

82 1423 133 1489 ius
148 1422 291 1509 aliquod
306 1423 512 1509 dispendium
528 1444 592 1492 non
608 1425 761 1490 incurrat.
779 1425 899 1490 Datum
910 1423 1064 1492 Laterani
1078 1425 1121 1492 Π.
1139 1424 1219 1491 Idus

84 1530 174 1610 Julii,
190 1531 410 1599 Pontificatus
426 1530 528 1600 nostri
545 1551 633 1600 anno
650 1531 804 1600 secundo.

86 1709 370 1777 (ligneslnnocentii
382 1711 432 1762 111.
446 1712 548 1763 Summi
560 1711 699 1763 Pontificio
709 1711 800 1777 Opera
811 1712 834 1764 1.
848 1711 905 1762 kot.
918 1710 979 1762 863.
993 1709 1021 1774 1.;
1034 1710 1151 1762 Thcincr
1163 1712 1220 1763 Mo·

85 1809 217 1855 nements
230 1803 334 1854 Vetera
352 1802 493 1855 slavorum
506 1802 723 1854 Meridionaliam
741 1804 764 1852 I.
777 1803 804 1852 k.
827 1802 917 1865 15.vl.;
937 1801 1060 1865 Parlati,
1079 1802 1220 1870 Illyricam

476 1889 589 1945 Sacrum
601 1891 648 1943 IV.
662 1891 719 1943 loa
732 1891 794 1942 246.
807 1890 837 1959 1.)

624 2645 700 2716 130.

93 2843 153 2909 ΙΙΙ.
170 2847 264 2912 lucae
283 2851 376 2933 pcipe
391 2847 556 2931 Horrida,
582 2845 683 2912 dolosi
705 2858 869 2934 caperestct
893 2849 925 2914 es
947 2851 1161 2936 caperestsipet
1184 2872 1224 2915 aa

117 2973 118 2976 ’
292 2955 429 3042 apostoli
444 2955 516 3020 ecclc
527 2953 725 3042 pdrtfopdau
740 2955 796 3020 odd
812 2957 902 3022 cesai.
927 2959 1025 3022 1199.

201 3154 413 3221 Innocentius
430 3155 613 3242 Episcopus
630 3173 743 3221 servus
758 3173 926 3222 servorum
942 3153 1005 3220 Dei
1021 3153 1140 3221 dilecto
1155 3153 1222 3222 tilio

95 3259 235 3329 ilenrico
260 3263 498 3328 archidiacono
524 3262 688 3329 clusiensi
712 3263 851 3330 salutem
875 3270 908 3328 et
923 3261 1146 3350 Apostolicam
1170 3263 1222 3327 be·

98 3367 323 3436 nedictionem.
350 3369 455 3436 Justis
472 3369 650 3454 petentium
668 3369 841 3436 desideriis
857 3369 991 3455 dignum
1007 3376 1057 3436 est
1071 3388 1131 3436 nos
1147 3368 1223 3435 faci-

99 3474 160 3540 lem
176 3479 337 3564 praebere
353 3495 558 3561 consensum,
576 3483 608 3542 et
623 3483 710 3562 vota,
727 3497 812 3562 quae
829 3478 997 3546 arationis
1013 3477 1143 3546 tramite
1158 3497 1223 3546 non

99 3583 285 3652 discordant
310 3585 426 3651 ellectu
443 3590 661 3670 prosequente
676 3585 850 3670 complere.
877 3587 1079 3673 Eapropter,
1105 3584 1223 3652 dilecte

99 3689 284 3758 inDomino
299 3691 367 3774 fili,
391 3691 458 3757 tuis
468 3691 569 3776 justis
585 3691 861 3776 postulationibus
877 3698 973 3776 grato
997 3697 1222 3761 concurrentes

100 3816 244 3881 assensu,
261 3817 433 3883 personam
450 3805 540 3864 tuam
551 3818 623 3864 oum
640 3797 790 3865 omnibus
802 3799 897 3866 bonis
913 3807 980 3865 tam
991 3799 1222 3868 ecclesiasticis

101 3924 193 3986 quam
211 3905 402 3989 mundanis,
429 3907 488 3972 sub
504 3906 598 3971 Beati
614 3905 703 3972 Petri
726 3912 758 3971 et
772 3911 886 3973 nostra
900 3908 1101 3992 protectione
1124 3908 1222 3974 susci-

14 4047 15 4050 *
101 4013 213 4097 pimus.
240 4013 434 4098 Specialiter
450 4019 558 4080 antem
574 4013 884 4113 Archidiaconatum
904 4015 1123 4100 clusiensem,
1149 4033 1222 4081 cum

102 4122 246 4187 omnibus
262 4121 467 4207 pertinentiis
484 4122 562 4206 suis,
580 4122 664 4189 sicut
678 4121 770 4188 illum
782 4123 872 4206 juste
885 4121 1035 4206 possides
1054 4127 1088 4186 et
1102 4121 1220 4206 quiete,

103 4225 261 4296 devotioni
285 4233 362 4294 tuae
387 4221 581 4296 auctoritate
597 4226 788 4313 Apostolica
810 4227 1055 4311 confirmamus,
1082 4235 1114 4294 et
1128 4247 1221 4312 prae-

104 4335 197 4401 sentis
214 4335 327 4420 scripti
351 4336 533 4422 patrocinio
550 4335 794 4404 communimus.
820 4335 910 4401 Nulli
926 4353 1006 4419 ergo
1022 4335 1153 4403 omnino
1167 4335 1221 4402 lro·

104 4441 218 4508 minum
233 4442 332 4508 liceat
347 4443 432 4508 hanc
446 4445 603 4530 paginam
618 4449 750 4511 nostrae
765 4441 1017 4510 confirmationis
1032 4441 1221 4524 infringere,

104 4547 152 4612 rel
166 4549 196 4616 ei
212 4569 293 4616 ausu
308 4551 482 4618 temerario
498 4551 669 4620 contraire.
685 4551 721 4618 Si
735 4549 809 4634 quis
826 4555 934 4616 autem
949 4551 1011 4618 hoc
1026 4555 1220 4638 attemptare

108 4656 364 4744 praesumpserit,
380 4655 636 4743 indignationem
653 4656 892 4745 Omnipotcntis
907 4657 980 4746 Dei,
1000 4663 1032 4727 et
1046 4658 1221 4730 &aterum
