3238 5184
629 323 785 422 ..ern

143 519 243 585 traire
261 519 295 583 in
312 519 433 602 aliquo,
460 520 655 585 auctoritate
671 519 795 586 domini
811 517 910 602 Regis
926 527 958 586 et
974 525 1097 603 nostra,
1117 541 1183 603 qua
1198 521 1268 586 fun-

142 626 259 711 gimur,
277 626 360 692 sicut
376 625 416 692 de
432 626 501 692 iure
518 627 634 692 melius
651 645 822 712 possumus
839 627 1076 694 confirmamus.
1093 627 1206 692 Amen.

178 842 213 904 (Α
226 843 418 908 pannonhalmi
430 839 574 909 iitapatsig
587 840 774 894 lsrslrtrtben
788 846 877 896 ὅτιὸτι
889 860 915 906 u,
929 861 955 894 n.
968 850 1047 896 rtrtts
1062 844 1222 908 kunyrbttl.)

571 1135 835 1155 Ἃ-

664 1643 741 1713 350.

146 1841 260 1930 Upola'a
277 1841 420 1906 Icciocaaa'
435 1839 580 1906 occense
596 1845 629 1906 es
644 1841 882 1911 mrerorsatme
894 1845 972 1910 rrrr‘at
985 1843 1141 1911 &tumea
1159 1846 1263 1910 stron-

140 1949 204 2014 aak
229 1947 328 2014 scelera
344 1973 365 2012 a
380 1949 473 2034 probi
488 1953 566 2033 aptit
592 1952 622 2013 cia
637 1947 763 2014 Stcdarm
778 1952 859 2016 Ιυάη
884 1953 953 2015 teet
971 1952 1162 2018 Zeti-'erorum
1184 1957 1267 2018 netu!

494 2055 596 2120 or'rrok
613 2057 798 2142 tarpyriboa.
818 2061 912 2126 1234.

250 2252 410 2335 Ugulinus
420 2252 482 2318 Dei
499 2253 611 2336 gracia
627 2251 815 2320 colocensis
825 2255 1111 2341 Archiepiscopus,
1131 2263 1164 2322 et
1180 2257 1264 2323 Aule

141 2362 242 2445 Regie
260 2359 481 2427 Cancellarius
498 2361 659 2426 uniuersis
671 2361 791 2427 Christi
808 2363 960 2430 fidelibus
977 2371 1160 2451 presentem
1176 2366 1267 2450 pagi-

141 2490 216 2534 nam
227 2468 421 2553 inspecturis
432 2469 570 2535 salutem
580 2467 612 2532 in
625 2469 740 2534 salutis
751 2476 889 2537 auctore.
897 2471 1103 2538 innotescere
1114 2473 1263 2540 uolumus

141 2575 345 2662 presentibus
362 2597 401 2641 ac
416 2575 554 2658 futuris,
573 2574 660 2658 quod
678 2595 749 2641 cum
766 2578 901 2662 Hozuga
917 2577 1028 2645 nobas
1053 2579 1094 2645 de
1117 2579 1218 2664 Grab,
1235 2589 1267 2646 et

142 2683 271 2752 Bertolo
288 2683 512 2750 ministerialis
529 2683 672 2750 eiusdem
684 2683 839 2767 Ecclesie,
858 2685 1088 2752 conuenissent
1102 2685 1136 2752 in
1155 2693 1267 2755 nostra

142 2793 310 2878 presencia
337 2791 509 2857 Iwankam
534 2789 635 2855 filium
652 2790 796 2856 Abraam
813 2791 854 2856 de
872 2789 1004 2875 Sudan,
1030 2803 1267 2876 conquerentes

141 2899 183 2965 de
199 2901 281 2986 ipso,
298 2899 383 2984 quod
400 2899 567 2982 quandam
582 2905 705 2966 terram
719 2899 784 2964 iam
801 2897 886 2964 dicte
904 2899 1061 2984 Ecclesie,
1080 2903 1265 2986 queZelba·

141 3027 245 3074 rouna
271 3009 397 3092 dicitur,
425 3010 522 3076 sitam
548 3007 591 3074 ad
607 3006 759 3091 Oranam,
778 3027 836 3094 per
858 3008 1051 3074 uiolenciam
1076 3015 1267 3096 occupatam

142 3124 258 3182 contra
283 3118 445 3184 iusticiam
463 3117 640 3200 detineret;
667 3114 834 3200 respondit
855 3115 1099 3201 prenominatus
1119 3111 1267 3199 Iwanka,

142 3243 206 3289 non
223 3225 391 3308 uiolenter,
419 3224 476 3290 sed
492 3225 561 3290 iure
587 3223 783 3309 empcionali
801 3224 834 3288 in
855 3223 1095 3308 possessionem
1121 3223 1266 3290 eiusdem

141 3337 228 3395 terre
245 3352 281 3398 se
297 3333 438 3398 uenisse.
465 3333 516 3398 Ad
533 3331 620 3415 quod
635 3330 838 3417 probandum
856 3329 1001 3396 eiusdem
1019 3335 1103 3396 terre
1120 3329 1266 3398 uendito-

142 3459 204 3522 res,
223 3441 308 3508 filios
324 3441 449 3507 scilicet
464 3441 575 3506 Butler
589 3440 748 3507 iacobum
772 3447 805 3506 et
820 3438 927 3507 Petka
942 3445 1097 3525 patronos
1114 3439 1265 3526 superius

142 3546 228 3614 dicte
245 3547 390 3612 Ecclesie
406 3547 440 3612 in
456 3553 569 3614 nostra
584 3546 753 3614 constituit
769 3546 948 3632 presencia,
975 3547 1030 3630 qui
1046 3547 1176 3633 publice
1192 3556 1271 3615 sunt

143 3653 291 3738 professi,
318 3675 354 3721 se
371 3653 437 3720 iam
454 3652 574 3720 dictam
598 3661 719 3722 terram
746 3655 874 3721 Iwance
899 3654 1095 3721 uendidisse.
1123 3656 1266 3734 Quorum

142 3781 213 3826 eum
230 3763 333 3827 eciam
359 3761 500 3846 simplici
526 3761 705 3828 assercioni
731 3761 819 3827 credi
842 3761 1012 3848 potuisset,
1039 3760 1083 3828 ad
1108 3762 1265 3832 maiorem

142 3877 249 3934 tamen
266 3869 343 3936 iuris
360 3869 569 3936 exaccionem
586 3870 692 3936 uisum
708 3875 758 3936 est
773 3871 887 3954 nobis,
913 3872 1097 3954 nostrisque
1121 3889 1263 3939 assesso·

142 3979 242 4062 ribus,
262 3976 413 4044 uidelicet
428 3978 612 4044 uenerabili
627 3976 792 4045 Baradlao
808 3979 971 4064 Episcopo
989 3977 1136 4062 Senensi,
1153 3985 1186 4044 et
1202 3981 1266 4044 Da·

141 4087 219 4154 nieli
236 4086 473 4154 Archidiacono
490 4085 673 4170 Bachiensi,
691 4091 723 4151 et
738 4085 877 4151 Martino
894 4085 996 4167 Bano,
1013 4090 1046 4149 et
1056 4083 1187 4150 Andree
1204 4085 1264 4152 Oo-

142 4195 222 4278 miti,
249 4202 283 4260 ut
299 4194 378 4263 dicti
392 4195 538 4263 Jacobus
555 4200 587 4262 et
603 4193 709 4260 Petka
734 4193 952 4261 assercioncm
973 4211 1066 4259 suam
1081 4193 1264 4260 iuramento

141 4303 378 4369 confirmarent.
407 4305 547 4369 Prostito
572 4301 673 4387 igitur
697 4307 902 4367 sacramento
928 4301 961 4366 in
987 4305 1101 4366 nostra
1125 4299 1262 4387 capella,

141 4408 267 4475 Abbate
284 4418 317 4476 et
342 4429 401 4477 sno
418 4409 541 4476 Ouriali
561 4407 687 4476 comite
703 4427 761 4494 pro
777 4406 891 4472 merito
916 4404 1170 4492 condempnatis,
1185 4425 1264 4494 sepe

142 4515 230 4582 dicte
245 4526 333 4584 terra
356 4516 493 4605 pacifice
509 4523 541 4582 et
555 4515 626 4583 sine
651 4513 910 4583 contradictione
934 4511 1047 4595 aliqua
1069 4517 1119 4578 est
1133 4513 1263 4582 Iwanee

141 4625 292 4692 restituta
307 4623 486 4710 empcionis
501 4625 579 4710 iure,
605 4621 692 4706 quod
707 4619 921 4705 allegauerat,
940 4617 1151 4705 possidenda,
1179 4626 1211 4687 et
1228 4621 1262 4690 in
