3268 5194
671 285 711 348 21

676 377 707 382 ..--
723 376 765 384 -.

119 481 362 564 Lidineviiiam,
378 479 625 562 Onoraciacum,
643 480 798 546 Wabram
818 479 1061 564 etHairoscum,
1073 482 1257 565 Frigidam-

119 611 266 673 concam,
294 587 684 672 Villarc,Nureieu1tem,
710 586 885 672 Quernum,
912 589 1123 673 Milesiacum,
1150 591 1255 656 Dedo-

119 697 305 782 niseurtem,
322 698 649 782 Saurilioniscurtem,
674 696 903 782 Gencbrarias,
920 697 1093 766 Jcranicas
1119 698 1161 764 ad
1179 699 1253 766 offe·

119 806 254 872 rendam
271 806 476 874 oblacionem
492 805 642 888 Domino,
659 805 934 890 Brialdiscurtem,
951 805 1063 872 villam
1083 805 1251 874 monacho·

120 935 189 982 rum
207 916 378 983 dimidiam
402 936 475 982 cum
501 915 651 998 ecclesia,
668 914 916 998 Baloionachas,
933 914 1085 999 Aniocas,
1102 914 1252 980 Maurini—

116 1028 251 1106 curtem,
264 1021 485 1105 Valerianam,
496 1019 737 1102 Rodulfivilare,
755 1021 799 1086 ari
810 1025 988 1086 sarcotenta
1003 1021 1115 1106 templi
1131 1028 1251 1086 restau-

116 1128 232 1212 randa,
251 1127 504 1214 Campaniam,
521 1125 797 1210 Monastcriolum,
823 1125 1043 1208 Punieherias,
1069 1126 1249 1192 Waldonis-

116 1244 252 1318 curtem,
263 1235 433 1303 Benoliaei
443 1233 567 1318 villam,
584 1233 758 1300 eeclesiam
768 1231 997 1318 Aymilstivilc,
1008 1232 1248 1318 Ansaldicurte,

114 1341 321 1424 Sirieicurte,
348 1339 533 1407 Berlleville
549 1339 774 1424 medictatem,
800 1339 957 1406 eeclesias
982 1357 1094 1406 omnes
1114 1339 1156 1406 dc
1170 1339 1248 1407 fisco

117 1447 375 1516 Wanbionisrivi
401 1447 444 1514 ad
460 1467 605 1514 mensam
620 1447 767 1532 fratrum,
792 1455 917 1516 ceteras
932 1467 1008 1514 vero
1025 1466 1076 1512 res
1093 1447 1137 1512 ad
1152 1445 1247 1512 vesti-

117 1562 229 1621 menta
254 1553 403 1620 emenda.
429 1554 467 1620 ln
491 1553 662 1620 Provincia
687 1561 795 1620 autem
820 1555 1019 1637 barvillae,
1047 1553 1081 1619 id
1097 1561 1148 1620 ost
1163 1553 1248 1635 Seis,

117 1663 241 1730 Viridis
265 1663 366 1729 caleis
392 1661 462 1728 sive
478 1663 661 1749 Wapingas
686 1667 718 1727 et
742 1663 860 1728 vallem
877 1660 1066 1737 Quiriadem
1090 1660 1188 1726 sitam
1213 1661 1247 1725 in

114 1791 205 1858 pago
222 1771 457 1837 Ebredunensi.
475 1773 512 1836 ln
527 1791 616 1855 pago
632 1769 847 1854 lingonensi:
869 1767 1079 1850 Maecianum,
1096 1767 1246 1834 Jorchen-

112 1879 257 1960 niacum,
274 1884 307 1943 et
322 1876 479 1960 quicquid
494 1876 538 1942 ibi
555 1877 697 1962 respicit,
724 1875 783 1942 hec
800 1881 874 1940 sunt
890 1874 943 1940 CL
968 1873 1074 1939 mansi
1098 1871 1140 1938 ad
1156 1871 1245 1936 indu-

114 1990 225 2050 menta
241 1983 394 2068 fratrum3
421 1983 500 2050 alibi
517 1984 659 2068 Bayrum
686 1982 729 2048 ad
754 1966 943 2048 indumenta
967 1980 1121 2064 fratrum,
1147 1980 1245 2063 Aiga·
1302 2029 1312 2043 .

112 2091 329 2158 naldicurtem
346 2111 419 2158 cum
435 2089 575 2158 ecclesia
590 2089 622 2155 in
638 2089 760 2156 honore
776 2089 887 2156 Sancti
903 2087 1024 2170 Albini,
1041 2085 1244 2169 Camiaeum,

112 2199 301 2264 Fmrnmam
318 2206 351 2265 et
365 2198 582 2282 Rimiliacum,
606 2203 639 2264 et
653 2197 804 2280 quiequid
821 2196 865 2262 ari
884 2197 965 2262 istas
983 2195 1080 2261 villas
1096 2193 1243 2280 pertinet.

112 2307 149 2370 ln
172 2325 261 2390 pago
277 2305 406 2370 Vircnsi
431 2304 511 2370 villa
534 2323 620 2386 quac
635 2303 829 2370 Buecunaca
845 2303 971 2369 dicitur.
998 2304 1035 2368 ln
1059 2321 1146 2386 pago
1163 2299 1244 2366 Sali-

109 2412 205 2478 nensi
221 2433 319 2498 super
334 2412 433 2478 fluuio
450 2409 638 2494 tiemonem,
656 2409 830 2476 ecelesiam
847 2409 1016 2476 inhonore
1035 2405 1147 2472 Sancti
1163 2407 1243 2472 Mar-

109 2520 189 2602 tini,
215 2539 289 2585 cum
305 2517 475 2604 mancipiis
502 2518 668 2600 utriusque
685 2535 802 2599 sexus,
828 2522 860 2580 ct
875 2515 949 2583 loca
972 2515 1035 2581 duo
1052 2515 1086 2580 in
1108 2514 1243 2579 Marsali

109 2647 182 2692 cum
199 2625 404 2712 appendiciis
419 2627 488 2692 suis
504 2631 536 2690 et
552 2623 674 2690 mansis
690 2626 766 2690 llll.
782 2625 820 2688 Iu
836 2624 909 2689 vico
925 2621 1076 2688 Madiane
1088 2621 1161 2688 loca
1177 2619 1240 2686 duo

110 2736 198 2800 eirea
213 2733 320 2800 huuas
337 2729 423 2820 (igy)
438 2734 548 2800 Sancti
564 2732 655 2818 Apri.
681 2734 719 2797 In
735 2731 806 2798 vico
823 2729 962 2796 Bedesio
978 2748 1126 2796 mansum
1142 2747 1241 2793 unum

109 2862 183 2909 cum
209 2841 370 2908 universis
390 2840 593 2928 appendiciis
619 2841 708 2923 suis,
734 2838 889 2904 Sanctum
905 2837 1044 2922 Bricum,
1063 2833 1240 2917 Ferrcrias,

109 2950 266 3034 Fieeium,
291 2949 509 3032 Lambreium,
532 2949 682 3033 Kalmas,
702 2947 999 3030 Ravinifcntanam,
1023 2944 1241 3010 Fulehericur-

110 3065 176 3124 tem
193 3078 266 3124 cum
283 3057 410 3123 duabus
434 3058 519 3124 tonis
536 3053 632 3142 (tgy),
659 3055 960 3136 Gundoniscurtcm,
987 3051 1239 3136 Angelisvilare,

109 3165 287 3246 Fontanus,
299 3165 491 3248 Anagrates,
502 3162 872 3246 SanctumWalbertum,
882 3161 1083 3226 Trenoaeum
1095 3177 1168 3224 cam
1180 3175 1236 3240 ap·

110 3269 272 3356 pendiciis
287 3269 366 3354 suis,
383 3269 556 3336 ecclesiam
572 3269 613 3334 de
623 3268 726 3334 Sanez
742 3289 814 3334 cum
826 3265 1030 3354 appendiciis
1047 3265 1125 3346 suis,
1142 3265 1238 3328 Sane·

109 3386 177 3443 tum
189 3377 354 3461 Egidium,
370 3375 523 3442 Sanctum
537 3375 724 3463 Sulpicium,
745 3372 1237 3457 Villam-Manf1·edi,Pometum,

108 3487 228 3569 Boens,
245 3485 397 3568 Adelcns,
414 3483 602 3570 Capellam,
623 3483 880 3566 Parati-villam,
896 3481 1054 3564 Boletum,
1071 3478 1237 3557 Bruseam,

108 3592 400 3676 Baldoniseurtem,
417 3593 519 3658 liuns.
540 3590 611 3658 llae
626 3592 725 3676 igitur
740 3591 870 3658 racione
885 3595 917 3656 et
935 3588 1136 3655 discrecione
1156 3586 1238 3654 utili·

109 3707 158 3766 ter
173 3699 332 3784 inspecta,
344 3699 433 3783 jura,
449 3697 667 3780 auctoritates,
684 3696 868 3784 priuilegia,
885 3695 1066 3761 libertatem
1083 3714 1104 3760 a
1119 3691 1237 3760 Sancte

107 3809 255 3874 Romane
268 3805 362 3872 Sedis
378 3805 596 3890 Pontificibus,
624 3805 694 3872 sive
710 3805 752 3871 ab
769 3805 1028 3872 antecessoribus
1045 3801 1164 3870 nostris
1180 3801 1237 3866 Re-

107 3915 204 3998 gibus
229 3913 284 3980 vel
309 3915 563 4000 Imperatoribus
588 3911 865 4000 supranominatis
890 3912 1008 3976 Sancte
1040 3909 1238 3976 Luxoviensi

108 4023 255 4089 Ecclesia
272 4041 463 4090 concessam
488 4027 520 4088 et
536 4021 760 4105 contraditam,
783 4019 1027 4102 confirmamus,
1053 4015 1236 4082 corrobora-

106 4151 177 4198 mus
193 4139 227 4198 et
244 4131 493 4198 auctorisamus.
508 4133 646 4218 Insuper
661 4129 828 4217 Imperiali
844 4125 1036 4194 auctoritate
1052 4128 1164 4190 nostra
1178 4138 1237 4206 per

107 4260 235 4306 omnem
252 4240 399 4324 ejusdem
415 4239 563 4306 Ecclesia
573 4239 753 4306 Abbaciam
768 4237 941 4304 tessariam
957 4228 1150 4300 omnimodis
1167 4225 1237 4293 fieri

105 4347 328 4431 prohibemus,
354 4353 387 4414 et
401 4353 437 4412 ut
452 4346 599 4414 homines
615 4346 760 4431 ejusdem
777 4341 965 4412 monasterii
987 4335 1235 4404 necessitatibus

104 4453 285 4520 seruientes
300 4453 345 4519 ad
363 4453 495 4521 diversa
519 4454 658 4538 negocia
680 4474 738 4540 per
762 4453 946 4518 universum
961 4449 1108 4530 Regnum
1132 4443 1236 4528 Impe-

104 4563 255 4650 riumque
271 4567 417 4634 nostrum
433 4569 544 4635 nostro
559 4561 725 4656 Imperiali
740 4561 847 4632 banno
863 4557 973 4642 libere,
993 4572 1106 4628 secure
1117 4551 1236 4622 discur-
