3268 5194
842 333 998 438 *roffi

461 537 545 603 Item
562 535 603 602 ue
619 534 691 602 istis
707 535 856 601 omnibus
873 555 974 620 supra
990 533 1112 601 dictum
1129 535 1360 604 monasterium
1375 537 1490 604 Sancti

354 642 504 710 Mauricii
529 641 562 706 in
588 639 738 708 Bahonio
764 641 893 708 omniuo
918 642 1018 708 nichil
1044 642 1209 728 possidet;
1235 649 1344 711 tamen
1375 645 1488 713 omnia

350 751 428 836 jura
443 755 476 816 et
487 749 543 835 jus
560 749 741 834 predictum
757 749 853 836 plene
868 754 901 816 ct
916 749 1044 835 integre
1059 750 1169 816 babet.

355 947 426 1016 (XV.
441 943 549 1003 natandi
562 945 694 1002 1111111111
707 963 724 1000 a
735 948 928 1016 panuuuhalmi
942 966 977 1000 11.
992 944 1106 1002 11411111
1119 945 1263 1017 lbapitshg
1276 946 1489 1019 lcvhlthrabau.)

788 1233 1050 1248 -κ-Ἇ--ῑ-Μ

900 1793 954 1863 lu.

360 1995 532 2061 Krcscimir
555 1995 853 2060 horode-dalmdtiui
875 1993 982 2080 hircilp
1001 1995 1180 2082 udomdayu
1202 2018 1223 2059 α
1239 1993 1382 2082 helprddc'
1405 1991 1488 2077 (tau-

585 2099 819 2188 pcrfclrc'rvdri)
836 2105 974 2188 updtsup
989 2105 1145 2166 raumara.
1168 2103 1265 2166 1059.

469 2279 564 2345 Anno
581 2278 624 2343 ab
639 2281 866 2346 lucarnatione
882 2280 1014 2346 Domini
1037 2279 1139 2348 nostri
1155 2281 1236 2348 lesu
1252 2277 1373 2346 Christi
1393 2279 1490 2346 1059.

360 2387 541 2454 indictione
554 2385 596 2451 X.
613 2391 771 2470 regnante
798 2387 992 2455 Crescimiro
1010 2390 1100 2472 Rege
1125 2386 1338 2455 chroatorum
1364 2393 1397 2453 et
1414 2387 1490 2452 Dal-

362 2496 536 2563 matiorum
551 2511 663 2560 mense
678 2494 857 2562 Februario
873 2496 906 2562 in
923 2497 1062 2562 Ciuitate
1072 2495 1245 2580 Belgraho.
1263 2497 1491 2588 Dragosclauo

362 2604 477 2672 Priore
493 2608 526 2668 11
542 2602 728 2670 Theodosio
746 2603 910 2690 Episcopo
927 2605 1141 2674 absolutionis
1152 2611 1185 2672 et
1199 2604 1402 2672 liberationis
1421 2624 1490 2669 car-

362 2713 432 2778 tula
456 2711 546 2776 11111
560 2715 611 2777 111
635 2711 832 2779 monasterio
847 2713 957 2778 Sancti
976 2713 1114 2780 loannis
1130 2711 1362 2797 Evangelistae
1388 2731 1493 2799 nuper

363 2823 425 2890 sito
441 2821 474 2887 in
491 2820 606 2888 eodem
622 2821 704 2886 loco.
720 2822 899 2888 Praesente
915 2819 1077 2911 A(ndrca)
1088 2821 1218 2888 Abbate
1234 2821 1368 2906 eiusque
1383 2819 1490 2888 fratri-

362 2931 423 2996 bus
439 2929 512 3016 ipso
527 2932 618 3012 Rege
627 2929 764 3014 jubente
778 2929 840 2997 hoe
854 2929 961 2997 modo.

470 3038 541 3122 Ego
552 3036 804 3104 OrescimirRex
819 3037 879 3103 tibi
894 3038 1076 3105 venerabili
1085 3039 1207 3105 Abbati
1217 3035 1398 3125 A(ndreae)
1415 3037 1490 3103 tuis-

362 3167 425 3232 que
441 3145 607 3230 fratribus,
624 3151 743 3230 tuoque
752 3145 960 3230 monasterio,
977 3165 1124 3231 qucrnea
1135 3145 1294 3230 jussione,
1311 3151 1343 3211 11
1354 3146 1489 3228 solacio,

362 3255 426 3321 imo
442 3259 534 3320 verto
551 3273 670 3336 magno
686 3253 801 3321 labore
817 3254 986 3321 inchoatur
1002 3261 1035 3320 et
1050 3253 1235 3339 perficitur,
1247 3253 1354 3320 tribuo
1370 3261 1402 3319 et
1418 3274 1489 3319 con-

363 3362 443 3430 cedo
459 3363 540 3446 hoc,
567 3368 602 3426 ut
617 3361 798 3448 praemisso
816 3363 1047 3430 Ecclesiastico
1059 3364 1134 3447 jure
1150 3363 1229 3428 nulli
1245 3361 1367 3428 homini
1382 3361 1490 3446 subju·

363 3469 504 3555 gemini,
530 3469 594 3534 nisi
610 3469 681 3535 Deo
702 3487 846 3554 summo,
873 3469 924 3535 cui
940 3489 999 3538 vos
1015 3469 1196 3536 humillime
1212 3467 1409 3553 devovistis,
1437 3489 1490 3534 ve·

362 3583 529 3659 utrumque
545 3576 778 3641 monasterium
802 3576 846 3644 sit
861 3579 1047 3645 absolutum
1063 3581 1105 3645 ab
1124 3577 1274 3645 omnibus
1294 3577 1490 3645 collectioni-

363 3683 435 3765 bus,
453 3685 588 3766 excepto
605 3681 638 3746 in
655 3682 885 3768 solempnitate
900 3685 1047 3770 ejusdem
1065 3683 1233 3750 Ecclesiae
1243 3683 1407 3770 Episcopo
1426 3683 1490 3749 loci

362 3789 478 3875 ipsius,
496 3807 601 3872 agnus
613 3789 716 3874 virus,
735 3797 770 3858 et
786 3794 948 3878 ampullas
960 3793 1025 3858 vini
1040 3791 1185 3876 largiens
1201 3792 1373 3875 tribuatur,
1391 3791 1490 3858 ethis

363 3895 502 3981 largitis,
519 3917 584 3962 non
599 3896 783 3982 Episcopo,
810 3921 874 3967 non
890 3900 994 3967 Priori
1009 3899 1103 3966 vobis
1119 3899 1232 3964 illicite
1248 3917 1331 3964 ausu
1353 3904 1489 3963 11111111-

362 4005 411 4072 rio
427 4005 527 4070 liceat
542 4003 713 4071 dominari.
738 4007 780 4071 Et
795 4028 835 4073 ne
851 4009 932 4074 hacc
948 4014 1079 4076 nostrae
1104 4005 1307 4074 diffinitionis
1331 4005 1491 4092 paginula

362 4112 512 4180 solubilis
526 4132 585 4198 per
611 4113 757 4180 labentia
772 4119 921 4199 tempora
936 4115 1086 4182 videatur
1101 4115 1329 4199 Aprocrisario
1348 4115 1491 4182 Sanctae

361 4221 528 4287 Romanae
550 4221 737 4304 Ecclesiae,
764 4221 951 4286 Venerabili
968 4219 1097 4286 Abbate
1124 4221 1325 4306 Maynardo,
1352 4221 1491 4288 missua

362 4325 499 4394 Nicolao
515 4327 727 4394 Sanctissimo
742 4329 854 4412 Papa,
881 4329 1102 4395 roborevimus
1118 4333 1277 4414 perpetuo
1300 4345 1492 4414 permanen·

362 4433 416 4499 da.
433 4435 493 4501 Oui
509 4435 608 4500 etiam
624 4435 694 4502 iure
710 4443 868 4521 perpetuo
881 4437 1064 4503 adhaereat
1087 4437 1211 4503 tradita
1227 4457 1248 4502 a
1263 4435 1357 4503 nobis
1373 4435 1491 4518 insula,

363 4557 449 4623 quae
465 4546 599 4608 vocatur
615 4541 704 4608 Juris
729 4548 761 4609 et
777 4546 875 4609 Curte
891 4543 924 4608 in
944 4544 1015 4610 loco
1040 4563 1183 4626 congruo
1209 4543 1377 4626 Civitatis,
1404 4541 1492 4627 quod

360 4645 500 4731 Roggua
515 4647 642 4732 dicitur,
668 4668 741 4714 cum
757 4649 906 4717 omnibus
921 4649 1186 4735 possessionibus
1210 4649 1315 4736 ipsius
1330 4655 1494 4718 monaste-
