3164 5192
907 909 982 977 119.

454 1109 517 1172 ΙΙΙ.
536 1108 621 1172 Bo‘lo
639 1109 746 1193 kircily
761 1109 940 1196 odoardnya
956 1133 977 1172 α
990 1111 1082 1195 pilr'ei
1097 1119 1249 1174 arouostor
1264 1111 1444 1174 estimem!

824 1217 1055 1282 1173-1196.

483 1433 525 1440 —
544 1433 586 1441 -
603 1395 739 1462 Tributa
753 1403 862 1463 autem
879 1396 1104 1482 possessiones
1114 1401 1147 1460 et
1162 1394 1318 1478 redditus,
1335 1393 1508 1476 dequibus

376 1506 471 1572 nobis
488 1504 632 1570 constitit
649 1505 755 1590 ipsam
767 1506 950 1572 Ecclesiam
968 1505 1000 1570 in
1016 1523 1127 1570 eorum
1142 1503 1280 1590 pacifica
1295 1503 1512 1588 possessione

376 1613 477 1678 fuisse
494 1619 526 1677 et
543 1631 626 1696 osse,
644 1619 719 1679 sunt
734 1615 793 1678 beo
810 1639 817 1678 :
839 1613 991 1680 videlicet
1008 1611 1166 1678 medietas
1183 1611 1296 1678 tributi
1312 1611 1455 1694 Regalis
1471 1610 1511 1677 de

378 1719 524 1802 lautino,
552 1739 627 1784 nam
645 1719 708 1784 duo
725 1727 836 1805 partes
852 1723 956 1786 tocius
972 1718 1082 1784 tributi
1098 1717 1281 1784 lauriensis
1302 1716 1345 1782 ad
1362 1738 1424 1784 nos
1442 1737 1511 1803 per·

376 1825 545 1910 tinebant,
570 1825 612 1892 de
636 1826 754 1908 quibus
782 1849 879 1894 unam
897 1833 1023 1912 partem
1047 1826 1145 1892 habet
1164 1824 1315 1892 Ecclesia
1341 1825 1384 1891 de
1399 1825 1511 1892 Bocon

380 1932 512 2022 (Ziroz),
540 1936 640 2000 aliam
668 1943 794 2020 partem
820 1935 971 2003 Ecclesia
987 1937 1027 2002 de
1044 1935 1144 2019 Plijs,
1171 1953 1268 2018 quam
1294 1933 1447 2019 possidet
1471 1951 1512 2000 ex

377 2042 557 2110 donaciono
574 2041 696 2126 inclyte
712 2043 955 2111 recordacionis
965 2044 1042 2109 Belo
1057 2042 1157 2127 Regis
1175 2041 1229 2108 avi
1239 2041 1356 2126 nostri,
1373 2042 1511 2108 terciam

376 2170 452 2216 vero
468 2153 594 2235 partem
621 2149 759 2233 percipit
775 2149 892 2217 (lomes
908 2150 1094 2217 Jauriensis
1117 2169 1176 2234 pro
1192 2154 1339 2236 tempore
1355 2148 1510 2216 eonstitu-

376 2265 427 2322 tus
444 2257 506 2324 stb.
524 2295 567 2303 -
585 2293 627 2301 —

376 2433 432 2498 (IV.
447 2433 512 2484 Bdlu
526 2434 613 2502 kiraily
631 2437 740 2489 luti-ki
761 2436 921 2502 megeriisltd
935 2436 1190 2506 privilegiumsotl‚
1209 2436 1337 2504 Fojdrnel
1357 2437 1422 2488 Ood.
1438 2436 1509 2501 Dipl.

786 2527 833 2580 lv.
849 2529 902 2579 lot.
920 2533 944 2580 2.
957 2546 977 2578 r.
993 2531 1054 2584 216.
1069 2529 1098 2595 l.)

826 2818 881 2824 ..—
895 2819 933 2824 ---
952 2817 1050 2825 ..—·-—

377 3460 438 3523 III.
449 3459 691 3543 Caelestiupdpa
705 3459 826 3540 Vineae,
837 3461 1046 3544 saprizoponi
1047 3459 1168 3546 1άώναί
1173 3461 1327 3546 apdlaok,
1333 3481 1373 3522 oz
1383 3459 1521 3558 ορρχήάιίΙ

495 3566 626 3651 boldsdp
633 3565 852 3650 jeloe'uycu'uck
869 3566 1072 3632 lucentulam
1087 3567 1278 3652 mcqeupcdi.
1299 3568 1390 3630 1196

484 3758 688 3830 Caelestinus
705 3761 887 3846 Episcopus
904 3782 1019 3829 seruus
1035 3745 1205 3830 seruorum
1216 3763 1290 3847 Dei,
1308 3761 1434 3828 dilecto
1447 3759 1509 3826 filio

377 3865 547 3931 Vincentio
563 3866 681 3932 Abbati
700 3868 811 3932 Sancti
829 3869 1004 3953 Grisogoni
1021 3870 1184 3936 ladertini
1212 3870 1354 3935 salutem
1381 3875 1415 3933 ct
1430 3870 1510 3953 Apo-

377 3973 525 4039 stolioam
543 3975 809 4040 benedictionem.
827 3974 907 4041 (lum
924 3984 955 4043 tc
972 3976 1136 4060 devotum,
1156 3982 1187 4042 et
1204 3977 1332 4042 fidelem
1344 3975 1510 4041 Ecclesiae

377 4081 477 4147 filium
494 4101 568 4148 esse
585 4081 776 4168 credamus,
806 4085 921 4151 honori
939 4091 993 4152 tuo
1009 4086 1149 4152 libenter
1167 4085 1379 4168 intendimus,
1396 4093 1431 4151 et
1446 4101 1511 4169 per·

380 4209 492 4254 sonam
512 4196 600 4254 tuam
617 4189 728 4272 aliquo
755 4191 891 4274 speciali
907 4192 1081 4279 privilegio
1106 4191 1258 4259 duximus
1274 4191 1510 4270 honorandum,

380 4301 411 4360 et
427 4301 462 4360 ut
488 4294 666 4362 ferventius
692 4295 725 4360 in
742 4303 873 4382 nostra,
902 4305 935 4366 ct
950 4302 1117 4366 Romanae
1144 4300 1314 4366 Ecclesiae
1338 4299 1511 4366 devotione

386 4403 562 4487 persistas,
581 4423 644 4487 quo
660 4409 692 4466 te
711 4405 841 4470 noveris
856 4427 914 4492 per
931 4427 990 4472 nos
1005 4407 1149 4490 honor'e,
1176 4427 1215 4472 ao
1231 4406 1395 4491 dignitate
1417 4407 1511 4472 eccle

380 4509 514 4576 siastica
530 4509 729 4576 decoratum.
746 4511 939 4598 Eapropter‚
956 4514 1073 4581 dilecte
1089 4515 1124 4579 in
1134 4515 1277 4582 Domino
1296 4517 1353 4598 fili,
1371 4514 1510 4581 devotio-

376 4638 450 4684 nem
465 4624 555 4684 tuam
571 4625 602 4685 et
618 4620 826 4703 prudentiam
850 4623 1075 4709 attendentes,
1103 4645 1198 4692 usum
1220 4624 1338 4691 mitrae
1348 4675 1358 4708 ‚
1389 4623 1509 4702 annuli,
