3202 5190
882 979 958 1049 luo.

351 1177 414 1243 111.
427 1177 516 1242 lucae
530 1176 684 1263 pdpdaolc
699 1175 792 1243 lcocle
808 1179 1002 1263 Joauaitr'ua,
1017 1203 1037 1244 α
1053 1181 1472 1270 corporatorallcodojctoz,

349 1283 492 1372 uulylyel
507 1285 538 1350 tu
547 1283 741 1372 fslrzdllttja
750 1335 761 1366 ,
788 1286 868 1374 bcpy
883 1311 905 1352 a
924 1287 1215 1377 bmntnatindpolpi
1235 1289 1316 1357 latin
1333 1295 1480 1358 emtur-

633 1393 746 1480 adppal
762 1393 932 1483 bekeradpet
947 1405 1078 1466 carran.
1099 1399 1194 1464 1207.

459 1589 665 1658 Innocentius
676 1590 861 1678 Episcopus
878 1596 939 1658 etc.
950 1591 1142 1660 charissimo
1153 1591 1186 1658 in
1199 1591 1329 1663 christo
1340 1594 1408 1664 lilio
1424 1617 1479 1665 no-

352 1704 419 1765 stro
430 1695 634 1782 Galojoanni,
651 1698 733 1784 Regi
743 1698 957 1782 Bulgarorum
975 1699 1110 1766 Illustri.
1128 1697 1208 1766 Cum
1224 1702 1376 1786 superbis
1385 1703 1480 1771 Deus

350 1804 502 1890 resistat,
527 1805 704 1872 humilibus
721 1811 828 1884 autern
843 1805 898 1872 det
914 1807 1064 1892 gratiam,
1076 1808 1174 1892 juxta
1193 1808 1279 1892 qnod
1295 1809 1479 1895 Apostolus

352 1905 497 1982 lacobus
522 1919 741 1998 contestatur,
770 1934 792 1980 a
816 1915 955 1983 Domino
978 1914 1038 1980 tibi
1062 1915 1259 2001 triumphum
1283 1936 1479 1988 eoncessum

353 2041 417 2089 non
433 2027 509 2088 tuae
525 2021 634 2088 virtuti
651 2020 817 2088 ascribere
834 2021 993 2104 debuisti,
1021 2023 1079 2088 sed
1095 2023 1203 2108 potius
1226 2023 1355 2092 illorum
1372 2025 1479 2113 impu-

353 2139 424 2196 tare
439 2129 602 2216 peccatis,
627 2130 681 2213 qui
699 2127 767 2196 suis
784 2128 990 2213 exigentibus
1010 2129 1132 2198 meritis
1149 2130 1343 2216 ceciderunt,
1361 2139 1481 2220 utpote

353 2236 385 2302 in
402 2255 479 2302 arcu
495 2255 554 2302 suo
570 2241 763 2321 sperantes,
789 2243 822 2303 et
837 2255 896 2304 suo
914 2236 1038 2304 salvari
1054 2237 1166 2320 gladio
1190 2237 1399 2306 confidentes.
1417 2241 1478 2308 Ve-

351 2363 421 2410 rum
437 2347 471 2409 tu
487 2341 546 2409 tibi
560 2342 727 2410 ascribens
744 2343 938 2428 triumphum
952 2343 993 2412 de
1009 2343 1155 2412 hostibus
1171 2351 1380 2430 reportatum,
1392 2348 1478 2432 Deo,

350 2449 383 2517 in
400 2450 491 2534 cnjus
507 2455 581 2516 sunt
597 2450 747 2518 manibus
763 2449 865 2518 corda
879 2451 1016 2536 Regum,
1036 2455 1133 2537 prout
1149 2450 1318 2536 debueras,
1335 2453 1477 2540 gloriam

349 2578 414 2625 non
431 2555 561 2625 dedisti.
578 2558 673 2638 Quod
689 2579 730 2625 ex
746 2579 785 2627 eo
801 2558 883 2626 satis
895 2557 1001 2644 potuit
1016 2558 1191 2627 manifeste
1200 2560 1370 2647 perpendi,
1388 2563 1477 2648 qnod

349 2687 422 2737 oum
438 2667 482 2734 ad
506 2672 539 2732 te
554 2673 700 2735 nostrum
725 2665 948 2734 curaverimus
969 2667 1116 2734 nuntium
1141 2666 1324 2754 destinare,
1352 2675 1389 2736 nt
1403 2691 1476 2738 cnm

350 2775 478 2842 Latinis
494 2775 584 2862 apud
600 2774 918 2864 Constantinopolim
944 2777 1219 2865 commorantibus
1243 2797 1360 2864 pacem
1375 2777 1477 2846 inires

350 2889 406 2952 aut
430 2889 605 2968 treuguas,
638 2903 702 2952 non
730 2887 835 2954 solum
859 2885 893 2951 id
919 2883 1028 2952 faeere
1052 2886 1204 2970 noluisti,
1236 2898 1347 2955 verum
1373 2888 1474 2957 etiam

348 2993 456 3079 ipsum
480 2993 627 3059 nuntium
652 2993 823 3077 suscepisti
840 2999 873 3059 et
890 2991 1040 3060 dimisisti
1069 2993 1174 3061 minus
1197 2995 1350 3082 honeste,
1377 3017 1477 3082 quam

348 3100 495 3167 decuerit
505 3098 641 3183 Regiam
652 3097 855 3184 dignitatem,
871 3117 967 3184 quern
984 3100 1025 3166 ob
1036 3101 1250 3169 reverentiam
1260 3103 1477 3190 apostolicae

350 3205 444 3275 Sedis
460 3211 493 3274 et
508 3205 648 3292 benigne
665 3206 809 3293 recipere
825 3207 964 3275 debuisti
981 3213 1013 3274 et
1029 3209 1165 3276 honeste
1186 3215 1346 3296 tractare,
1373 3219 1474 3280 atten·

349 3316 429 3383 dens
440 3365 448 3400 ,
475 3315 561 3402 quod
579 3315 699 3384 missus
724 3313 829 3383 inerat
845 3315 1073 3400 evangelizare
1098 3337 1212 3404 pacem
1229 3325 1262 3386 et
1281 3319 1477 3405 praedicare

348 3423 499 3491 salutem.
524 3423 617 3490 Licet
632 3443 710 3508 ergo
726 3441 767 3490 ex
792 3423 943 3509 praefata
959 3423 1097 3492 victoria
1113 3423 1199 3492 intra
1217 3423 1359 3512 teipsum
1376 3426 1477 3495 fueris

348 3531 423 3616 plns
450 3530 559 3598 debito
586 3531 768 3614 exaltatus,
795 3532 872 3617 quia
897 3537 1006 3599 tamen
1033 3539 1065 3600 te
1081 3532 1165 3600 sicut
1188 3533 1417 3604 charissimum
1442 3537 1476 3602 in

347 3635 475 3704 Christo
485 3635 586 3704 lilium
602 3637 729 3706 sincera
748 3637 915 3724 diligimus
930 3638 964 3707 in
975 3639 1113 3708 Domino
1129 3638 1299 3724 charitate,
1317 3647 1472 3728 optantes

348 3744 409 3812 tibi
427 3744 565 3811 salutem
590 3751 623 3812 et
639 3765 775 3834 pacem,
802 3745 954 3814 dilectum
971 3748 1070 3815 lilium
1088 3797 1095 3813 .
1114 3797 1121 3813 .
1141 3799 1148 3814 .
1165 3748 1311 3815 nuntium
1336 3754 1427 3817 tuum
1444 3759 1476 3816 et
1598 3753 1600 3760 ’

348 3854 494 3938 litteras,
522 3872 605 3938 quas
620 3874 679 3941 per
695 3874 768 3922 enm
792 3855 886 3922 nobis
902 3855 1029 3940 misisti,
1049 3855 1191 3941 benigne
1214 3857 1416 3942 recepimus,
1444 3865 1477 3924 et

349 3980 434 4045 quae
445 3960 538 4028 nobis
555 3959 746 4046 significasti
759 3982 817 4048 per
827 3981 894 4050 eas,
908 3963 1092 4032 notavimus
1103 3963 1287 4048 diligenter.
1303 3964 1476 4033 Intellecto

348 4089 429 4136 sane
438 4119 447 4153 ,
472 4067 560 4156 quod
571 4068 765 4154 jamdudum
782 4070 911 4138 nuntios
928 4071 1142 4138 affectaveras
1159 4071 1202 4138 ad
1217 4078 1364 4140 nostram
1382 4093 1476 4160 prae·

347 4175 485 4243 sentiam
502 4176 679 4260 destinare,
697 4175 756 4242 sed
773 4175 854 4261 ipsis
869 4177 978 4246 aditus
995 4199 1058 4246 non
1075 4179 1222 4266 patebat,
1247 4200 1318 4247 curn
1335 4199 1395 4267 per
1411 4179 1475 4248 Un-

346 4283 473 4370 gatiam
490 4282 630 4350 transire
646 4301 710 4350 non
726 4281 877 4366 audeant,
897 4303 956 4350 nec
972 4304 1030 4371 per
1040 4286 1212 4353 Duratium
1227 4291 1361 4373 propter
1370 4287 1474 4354 Vene-

339 4397 397 4459 tos
414 4389 619 4460 dominantes
635 4389 773 4474 ibidem,
792 4390 984 4458 charissimo
1001 4392 1034 4458 in
1051 4391 1179 4462 Christo
1195 4393 1280 4461 filio.
1298 4442 1305 4457 .
1323 4443 1331 4458 .
1348 4394 1474 4460 Illustri

347 4501 428 4584 Regi
439 4499 628 4582 Hungariae
645 4515 703 4584 per
714 4497 838 4585 scripta
852 4505 963 4566 nostra
973 4499 1177 4583 mandamus,
1195 4506 1230 4566 ut
1245 4501 1378 4568 nuntios
1389 4507 1473 4584 tuos,

346 4625 428 4691 quos
444 4606 487 4671 ad
503 4605 619 4673 Sedens
635 4603 766 4674 duxeris
782 4605 1008 4692 Apostolicam
1024 4607 1248 4692 destinandos,
1273 4627 1332 4695 per
1349 4616 1474 4676 terram

348 4729 440 4779 suam
457 4713 597 4779 transire
613 4711 779 4798 permittat
794 4714 897 4782 libere
913 4735 952 4783 ac
968 4733 1099 4800 secure,
1117 4713 1151 4782 id
1167 4713 1253 4782 idem
1269 4713 1389 4784 dilecto
1406 4715 1473 4784 filio
