3238 5184
607 941 685 1009 stt.

65 1125 231 1191 Ber-talou
248 1121 418 1208 veszprdmi
440 1122 563 1207 pttapdk
586 1123 848 1210 bizonyadplcnelc
873 1125 1019 1216 Citerner,
1044 1149 1065 1192 α
1089 1127 1208 1193 bonesci

239 1229 381 1317 ternplom
397 1231 607 1318 lcopyurcinalr
623 1233 926 1318 vtqilctzkede‘strtl.
949 1238 1046 1299 1231.

184 1429 433 1494 Bartholomens
449 1426 511 1491 Dei
529 1427 644 1510 gracia
659 1427 924 1514 wesprimiensis
941 1431 1124 1518 Episcopus
1141 1453 1207 1498 om-

68 1540 183 1621 nibns,
211 1536 255 1602 ad
269 1555 351 1620 qnos
367 1539 537 1620 presentes
562 1535 669 1601 littere
696 1538 912 1622 peruenerint,
938 1539 1077 1606 salutem
1094 1541 1127 1605 in
1143 1542 1206 1606 Do·

70 1648 163 1712 mino
174 1646 256 1712 Jesu
267 1645 405 1711 Christo.
423 1643 583 1710 Nouerint
595 1645 747 1729 uniuersi,
766 1645 853 1730 quod
865 1667 937 1712 cnm
946 1648 1083 1734 Spiritus
1094 1649 1205 1715 Sancti

69 1756 191 1840 gracia
201 1755 384 1820 illustrante
400 1751 433 1817 in
444 1753 584 1818 ecclesia
603 1754 724 1820 Sancte
734 1752 848 1820 Crucis
865 1754 905 1820 de
918 1756 1049 1823 Kenesa
1065 1754 1205 1841 quedam

69 1863 250 1931 altariaad
264 1862 461 1928 instanciam
473 1859 653 1946 (lhernerij,
670 1861 801 1947 patroni
811 1860 956 1929 eiusdem
967 1864 1117 1948 ecclesie,
1134 1883 1205 1928 con-

73 1991 293 2056 secraremus,
319 1967 440 2034 ibidem
457 1969 651 2034 Obernerins
668 1969 754 2035 idem
770 1991 1006 2054 recognoscens
1021 1971 1122 2037 vitam
1137 1991 1206 2057 pre-

70 2085 201 2146 sentem
229 2097 303 2145 esse
327 2077 549 2144 transitoriam
576 2084 609 2143 ct
633 2077 807 2164 caducam;
840 2086 936 2164 prout
959 2080 1031 2165 ipse
1056 2081 1145 2164 prins
1170 2081 1205 2146 in

48 2195 185 2280 ¹mente
211 2187 401 2272 concepisse
426 2185 575 2270 dicebat,
603 2185 778 2251 accedente
805 2206 965 2252 consensu
990 2195 1023 2254 et
1039 2189 1205 2254 voluntate

71 2296 188 2364 uxoris
214 2315 292 2378 sue,
320 2292 360 2360 de
377 2293 527 2360 omnibus
552 2293 647 2360 bonis
664 2292 742 2377 suis,
770 2314 832 2377 qne
855 2293 926 2380 ipse
950 2299 1027 2360 tunc
1051 2296 1206 2381 temporis

74 2404 214 2491 pacifice
239 2401 440 2487 possidebat,
466 2401 575 2466 taliter
591 2401 624 2466 in
641 2405 754 2466 nostra
779 2407 811 2466 et
828 2402 1001 2469 multorum
1021 2402 1067 2470 ibi
1092 2404 1208 2489 probo·

72 2533 148 2578 rum
169 2511 312 2577 virorum
330 2507 545 2574 existencium
571 2507 742 2592 presencia
767 2509 949 2596 ordinauit3
977 2511 1024 2576 ita
1044 2509 1206 2594 videlicet,

73 2617 164 2704 quod
174 2616 315 2702 quedam
331 2637 390 2702 pro
406 2614 551 2680 remedio
562 2615 670 2680 anime
686 2634 744 2681 sue
755 2622 788 2680 et
803 2622 976 2701 parentum
987 2635 1119 2682 suornm
1135 2637 1207 2683 oon-

73 2727 151 2794 tulit
167 2725 304 2792 ecclesie
322 2729 517 2808 memorate,
536 2722 675 2807 quedam
686 2744 763 2790 vero
780 2723 871 2789 dedit
887 2724 980 2792 vxori
996 2731 1131 2790 suetam
1148 2745 1207 2809 pro

73 2837 153 2902 dote
173 2853 244 2918 sna,
271 2853 369 2916 quam
385 2831 488 2898 eciam
504 2853 562 2916 pro
580 2831 722 2916 quadam
739 2852 866 2899 summa
881 2834 1028 2918 pecunie,
1054 2831 1206 2898 videlicet

72 2966 135 3031 pro
151 2949 280 3010 centurn
296 2947 329 3006 et
344 2939 584 3024 quinquaginta
612 2942 730 3006 marcis
747 2941 883 3024 argenti,
901 2941 934 3006 in
951 2941 1069 3024 quibus
1089 2957 1125 3006 se
1141 2939 1206 3006 sibi

71 3051 180 3120 teneri
198 3048 328 3115 dicebat
350 3068 408 3133 pro
425 3067 474 3131 eo,
491 3047 579 3130 quod
605 3045 726 3113 dictam
744 3067 904 3114 summam
929 3047 1066 3132 pecunie
1086 3063 1205 3131 expen-

72 3161 170 3227 derat
185 3159 218 3223 in
235 3157 467 3244 prosecutione
492 3175 626 3220 suarum
642 3175 835 3240 cansarum;
862 3175 1003 3221 necnon
1025 3153 1129 3220 eciam
1145 3174 1205 3239 pro

74 3287 188 3336 amore
214 3265 300 3332 dicte
317 3266 427 3332 vxoris
444 3282 510 3350 sne,
538 3265 679 3347 quesibi
699 3264 846 3350 legitime
871 3264 1034 3350 copulata,
1061 3261 1206 3328 attidem

73 3395 214 3444 seruans
240 3372 447 3457 coniugalem
473 3372 581 3456 ipsum
598 3391 727 3458 semper
743 3369 922 3437 deuocione
939 3370 1049 3436 debita
1065 3377 1204 3456 pertrac-

73 3486 169 3553 tauit.
195 3484 216 3549 J
219 3503 272 3548 am
288 3481 374 3546 dicte
399 3480 499 3564 igitur
515 3479 609 3546 uxori
625 3497 692 3564 sne,
720 3477 872 3545 videlicet
890 3477 1021 3545 domine
1037 3477 1206 3544 Dominice

74 3591 214 3662 contulit
239 3587 445 3654 medietatem
471 3583 640 3652 cniusdam
657 3584 762 3670 predij
785 3585 836 3652 sui
861 3584 991 3652 nomine
1008 3582 1205 3670 Golombnk,

74 3722 139 3785 que
154 3701 241 3765 iacet
250 3715 363 3761 versus
379 3700 506 3780 partem
517 3690 774 3777 meridionalem,
787 3690 964 3760 secundum
975 3691 1062 3776 quod
1072 3692 1207 3777 publica

72 3807 192 3874 transit
207 3811 311 3871 strata
325 3822 384 3889 per
396 3799 537 3867 medium
553 3800 649 3885 ville,
667 3801 719 3866 cni
736 3799 839 3866 eciam
855 3799 976 3865 ibidem
996 3798 1087 3866 dedit
1103 3800 1205 3866 boues

74 3915 118 3982 ad
135 3935 231 3982 nsum
255 3913 392 3978 duorum
418 3915 611 3994 aratrorum,
639 3915 672 3973 et
687 3927 746 3973 sex
770 3903 894 3991 vineas,
921 3913 953 3972 et
969 3906 1207 3990 qulnquaginta

74 4041 205 4110 porcos,
231 4027 264 4087 et
279 4019 395 4104 viginti
420 4017 566 4083 homines
592 4016 677 4082 inter
701 4035 815 4082 seruos
841 4021 873 4079 et
895 4014 1044 4097 ancillas,
1072 4033 1205 4095 quornm

73 4133 209 4200 nomina
234 4133 309 4194 sunt
324 4127 402 4210 bec;
426 4123 579 4191 videlicet
594 4123 735 4207 Mathus,
760 4125 912 4206 Moguya,
931 4121 1125 4204 Zumbotka,
1140 4121 1206 4185 Ste-

73 4240 174 4326 phan,
191 4237 305 4319 Jacob,
322 4232 477 4318 Petnrka,
504 4234 626 4316 blezov,
644 4234 755 4316 Myxu,
773 4229 925 4314 Zempch,
947 4229 1087 4314 Dardas,
1104 4229 1204 4310 Muta,

73 4349 195 4430 Pusun,
211 4345 314 4430 Zuga,
344 4340 484 4424 Gheken,
502 4342 641 4426 Johana,
667 4336 849 4419 Nochteka,
867 4336 1044 4418 Johannes,
1072 4336 1204 4420 Zalaas,

73 4457 189 4540 llaria,
201 4450 381 4539 Stephania
397 4470 470 4515 cum
481 4449 607 4516 duobus
624 4447 693 4514 suis
710 4445 899 4513 infantibus.
917 4446 966 4510 De
976 4444 1092 4528 quibus
1108 4443 1205 4510 omni-

73 4565 135 4632 bus
151 4561 329 4630 nominatis
346 4579 427 4626 vxor
443 4578 504 4624 sua
520 4577 555 4624 se
572 4577 646 4624 esse
663 4562 847 4622 contentam
864 4551 1004 4620 asseruit
1024 4571 1135 4617 coram
1152 4571 1205 4618 no·

73 4675 174 4741 biset
200 4670 379 4740 aliis'riris
405 4665 556 4732 discretis
580 4671 612 4732 et
637 4665 793 4750 honestis,
819 4662 972 4730 videlicet
995 4662 1084 4726 lwan
1100 4659 1201 4746 Bano,

982 4777 1042 4838 32*
