<?xml version="1.0" encoding="UTF-8"?>
<!DOCTYPE html PUBLIC "-//W3C//DTD XHTML 1.0 Transitional//EN"
    "http://www.w3.org/TR/xhtml1/DTD/xhtml1-transitional.dtd">
<html xmlns="http://www.w3.org/1999/xhtml" xml:lang="en" lang="en">
 <head>
  <title>
</title>
<meta http-equiv="Content-Type" content="text/html;charset=utf-8" />
  <meta name='ocr-system' content='tesseract 3.04.00' />
  <meta name='ocr-capabilities' content='ocr_page ocr_carea ocr_par ocr_line ocrx_word'/>
</head>
<body>
  <div class='ocr_page' id='page_1' title='image "./codexdiplomatic05wenzgoog_0473.png"; bbox 0 0 3200 5182; ppageno 0'>
   <div class='ocr_carea' id='block_1_1' title="bbox 109 514 1242 1019">
    <p class='ocr_par' dir='ltr' id='par_1_1' title="bbox 109 514 1242 1019">
     <span class='ocr_line' id='line_1_1' title="bbox 109 514 1239 606; baseline -0.001 -17"><span class='ocrx_word' id='word_1_1' title='bbox 109 542 183 590; x_wconf 88' lang='lat' dir='ltr'><strong>esse</strong></span> <span class='ocrx_word' id='word_1_2' title='bbox 201 519 364 588; x_wconf 87' lang='lat' dir='ltr'><strong>collatam.</strong></span> <span class='ocrx_word' id='word_1_3' title='bbox 390 519 433 583; x_wconf 80' lang='lat' dir='ltr'><strong>nt</strong></span> <span class='ocrx_word' id='word_1_4' title='bbox 448 519 508 584; x_wconf 91' lang='lat' dir='ltr'><strong>hec</strong></span> <span class='ocrx_word' id='word_1_5' title='bbox 523 515 633 583; x_wconf 91' lang='lat' dir='ltr'><strong>omnia</strong></span> <span class='ocrx_word' id='word_1_6' title='bbox 649 533 757 581; x_wconf 89' lang='lat' dir='ltr'><strong>coram</strong></span> <span class='ocrx_word' id='word_1_7' title='bbox 782 514 876 581; x_wconf 89' lang='lat' dir='ltr'><strong>nobis</strong></span> <span class='ocrx_word' id='word_1_8' title='bbox 892 515 1039 584; x_wconf 89' lang='lat' dir='ltr'><strong>homines</strong></span> <span class='ocrx_word' id='word_1_9' title='bbox 1058 521 1239 606; x_wconf 81' lang='lat' dir='ltr'><strong>supradicti</strong></span> 
     </span>
     <span class='ocr_line' id='line_1_2' title="bbox 111 622 1240 716; baseline 0.002 -22"><span class='ocrx_word' id='word_1_10' title='bbox 111 651 172 716; x_wconf 92' lang='lat' dir='ltr'><strong>pro</strong></span> <span class='ocrx_word' id='word_1_11' title='bbox 188 635 259 696; x_wconf 86' lang='lat' dir='ltr'><strong>tota</strong></span> <span class='ocrx_word' id='word_1_12' title='bbox 274 628 356 694; x_wconf 87' lang='lat' dir='ltr'><strong>villa</strong></span> <span class='ocrx_word' id='word_1_13' title='bbox 371 631 447 692; x_wconf 92' lang='lat' dir='ltr'><strong>sunt</strong></span> <span class='ocrx_word' id='word_1_14' title='bbox 462 624 611 692; x_wconf 80' lang='lat' dir='ltr'><strong>confessi.</strong></span> <span class='ocrx_word' id='word_1_15' title='bbox 629 622 680 688; x_wconf 87' lang='lat' dir='ltr'><strong>Ne</strong></span> <span class='ocrx_word' id='word_1_16' title='bbox 697 624 797 706; x_wconf 89' lang='lat' dir='ltr'><strong>igitur</strong></span> <span class='ocrx_word' id='word_1_17' title='bbox 810 643 907 708; x_wconf 87' lang='lat' dir='ltr'><strong>super</strong></span> <span class='ocrx_word' id='word_1_18' title='bbox 926 625 988 708; x_wconf 87' lang='lat' dir='ltr'><strong>hys</strong></span> <span class='ocrx_word' id='word_1_19' title='bbox 1004 628 1087 692; x_wconf 89' lang='lat' dir='ltr'><strong>inter</strong></span> <span class='ocrx_word' id='word_1_20' title='bbox 1103 629 1192 715; x_wconf 92' lang='lat' dir='ltr'><strong>ipsos</strong></span> <span class='ocrx_word' id='word_1_21' title='bbox 1207 639 1240 696; x_wconf 92' lang='lat' dir='ltr'><strong>et</strong></span> 
     </span>
     <span class='ocr_line' id='line_1_3' title="bbox 111 730 1241 818; baseline -0.002 -14"><span class='ocrx_word' id='word_1_22' title='bbox 111 737 298 804; x_wconf 77' lang='lat' dir='ltr'>Ecclesiam</span> <span class='ocrx_word' id='word_1_23' title='bbox 313 734 440 818; x_wconf 79' lang='lat' dir='ltr'><strong>questio</strong></span> <span class='ocrx_word' id='word_1_24' title='bbox 465 731 587 800; x_wconf 87' lang='lat' dir='ltr'><strong>oriatur</strong></span> <span class='ocrx_word' id='word_1_25' title='bbox 603 731 832 816; x_wconf 64' lang='lat' dir='ltr'><strong>imposterum</strong></span> <span class='ocrx_word' id='word_1_26' title='bbox 858 730 901 795; x_wconf 87' lang='lat' dir='ltr'><strong>ad</strong></span> <span class='ocrx_word' id='word_1_27' title='bbox 917 733 1110 815; x_wconf 80' lang='lat' dir='ltr'><strong>peticionem</strong></span> <span class='ocrx_word' id='word_1_28' title='bbox 1127 735 1241 802; x_wconf 89' lang='lat' dir='ltr'><strong>utrius·</strong></span> 
     </span>
     <span class='ocr_line' id='line_1_4' title="bbox 112 837 1242 932; baseline -0.001 -22"><span class='ocrx_word' id='word_1_29' title='bbox 112 846 219 932; x_wconf 88' lang='lat' dir='ltr'><strong>partis</strong></span> <span class='ocrx_word' id='word_1_30' title='bbox 244 847 427 929; x_wconf 79' lang='lat' dir='ltr'><strong>presentem</strong></span> <span class='ocrx_word' id='word_1_31' title='bbox 447 838 604 926; x_wconf 76' lang='lat' dir='ltr'><strong>paginam</strong></span> <span class='ocrx_word' id='word_1_32' title='bbox 620 837 817 903; x_wconf 79' lang='lat' dir='ltr'><strong>confecimus</strong></span> <span class='ocrx_word' id='word_1_33' title='bbox 833 839 867 904; x_wconf 95' lang='lat' dir='ltr'><strong>in</strong></span> <span class='ocrx_word' id='word_1_34' title='bbox 884 840 1115 927; x_wconf 86' lang='lat' dir='ltr'><strong>testimonium,</strong></span> <span class='ocrx_word' id='word_1_35' title='bbox 1141 843 1242 927; x_wconf 84' lang='lat' dir='ltr'><strong>sigilli</strong></span> 
     </span>
     <span class='ocr_line' id='line_1_5' title="bbox 113 944 1242 1019; baseline -0.001 -2"><span class='ocrx_word' id='word_1_36' title='bbox 113 951 219 1019; x_wconf 85' lang='lat' dir='ltr'><strong>nostri</strong></span> <span class='ocrx_word' id='word_1_37' title='bbox 245 949 423 1017; x_wconf 88' lang='lat' dir='ltr'><strong>munimine</strong></span> <span class='ocrx_word' id='word_1_38' title='bbox 448 947 645 1015; x_wconf 87' lang='lat' dir='ltr'><strong>roboratam.</strong></span> <span class='ocrx_word' id='word_1_39' title='bbox 671 944 765 1012; x_wconf 81' lang='lat' dir='ltr'><strong>Anno</strong></span> <span class='ocrx_word' id='word_1_40' title='bbox 786 945 828 1010; x_wconf 87' lang='lat' dir='ltr'><strong>ab</strong></span> <span class='ocrx_word' id='word_1_41' title='bbox 854 947 1087 1015; x_wconf 88' lang='lat' dir='ltr'><strong>incarnacione</strong></span> <span class='ocrx_word' id='word_1_42' title='bbox 1109 951 1242 1018; x_wconf 90' lang='lat' dir='ltr'><strong>Domini</strong></span> 
     </span>
    </p>
   </div>
   <div class='ocr_carea' id='block_1_2' title="bbox 113 1058 466 1141">
    <p class='ocr_par' dir='ltr' id='par_1_2' title="bbox 113 1058 466 1141">
     <span class='ocr_line' id='line_1_6' title="bbox 113 1058 466 1141; baseline -0.014 -15"><span class='ocrx_word' id='word_1_43' title='bbox 113 1061 160 1126; x_wconf 83' lang='lat' dir='ltr'><strong>hi⁰</strong></span> <span class='ocrx_word' id='word_1_44' title='bbox 172 1058 324 1126; x_wconf 83' lang='lat' dir='ltr'>CC⁰XX⁰</span> <span class='ocrx_word' id='word_1_45' title='bbox 344 1058 466 1141; x_wconf 87' lang='lat' dir='ltr'><strong>quinto.</strong></span> 
     </span>
    </p>
   </div>
   <div class='ocr_carea' id='block_1_3' title="bbox 271 1253 1101 1324">
    <p class='ocr_par' dir='ltr' id='par_1_3' title="bbox 271 1253 1101 1324">
     <span class='ocr_line' id='line_1_7' title="bbox 271 1253 1101 1324; baseline -0.001 -14"><span class='ocrx_word' id='word_1_46' title='bbox 271 1257 320 1322; x_wconf 79' lang='lat' dir='ltr'><strong>(Aa</strong></span> <span class='ocrx_word' id='word_1_47' title='bbox 334 1253 533 1322; x_wconf 72' lang='lat' dir='ltr'><strong>credeti,utdn;</strong></span> <span class='ocrx_word' id='word_1_48' title='bbox 553 1255 655 1314; x_wconf 62' lang='lat' dir='ltr'><strong>naua,</strong></span> <span class='ocrx_word' id='word_1_49' title='bbox 671 1255 788 1320; x_wconf 70' lang='lat' dir='ltr'><strong>Magyar</strong></span> <span class='ocrx_word' id='word_1_50' title='bbox 800 1255 863 1304; x_wconf 84' lang='lat' dir='ltr'><strong>Sion</strong></span> <span class='ocrx_word' id='word_1_51' title='bbox 877 1257 912 1308; x_wconf 93' lang='lat'><strong>11.</strong></span> <span class='ocrx_word' id='word_1_52' title='bbox 927 1259 981 1308; x_wconf 80' lang='lat' dir='ltr'><strong>ket.</strong></span> <span class='ocrx_word' id='word_1_53' title='bbox 997 1260 1057 1308; x_wconf 78' lang='lat' dir='ltr'><strong>atu.</strong></span> <span class='ocrx_word' id='word_1_54' title='bbox 1071 1259 1101 1324; x_wconf 90' lang='lat' dir='ltr'><strong>l.)</strong></span> 
     </span>
    </p>
   </div>
   <div class='ocr_carea' id='block_1_4' title="bbox 557 1527 816 1538">
    <p class='ocr_par' dir='ltr' id='par_1_4' title="bbox 557 1527 816 1538">
     <span class='ocr_line' id='line_1_8' title="bbox 557 1527 816 1538; baseline -0.008 0"><span class='ocrx_word' id='word_1_55' title='bbox 557 1527 816 1538; x_wconf 42' lang='grc' dir='ltr'><strong>..ῥ’-μω-</strong></span> 
     </span>
    </p>
   </div>
   <div class='ocr_carea' id='block_1_5' title="bbox 653 1974 730 2041">
    <p class='ocr_par' dir='ltr' id='par_1_5' title="bbox 653 1974 730 2041">
     <span class='ocr_line' id='line_1_9' title="bbox 653 1974 730 2041; baseline -0.013 0"><span class='ocrx_word' id='word_1_56' title='bbox 653 1974 730 2041; x_wconf 77' lang='grc'><strong>273.</strong></span> 
     </span>
    </p>
   </div>
   <div class='ocr_carea' id='block_1_6' title="bbox 116 2153 1253 2470">
    <p class='ocr_par' dir='ltr' id='par_1_6' title="bbox 116 2153 1253 2470">
     <span class='ocr_line' id='line_1_10' title="bbox 124 2153 1253 2245; baseline -0.002 -21"><span class='ocrx_word' id='word_1_57' title='bbox 124 2161 168 2224; x_wconf 90' lang='lat' dir='ltr'><strong>II.</strong></span> <span class='ocrx_word' id='word_1_58' title='bbox 185 2153 293 2224; x_wconf 65' lang='lat' dir='ltr'><strong>madre</strong></span> <span class='ocrx_word' id='word_1_59' title='bbox 308 2159 416 2245; x_wconf 72' lang='lat' dir='ltr'><strong>kirtly</strong></span> <span class='ocrx_word' id='word_1_60' title='bbox 445 2156 634 2222; x_wconf 69' lang='lat' dir='ltr'><strong>trtstzbode&#39;re</strong></span> <span class='ocrx_word' id='word_1_61' title='bbox 654 2175 675 2215; x_wconf 83' lang='lat' dir='ltr'><strong>a</strong></span> <span class='ocrx_word' id='word_1_62' title='bbox 690 2153 920 2239; x_wconf 76' lang='lat' dir='ltr'><strong>pannonholrni</strong></span> <span class='ocrx_word' id='word_1_63' title='bbox 943 2159 1078 2242; x_wconf 76' lang='lat' dir='ltr'><strong>opcitecty</strong></span> <span class='ocrx_word' id='word_1_64' title='bbox 1101 2157 1253 2222; x_wconf 74' lang='lat' dir='ltr'><strong>batr&#39;zati</strong></span> 
     </span>
     <span class='ocr_line' id='line_1_11' title="bbox 116 2258 1251 2354; baseline -0.004 -22"><span class='ocrx_word' id='word_1_65' title='bbox 116 2267 265 2354; x_wconf 72' lang='lat' dir='ltr'><strong>joydaok</strong></span> <span class='ocrx_word' id='word_1_66' title='bbox 275 2267 458 2352; x_wconf 67' lang='lat' dir='ltr'><strong>tdrpydboa</strong></span> <span class='ocrx_word' id='word_1_67' title='bbox 474 2261 701 2346; x_wconf 73' lang='lat' dir='ltr'><strong>vorrotkozdlap</strong></span> <span class='ocrx_word' id='word_1_68' title='bbox 712 2283 732 2322; x_wconf 88' lang='grc' dir='ltr'><em>α</em></span> <span class='ocrx_word' id='word_1_69' title='bbox 742 2258 1007 2343; x_wconf 72' lang='lat' dir='ltr'><strong>czdkcafehdroo‘ri</strong></span> <span class='ocrx_word' id='word_1_70' title='bbox 1016 2265 1175 2350; x_wconf 75' lang='lat' dir='ltr'><strong>polqdrolc</strong></span> <span class='ocrx_word' id='word_1_71' title='bbox 1186 2264 1251 2328; x_wconf 85' lang='lat' dir='ltr'><strong>bor-</strong></span> 
     </span>
     <span class='ocr_line' id='line_1_12' title="bbox 267 2369 1036 2470; baseline 0 -35"><span class='ocrx_word' id='word_1_72' title='bbox 267 2465 270 2470; x_wconf 25' lang='grc' dir='ltr'>Ι</span> <span class='ocrx_word' id='word_1_73' title='bbox 350 2373 582 2438; x_wconf 73' lang='lat' dir='ltr'><strong>kerakede&#39;adrc</strong></span> <span class='ocrx_word' id='word_1_74' title='bbox 598 2369 731 2454; x_wconf 79' lang='lat' dir='ltr'><strong>Smnopy</strong></span> <span class='ocrx_word' id='word_1_75' title='bbox 747 2369 915 2454; x_wconf 74' lang='lat' dir='ltr'><strong>mepydbcn.</strong></span> <span class='ocrx_word' id='word_1_76' title='bbox 940 2372 1036 2436; x_wconf 83' lang='lat'><strong><em>1226.</em></strong></span> 
     </span>
    </p>
   </div>
   <div class='ocr_carea' id='block_1_7' title="bbox 128 2565 1267 4704">
    <p class='ocr_par' dir='ltr' id='par_1_7' title="bbox 128 2565 1267 4704">
     <span class='ocr_line' id='line_1_13' title="bbox 236 2565 1254 2656; baseline 0 -20"><span class='ocrx_word' id='word_1_77' title='bbox 236 2567 385 2636; x_wconf 81' lang='lat' dir='ltr'><strong>Andreas</strong></span> <span class='ocrx_word' id='word_1_78' title='bbox 401 2570 463 2634; x_wconf 89' lang='lat' dir='ltr'><strong>Dei</strong></span> <span class='ocrx_word' id='word_1_79' title='bbox 479 2568 593 2652; x_wconf 85' lang='lat' dir='ltr'><strong>gracia</strong></span> <span class='ocrx_word' id='word_1_80' title='bbox 608 2565 751 2648; x_wconf 79' lang='lat' dir='ltr'><strong>Vngarie</strong></span> <span class='ocrx_word' id='word_1_81' title='bbox 771 2566 840 2631; x_wconf 88' lang='lat' dir='ltr'><strong>Rex</strong></span> <span class='ocrx_word' id='word_1_82' title='bbox 856 2567 1027 2650; x_wconf 80' lang='lat' dir='ltr'><strong>uniuersis,</strong></span> <span class='ocrx_word' id='word_1_83' title='bbox 1051 2569 1168 2651; x_wconf 90' lang='lat' dir='ltr'><strong>quibus</strong></span> <span class='ocrx_word' id='word_1_84' title='bbox 1185 2591 1254 2656; x_wconf 90' lang='lat' dir='ltr'><strong>pre·</strong></span> 
     </span>
     <span class='ocr_line' id='line_1_14' title="bbox 128 2672 1253 2761; baseline 0.001 -17"><span class='ocrx_word' id='word_1_85' title='bbox 128 2697 205 2744; x_wconf 89' lang='lat' dir='ltr'><strong>sens</strong></span> <span class='ocrx_word' id='word_1_86' title='bbox 231 2677 355 2761; x_wconf 84' lang='lat' dir='ltr'><strong>pagina</strong></span> <span class='ocrx_word' id='word_1_87' title='bbox 371 2676 523 2760; x_wconf 88' lang='lat' dir='ltr'><strong>patuerit,</strong></span> <span class='ocrx_word' id='word_1_88' title='bbox 550 2675 737 2739; x_wconf 89' lang='lat' dir='ltr'><strong>salutemet</strong></span> <span class='ocrx_word' id='word_1_89' title='bbox 759 2691 853 2737; x_wconf 90' lang='lat' dir='ltr'><strong>omne</strong></span> <span class='ocrx_word' id='word_1_90' title='bbox 870 2672 997 2739; x_wconf 90' lang='lat' dir='ltr'><strong>bonum.</strong></span> <span class='ocrx_word' id='word_1_91' title='bbox 1024 2675 1075 2740; x_wconf 87' lang='lat' dir='ltr'><strong>Ad</strong></span> <span class='ocrx_word' id='word_1_92' title='bbox 1091 2679 1253 2745; x_wconf 88' lang='lat' dir='ltr'><strong>universo-</strong></span> 
     </span>
     <span class='ocr_line' id='line_1_15' title="bbox 128 2781 1254 2867; baseline 0 -17"><span class='ocrx_word' id='word_1_93' title='bbox 128 2807 201 2850; x_wconf 90' lang='lat' dir='ltr'><strong>rum</strong></span> <span class='ocrx_word' id='word_1_94' title='bbox 218 2785 373 2851; x_wconf 82' lang='lat' dir='ltr'><strong>noticiam</strong></span> <span class='ocrx_word' id='word_1_95' title='bbox 389 2790 498 2850; x_wconf 87' lang='lat' dir='ltr'><strong>tenore</strong></span> <span class='ocrx_word' id='word_1_96' title='bbox 509 2783 711 2867; x_wconf 88' lang='lat' dir='ltr'><strong>presencium</strong></span> <span class='ocrx_word' id='word_1_97' title='bbox 722 2781 871 2845; x_wconf 91' lang='lat' dir='ltr'><strong>uolumus</strong></span> <span class='ocrx_word' id='word_1_98' title='bbox 882 2783 1061 2866; x_wconf 88' lang='lat' dir='ltr'><strong>peruenire,</strong></span> <span class='ocrx_word' id='word_1_99' title='bbox 1079 2784 1165 2866; x_wconf 90' lang='lat' dir='ltr'><strong>quod</strong></span> <span class='ocrx_word' id='word_1_100' title='bbox 1182 2805 1254 2851; x_wconf 94' lang='lat' dir='ltr'><strong>eum</strong></span> 
     </span>
     <span class='ocr_line' id='line_1_16' title="bbox 128 2887 1254 2960; baseline 0.001 -2"><span class='ocrx_word' id='word_1_101' title='bbox 128 2893 244 2959; x_wconf 85' lang='lat' dir='ltr'><strong>Abbas</strong></span> <span class='ocrx_word' id='word_1_102' title='bbox 261 2898 293 2958; x_wconf 91' lang='lat' dir='ltr'><strong>et</strong></span> <span class='ocrx_word' id='word_1_103' title='bbox 309 2891 494 2957; x_wconf 81' lang='lat' dir='ltr'><strong>Conucntus</strong></span> <span class='ocrx_word' id='word_1_104' title='bbox 512 2889 604 2955; x_wconf 90' lang='lat' dir='ltr'><strong>Beati</strong></span> <span class='ocrx_word' id='word_1_105' title='bbox 622 2889 752 2954; x_wconf 89' lang='lat' dir='ltr'><strong>Martini</strong></span> <span class='ocrx_word' id='word_1_106' title='bbox 779 2887 819 2952; x_wconf 90' lang='lat' dir='ltr'><strong>de</strong></span> <span class='ocrx_word' id='word_1_107' title='bbox 835 2887 935 2954; x_wconf 88' lang='lat' dir='ltr'><strong>Sacro</strong></span> <span class='ocrx_word' id='word_1_108' title='bbox 953 2890 1061 2956; x_wconf 88' lang='lat' dir='ltr'><strong>Monte</strong></span> <span class='ocrx_word' id='word_1_109' title='bbox 1085 2894 1254 2960; x_wconf 82' lang='lat' dir='ltr'><strong>Pannonio</strong></span> 
     </span>
     <span class='ocr_line' id='line_1_17' title="bbox 130 2995 1255 3084; baseline 0.002 -20"><span class='ocrx_word' id='word_1_110' title='bbox 130 3007 247 3067; x_wconf 90' lang='lat' dir='ltr'><strong>contra</strong></span> <span class='ocrx_word' id='word_1_111' title='bbox 271 3000 415 3084; x_wconf 87' lang='lat' dir='ltr'><strong>hospites</strong></span> <span class='ocrx_word' id='word_1_112' title='bbox 441 3006 571 3065; x_wconf 92' lang='lat' dir='ltr'><strong>nostros</strong></span> <span class='ocrx_word' id='word_1_113' title='bbox 588 2997 720 3062; x_wconf 92' lang='lat' dir='ltr'><strong>Latinos</strong></span> <span class='ocrx_word' id='word_1_114' title='bbox 742 2995 920 3078; x_wconf 80' lang='lat' dir='ltr'><strong>Albenses,</strong></span> <span class='ocrx_word' id='word_1_115' title='bbox 947 3015 985 3059; x_wconf 89' lang='lat' dir='ltr'><strong>co</strong></span> <span class='ocrx_word' id='word_1_116' title='bbox 1002 2995 1088 3081; x_wconf 92' lang='lat' dir='ltr'><strong>quod</strong></span> <span class='ocrx_word' id='word_1_117' title='bbox 1115 2998 1155 3063; x_wconf 91' lang='lat' dir='ltr'><strong>de</strong></span> <span class='ocrx_word' id='word_1_118' title='bbox 1180 2999 1255 3066; x_wconf 79' lang='lat' dir='ltr'><strong>uino</strong></span> 
     </span>
     <span class='ocr_line' id='line_1_18' title="bbox 131 3099 1255 3192; baseline -0.001 -19"><span class='ocrx_word' id='word_1_119' title='bbox 131 3107 286 3192; x_wconf 87' lang='lat' dir='ltr'><strong>empticio</strong></span> <span class='ocrx_word' id='word_1_120' title='bbox 310 3108 344 3171; x_wconf 92' lang='lat' dir='ltr'><strong>in</strong></span> <span class='ocrx_word' id='word_1_121' title='bbox 366 3105 563 3191; x_wconf 82' lang='lat' dir='ltr'><strong>Symigiensi</strong></span> <span class='ocrx_word' id='word_1_122' title='bbox 589 3103 749 3169; x_wconf 88' lang='lat' dir='ltr'><strong>Perochia</strong></span> <span class='ocrx_word' id='word_1_123' title='bbox 774 3099 919 3169; x_wconf 89' lang='lat' dir='ltr'><strong>decimas</strong></span> <span class='ocrx_word' id='word_1_124' title='bbox 943 3103 1047 3170; x_wconf 89' lang='lat' dir='ltr'><strong>iustas</strong></span> <span class='ocrx_word' id='word_1_125' title='bbox 1072 3113 1104 3170; x_wconf 90' lang='lat' dir='ltr'><strong>et</strong></span> <span class='ocrx_word' id='word_1_126' title='bbox 1129 3105 1255 3172; x_wconf 86' lang='lat' dir='ltr'><strong>debitas</strong></span> 
     </span>
     <span class='ocr_line' id='line_1_19' title="bbox 133 3210 1255 3300; baseline -0.001 -19"><span class='ocrx_word' id='word_1_127' title='bbox 133 3237 200 3283; x_wconf 94' lang='lat' dir='ltr'><strong>non</strong></span> <span class='ocrx_word' id='word_1_128' title='bbox 216 3216 451 3300; x_wconf 88' lang='lat' dir='ltr'><strong>persoluerent,</strong></span> <span class='ocrx_word' id='word_1_129' title='bbox 477 3213 711 3296; x_wconf 88' lang='lat' dir='ltr'><strong>querimoniam</strong></span> <span class='ocrx_word' id='word_1_130' title='bbox 727 3210 822 3276; x_wconf 91' lang='lat' dir='ltr'><strong>nobis</strong></span> <span class='ocrx_word' id='word_1_131' title='bbox 839 3211 1029 3278; x_wconf 86' lang='lat' dir='ltr'><strong>multociens</strong></span> <span class='ocrx_word' id='word_1_132' title='bbox 1046 3213 1255 3298; x_wconf 84' lang='lat' dir='ltr'><strong>effodissent;</strong></span> 
     </span>
     <span class='ocr_line' id='line_1_20' title="bbox 132 3320 1258 3408; baseline -0.001 -19"><span class='ocrx_word' id='word_1_133' title='bbox 132 3343 204 3406; x_wconf 89' lang='lat' dir='ltr'><strong>nos,</strong></span> <span class='ocrx_word' id='word_1_134' title='bbox 220 3329 316 3407; x_wconf 89' lang='lat' dir='ltr'><strong>prout</strong></span> <span class='ocrx_word' id='word_1_135' title='bbox 331 3329 487 3408; x_wconf 83' lang='lat' dir='ltr'><strong>tenemur,</strong></span> <span class='ocrx_word' id='word_1_136' title='bbox 505 3322 548 3387; x_wconf 89' lang='lat' dir='ltr'><strong>ad</strong></span> <span class='ocrx_word' id='word_1_137' title='bbox 564 3320 736 3388; x_wconf 87' lang='lat' dir='ltr'><strong>locandam</strong></span> <span class='ocrx_word' id='word_1_138' title='bbox 761 3320 844 3384; x_wconf 90' lang='lat' dir='ltr'><strong>inter</strong></span> <span class='ocrx_word' id='word_1_139' title='bbox 861 3337 917 3386; x_wconf 89' lang='lat' dir='ltr'><strong>eos</strong></span> <span class='ocrx_word' id='word_1_140' title='bbox 934 3327 966 3385; x_wconf 91' lang='lat' dir='ltr'><strong>et</strong></span> <span class='ocrx_word' id='word_1_141' title='bbox 979 3321 1123 3406; x_wconf 87' lang='lat' dir='ltr'><strong>hospites</strong></span> <span class='ocrx_word' id='word_1_142' title='bbox 1143 3341 1258 3388; x_wconf 91' lang='lat' dir='ltr'><strong>memo-</strong></span> 
     </span>
     <span class='ocr_line' id='line_1_21' title="bbox 134 3427 1257 3518; baseline 0.002 -22"><span class='ocrx_word' id='word_1_143' title='bbox 134 3439 225 3497; x_wconf 87' lang='lat' dir='ltr'><strong>ratos</strong></span> <span class='ocrx_word' id='word_1_144' title='bbox 242 3430 414 3514; x_wconf 87' lang='lat' dir='ltr'><strong>iusticiam,</strong></span> <span class='ocrx_word' id='word_1_145' title='bbox 431 3430 603 3496; x_wconf 82' lang='lat' dir='ltr'><strong>Nicolaum</strong></span> <span class='ocrx_word' id='word_1_146' title='bbox 623 3427 779 3494; x_wconf 86' lang='lat' dir='ltr'><strong>Comitem</strong></span> <span class='ocrx_word' id='word_1_147' title='bbox 804 3433 880 3492; x_wconf 91' lang='lat' dir='ltr'><strong>tunc</strong></span> <span class='ocrx_word' id='word_1_148' title='bbox 896 3429 1081 3495; x_wconf 88' lang='lat' dir='ltr'><strong>Palatinum</strong></span> <span class='ocrx_word' id='word_1_149' title='bbox 1102 3438 1257 3518; x_wconf 88' lang='lat' dir='ltr'><strong>nostrum,</strong></span> 
     </span>
     <span class='ocr_line' id='line_1_22' title="bbox 135 3531 1259 3622; baseline 0.002 -18"><span class='ocrx_word' id='word_1_150' title='bbox 135 3545 168 3604; x_wconf 90' lang='lat' dir='ltr'><strong>et</strong></span> <span class='ocrx_word' id='word_1_151' title='bbox 184 3538 389 3622; x_wconf 90' lang='lat' dir='ltr'><strong>postmodum</strong></span> <span class='ocrx_word' id='word_1_152' title='bbox 401 3536 619 3602; x_wconf 86' lang='lat' dir='ltr'><strong>venerabilem</strong></span> <span class='ocrx_word' id='word_1_153' title='bbox 631 3533 824 3618; x_wconf 82' lang='lat' dir='ltr'><strong>Gregorium</strong></span> <span class='ocrx_word' id='word_1_154' title='bbox 841 3531 1038 3622; x_wconf 84' lang='lat' dir='ltr'><strong>Episcopum</strong></span> <span class='ocrx_word' id='word_1_155' title='bbox 1049 3539 1259 3607; x_wconf 80' lang='lat' dir='ltr'><strong>chriensem</strong></span> 
     </span>
     <span class='ocr_line' id='line_1_23' title="bbox 132 3642 1259 3731; baseline 0.004 -20"><span class='ocrx_word' id='word_1_156' title='bbox 132 3647 262 3731; x_wconf 90' lang='lat' dir='ltr'><strong>judices</strong></span> <span class='ocrx_word' id='word_1_157' title='bbox 279 3647 515 3712; x_wconf 89' lang='lat' dir='ltr'><strong>constituimus.</strong></span> <span class='ocrx_word' id='word_1_158' title='bbox 532 3645 598 3711; x_wconf 88' lang='lat' dir='ltr'><strong>Sed</strong></span> <span class='ocrx_word' id='word_1_159' title='bbox 609 3663 680 3710; x_wconf 93' lang='lat' dir='ltr'><strong>cum</strong></span> <span class='ocrx_word' id='word_1_160' title='bbox 697 3643 731 3708; x_wconf 94' lang='lat' dir='ltr'><strong>in</strong></span> <span class='ocrx_word' id='word_1_161' title='bbox 746 3642 875 3708; x_wconf 91' lang='lat' dir='ltr'><strong>illorum</strong></span> <span class='ocrx_word' id='word_1_162' title='bbox 886 3643 1012 3728; x_wconf 89' lang='lat' dir='ltr'><strong>judicio</strong></span> <span class='ocrx_word' id='word_1_163' title='bbox 1029 3649 1171 3714; x_wconf 90' lang='lat' dir='ltr'><strong>contenti</strong></span> <span class='ocrx_word' id='word_1_164' title='bbox 1187 3669 1259 3716; x_wconf 90' lang='lat' dir='ltr'><strong>csse</strong></span> 
     </span>
     <span class='ocr_line' id='line_1_24' title="bbox 137 3749 1261 3838; baseline 0.004 -20"><span class='ocrx_word' id='word_1_165' title='bbox 137 3773 203 3821; x_wconf 92' lang='lat' dir='ltr'><strong>non</strong></span> <span class='ocrx_word' id='word_1_166' title='bbox 219 3759 364 3838; x_wconf 85' lang='lat' dir='ltr'><strong>possent,</strong></span> <span class='ocrx_word' id='word_1_167' title='bbox 382 3753 424 3820; x_wconf 92' lang='lat' dir='ltr'><strong>ad</strong></span> <span class='ocrx_word' id='word_1_168' title='bbox 440 3753 589 3820; x_wconf 87' lang='lat' dir='ltr'><strong>ultimum</strong></span> <span class='ocrx_word' id='word_1_169' title='bbox 608 3749 740 3816; x_wconf 86' lang='lat' dir='ltr'><strong>tandem</strong></span> <span class='ocrx_word' id='word_1_170' title='bbox 757 3771 798 3816; x_wconf 82' lang='lat' dir='ltr'><strong>ex</strong></span> <span class='ocrx_word' id='word_1_171' title='bbox 815 3753 974 3818; x_wconf 88' lang='lat' dir='ltr'><strong>communi</strong></span> <span class='ocrx_word' id='word_1_172' title='bbox 990 3754 1123 3822; x_wconf 90' lang='lat' dir='ltr'><strong>consilio</strong></span> <span class='ocrx_word' id='word_1_173' title='bbox 1141 3763 1173 3821; x_wconf 89' lang='lat' dir='ltr'><strong>et</strong></span> <span class='ocrx_word' id='word_1_174' title='bbox 1190 3775 1261 3825; x_wconf 84' lang='lat' dir='ltr'><strong>con.-</strong></span> 
     </span>
     <span class='ocr_line' id='line_1_25' title="bbox 137 3859 1263 3948; baseline 0.004 -21"><span class='ocrx_word' id='word_1_175' title='bbox 137 3879 236 3927; x_wconf 88' lang='lat' dir='ltr'><strong>sensn</strong></span> <span class='ocrx_word' id='word_1_176' title='bbox 254 3861 451 3928; x_wconf 88' lang='lat' dir='ltr'><strong>venerabilis</strong></span> <span class='ocrx_word' id='word_1_177' title='bbox 468 3861 530 3927; x_wconf 88' lang='lat' dir='ltr'><strong>uiri</strong></span> <span class='ocrx_word' id='word_1_178' title='bbox 555 3859 688 3927; x_wconf 86' lang='lat' dir='ltr'><strong>Roberti</strong></span> <span class='ocrx_word' id='word_1_179' title='bbox 707 3859 862 3945; x_wconf 86' lang='lat' dir='ltr'><strong>Episcopi</strong></span> <span class='ocrx_word' id='word_1_180' title='bbox 878 3859 1162 3948; x_wconf 90' lang='lat' dir='ltr'><strong>Wesprimiensis,</strong></span> <span class='ocrx_word' id='word_1_181' title='bbox 1188 3864 1263 3932; x_wconf 90' lang='lat' dir='ltr'><strong>Jule</strong></span> 
     </span>
     <span class='ocr_line' id='line_1_26' title="bbox 137 3967 1262 4055; baseline 0.003 -20"><span class='ocrx_word' id='word_1_182' title='bbox 137 3970 282 4036; x_wconf 85' lang='lat' dir='ltr'><strong>Palatini</strong></span> <span class='ocrx_word' id='word_1_183' title='bbox 307 3977 340 4036; x_wconf 91' lang='lat' dir='ltr'><strong>et</strong></span> <span class='ocrx_word' id='word_1_184' title='bbox 356 3969 492 4038; x_wconf 83' lang='lat' dir='ltr'><strong>Comitis</strong></span> <span class='ocrx_word' id='word_1_185' title='bbox 518 3967 759 4055; x_wconf 83' lang='lat' dir='ltr'><strong>Supmnicnsis,</strong></span> <span class='ocrx_word' id='word_1_186' title='bbox 784 3967 914 4035; x_wconf 88' lang='lat' dir='ltr'><strong>Nicolai</strong></span> <span class='ocrx_word' id='word_1_187' title='bbox 938 3971 996 4035; x_wconf 88' lang='lat' dir='ltr'><strong>filii</strong></span> <span class='ocrx_word' id='word_1_188' title='bbox 1015 3968 1122 4037; x_wconf 90' lang='lat' dir='ltr'><strong>Borch</strong></span> <span class='ocrx_word' id='word_1_189' title='bbox 1147 3972 1262 4039; x_wconf 89' lang='lat' dir='ltr'><strong>iterato</strong></span> 
     </span>
     <span class='ocr_line' id='line_1_27' title="bbox 137 4075 1263 4164; baseline 0.002 -20"><span class='ocrx_word' id='word_1_190' title='bbox 137 4078 291 4162; x_wconf 84' lang='lat' dir='ltr'><strong>Palatini,</strong></span> <span class='ocrx_word' id='word_1_191' title='bbox 319 4085 352 4145; x_wconf 89' lang='lat' dir='ltr'><strong>et</strong></span> <span class='ocrx_word' id='word_1_192' title='bbox 368 4078 507 4144; x_wconf 91' lang='lat' dir='ltr'><strong>aliorum</strong></span> <span class='ocrx_word' id='word_1_193' title='bbox 522 4075 741 4161; x_wconf 81' lang='lat' dir='ltr'><strong>Jobagionum</strong></span> <span class='ocrx_word' id='word_1_194' title='bbox 762 4083 964 4162; x_wconf 91' lang='lat' dir='ltr'><strong>nostrorum,</strong></span> <span class='ocrx_word' id='word_1_195' title='bbox 991 4076 1166 4143; x_wconf 91' lang='lat' dir='ltr'><strong>secundum</strong></span> <span class='ocrx_word' id='word_1_196' title='bbox 1180 4078 1263 4164; x_wconf 87' lang='lat' dir='ltr'><strong>juris</strong></span> 
     </span>
     <span class='ocr_line' id='line_1_28' title="bbox 139 4183 1264 4270; baseline 0.002 -20"><span class='ocrx_word' id='word_1_197' title='bbox 139 4186 286 4250; x_wconf 89' lang='lat' dir='ltr'><strong>ordinem</strong></span> <span class='ocrx_word' id='word_1_198' title='bbox 303 4184 514 4270; x_wconf 83' lang='lat' dir='ltr'><strong>procedentes</strong></span> <span class='ocrx_word' id='word_1_199' title='bbox 527 4183 698 4250; x_wconf 87' lang='lat' dir='ltr'><strong>statuimus</strong></span> <span class='ocrx_word' id='word_1_200' title='bbox 710 4183 854 4269; x_wconf 87' lang='lat' dir='ltr'><strong>firmiter,</strong></span> <span class='ocrx_word' id='word_1_201' title='bbox 871 4184 957 4268; x_wconf 91' lang='lat' dir='ltr'><strong>qnod</strong></span> <span class='ocrx_word' id='word_1_202' title='bbox 972 4186 1141 4251; x_wconf 87' lang='lat' dir='ltr'><strong>memorati</strong></span> <span class='ocrx_word' id='word_1_203' title='bbox 1158 4185 1264 4270; x_wconf 93' lang='lat' dir='ltr'><strong>hospi-</strong></span> 
     </span>
     <span class='ocr_line' id='line_1_29' title="bbox 139 4289 1265 4378; baseline 0.001 -20"><span class='ocrx_word' id='word_1_204' title='bbox 139 4299 190 4358; x_wconf 89' lang='lat' dir='ltr'><strong>tes</strong></span> <span class='ocrx_word' id='word_1_205' title='bbox 208 4290 368 4359; x_wconf 82' lang='lat' dir='ltr'><strong>devincis</strong></span> <span class='ocrx_word' id='word_1_206' title='bbox 393 4293 461 4359; x_wconf 91' lang='lat' dir='ltr'><strong>suis</strong></span> <span class='ocrx_word' id='word_1_207' title='bbox 488 4291 629 4378; x_wconf 89' lang='lat' dir='ltr'><strong>propriis</strong></span> <span class='ocrx_word' id='word_1_208' title='bbox 654 4291 798 4358; x_wconf 90' lang='lat' dir='ltr'><strong>decimas</strong></span> <span class='ocrx_word' id='word_1_209' title='bbox 818 4289 901 4358; x_wconf 91' lang='lat' dir='ltr'><strong>iuste</strong></span> <span class='ocrx_word' id='word_1_210' title='bbox 927 4297 958 4356; x_wconf 92' lang='lat' dir='ltr'><strong>et</strong></span> <span class='ocrx_word' id='word_1_211' title='bbox 973 4291 1120 4378; x_wconf 87' lang='lat' dir='ltr'><strong>plenarie</strong></span> <span class='ocrx_word' id='word_1_212' title='bbox 1144 4293 1265 4377; x_wconf 89' lang='lat' dir='ltr'><strong>persol-</strong></span> 
     </span>
     <span class='ocr_line' id='line_1_30' title="bbox 140 4399 1266 4488; baseline -0.003 -20"><span class='ocrx_word' id='word_1_213' title='bbox 140 4409 273 4486; x_wconf 88' lang='lat' dir='ltr'><strong>uentes,</strong></span> <span class='ocrx_word' id='word_1_214' title='bbox 299 4402 410 4469; x_wconf 83' lang='lat' dir='ltr'><strong>vinum</strong></span> <span class='ocrx_word' id='word_1_215' title='bbox 425 4401 459 4468; x_wconf 91' lang='lat' dir='ltr'><strong>in</strong></span> <span class='ocrx_word' id='word_1_216' title='bbox 474 4401 621 4488; x_wconf 83' lang='lat' dir='ltr'><strong>Symigio</strong></span> <span class='ocrx_word' id='word_1_217' title='bbox 637 4421 764 4487; x_wconf 90' lang='lat' dir='ltr'><strong>semper</strong></span> <span class='ocrx_word' id='word_1_218' title='bbox 782 4409 813 4467; x_wconf 92' lang='lat' dir='ltr'><strong>et</strong></span> <span class='ocrx_word' id='word_1_219' title='bbox 836 4401 954 4486; x_wconf 88' lang='lat' dir='ltr'><strong>ubique</strong></span> <span class='ocrx_word' id='word_1_220' title='bbox 969 4399 1106 4467; x_wconf 88' lang='lat' dir='ltr'><strong>liberam</strong></span> <span class='ocrx_word' id='word_1_221' title='bbox 1123 4399 1266 4466; x_wconf 85' lang='lat' dir='ltr'><strong>habeant</strong></span> 
     </span>
     <span class='ocr_line' id='line_1_31' title="bbox 142 4507 1266 4595; baseline -0.002 -19"><span class='ocrx_word' id='word_1_222' title='bbox 142 4509 271 4576; x_wconf 90' lang='lat' dir='ltr'><strong>emendi</strong></span> <span class='ocrx_word' id='word_1_223' title='bbox 287 4508 487 4595; x_wconf 77' lang='lat' dir='ltr'><strong>facultatem,</strong></span> <span class='ocrx_word' id='word_1_224' title='bbox 512 4511 547 4575; x_wconf 92' lang='lat' dir='ltr'><strong>in</strong></span> <span class='ocrx_word' id='word_1_225' title='bbox 562 4509 733 4595; x_wconf 86' lang='lat' dir='ltr'><strong>presencia</strong></span> <span class='ocrx_word' id='word_1_226' title='bbox 747 4515 857 4575; x_wconf 89' lang='lat' dir='ltr'><strong>tamen</strong></span> <span class='ocrx_word' id='word_1_227' title='bbox 877 4509 1110 4575; x_wconf 87' lang='lat' dir='ltr'><strong>decimatorum</strong></span> <span class='ocrx_word' id='word_1_228' title='bbox 1129 4507 1266 4574; x_wconf 83' lang='lat' dir='ltr'><strong>Abbatis</strong></span> 
     </span>
     <span class='ocr_line' id='line_1_32' title="bbox 143 4615 1267 4704; baseline -0.002 -18"><span class='ocrx_word' id='word_1_229' title='bbox 143 4625 175 4686; x_wconf 85' lang='lat' dir='ltr'><strong>et</strong></span> <span class='ocrx_word' id='word_1_230' title='bbox 201 4617 386 4686; x_wconf 73' lang='lat' dir='ltr'><strong>donnanae</strong></span> <span class='ocrx_word' id='word_1_231' title='bbox 403 4618 497 4686; x_wconf 90' lang='lat' dir='ltr'><strong>Beati</strong></span> <span class='ocrx_word' id='word_1_232' title='bbox 522 4617 666 4704; x_wconf 89' lang='lat' dir='ltr'><strong>Martini,</strong></span> <span class='ocrx_word' id='word_1_233' title='bbox 694 4623 726 4683; x_wconf 89' lang='lat' dir='ltr'><strong>et</strong></span> <span class='ocrx_word' id='word_1_234' title='bbox 746 4616 887 4687; x_wconf 93' lang='lat' dir='ltr'><strong>hominis</strong></span> <span class='ocrx_word' id='word_1_235' title='bbox 912 4617 1034 4702; x_wconf 86' lang='lat' dir='ltr'><strong>nostri,</strong></span> <span class='ocrx_word' id='word_1_236' title='bbox 1061 4636 1155 4702; x_wconf 88' lang='lat' dir='ltr'><strong>quem</strong></span> <span class='ocrx_word' id='word_1_237' title='bbox 1181 4615 1267 4684; x_wconf 87' lang='lat' dir='ltr'><strong>idem</strong></span> 
     </span>
    </p>
   </div>
   <div class='ocr_carea' id='block_1_8' title="bbox 0 0 1643 5182">
    <p class='ocr_par' dir='ltr' id='par_1_8' title="bbox 0 0 1643 5182">
     <span class='ocr_line' id='line_1_33' title="bbox 0 0 1643 5182; baseline 0 0"><span class='ocrx_word' id='word_1_238' title='bbox 0 0 1643 5182; x_wconf 95' lang='lat' dir='ltr'><strong> </strong></span> 
     </span>
    </p>
   </div>
  </div>
 </body>
</html>
