3200 5182
879 329 1041 430 jue—

394 529 427 590 et
442 521 685 609 speciminibus,
701 523 743 592 de
758 523 875 609 quibus
899 523 981 592 nihil
1005 525 1192 612 persoluere
1216 525 1416 594 tenebuntur.
1440 523 1512 591 Peti-

393 639 488 698 erunt
502 631 635 718 insuper
649 629 808 698 nominati
824 631 925 716 legati
941 651 1000 718 pro
1010 631 1098 700 dieto
1114 632 1243 700 domine
1259 636 1358 720 Rege,
1373 641 1409 700 ut
1417 633 1512 700 eilen

395 737 526 808 domine
541 740 624 823 Regi
635 739 800 824 Vngariae
809 738 1060 808 coneederentnr
1074 739 1185 808 decem
1195 761 1297 809 naues
1313 739 1357 808 ad
1374 739 1513 808 transire

394 847 543 932 tandum
560 845 761 931 quuddietua
771 846 920 915 dominus
931 849 1007 916 Dux
1017 849 1226 918 venetiarum
1236 850 1414 916 elementer
1425 868 1514 916 annu-

394 957 430 1039 it,
446 975 487 1022 ea
502 955 657 1024 uidelicet
671 953 809 1040 ratione,
829 953 916 1038 quod
932 956 1027 1024 navis
1042 977 1105 1041 que
1119 959 1182 1024 erit
1198 959 1424 1026 milliariorum
1433 960 1514 1041 quin·

394 1069 574 1148 gunterum,
592 1061 688 1130 debat
698 1062 821 1130 habere
833 1063 1071 1150 quinquaginta
1081 1065 1283 1150 marinarios,
1301 1071 1452 1132 caeterae
1467 1083 1514 1130 au·

394 1181 459 1240 tem
469 1189 571 1238 naues
582 1169 776 1238 marinarios
791 1171 958 1240 habebunt
970 1183 1190 1261 eompetenter
1202 1175 1313 1261 plures
1328 1174 1385 1240 uel
1394 1173 1514 1260 paueio·

394 1297 447 1346 rea
457 1277 634 1347 seeundum
645 1279 805 1347 rationem
817 1281 1049 1366 magnitudinis
1059 1284 1112 1350 uel
1123 1283 1296 1369 paruitatis
1306 1281 1469 1368 ipsarum
1484 1286 1512 1346 et

396 1385 468 1473 ipse
478 1386 628 1456 dominus
639 1388 710 1456 Rex
720 1389 907 1474 persoluere
918 1389 1024 1458 eidem
1038 1390 1169 1459 domino
1180 1392 1262 1458 Dnui
1273 1409 1332 1478 pre
1343 1391 1421 1455 naui
1433 1388 1512 1472 quiu-

394 1501 564 1580 gentarum
577 1494 763 1564 milliarium
778 1498 972 1584 quingentas
983 1499 1220 1585 quinquaginta
1230 1497 1385 1566 mareiae
1395 1493 1513 1579 argenti

394 1603 482 1688 talis,
498 1601 604 1686 qualis
615 1607 665 1670 eat
681 1611 810 1672 moneta
822 1605 1029 1673 Venetiarurn
1045 1626 1162 1690 gressa
1176 1606 1220 1672 ad
1235 1604 1365 1691 pondus
1375 1601 1514 1671 Venetia·

395 1731 474 1795 runs,
492 1715 525 1777 et
540 1709 750 1778 extimabitur
759 1711 865 1798 ipsum
875 1721 1045 1798 argentum
1060 1733 1119 1800 per
1133 1719 1269 1799 quatuor
1278 1712 1429 1778 homiues
1438 1707 1512 1774 iura·

395 1826 502 1887 mente
512 1817 674 1904 aetrietos,
681 1817 761 1885 dues
770 1840 828 1907 pro
835 1829 1000 1906 unaparte
1009 1829 1042 1889 et
1051 1821 1134 1890 duos
1143 1841 1202 1908 pre
1213 1822 1327 1888 altera.
1334 1819 1378 1885 lit
1386 1818 1415 1886 si
1425 1816 1513 1882 main-

394 1947 447 1996 res
458 1927 576 1997 luerint
591 1946 704 2012 naues,
721 1928 898 1996 seeundum
916 1929 1038 1998 dietam
1050 1929 1289 2016 rationemplus
1300 1927 1379 1994 inde
1391 1923 1512 1992 habebit

394 2035 500 2104 dietus
509 2035 659 2104 deminus
668 2037 757 2122 Dux;
770 2037 798 2104 si
809 2038 948 2106 minores
958 2037 1089 2122 fuerint,
1099 2038 1214 2106 eudem
1224 2035 1320 2104 modo
1330 2029 1512 2102 minuereti-

394 2145 471 2229 piet.
490 2145 718 2212 Verumtamen
731 2144 823 2212 nulla
838 2144 995 2213 dictarum
1011 2143 1143 2214 nauium
1159 2145 1221 2212 erit
1235 2143 1342 2210 minor
1359 2139 1512 2209 militarie

395 2251 788 2336 rumtreeenturum,etad
799 2253 1004 2321 extimandas
1014 2252 1312 2322 dictarumnauium
1322 2249 1511 2333 quantitates

395 2359 504 2443 nuncii
521 2359 680 2426 nominati
696 2358 819 2428 domini
835 2361 934 2448 Regia
948 2363 1070 2447 eligere
1086 2360 1208 2429 debent
1227 2368 1292 2428 tres
1307 2358 1451 2443 Regalea
1466 2356 1511 2422 le

395 2470 497 2536 mines
513 2468 636 2554 peritus
651 2467 684 2535 in
701 2467 788 2536 faute
805 2470 947 2555 nauium,
972 2470 1029 2554 qui
1045 2471 1165 2538 debent
1190 2471 1373 2537 iuramento
1398 2461 1509 2534 astricti

393 2575 512 2662 (linere,
524 2577 614 2643 euius
625 2577 818 2662 quantitatis
828 2578 1051 2666 tuerintipaae
1066 2599 1188 2664 naues;
1206 2575 1510 2663 etquiequiddieeut

392 2685 482 2771 inde,
500 2684 633 2754 tirmiter
643 2687 794 2769 utrinque
805 2687 1040 2756 obseruabitur.
1053 2691 1232 2773 Argentum
1244 2705 1387 2772 namque
1397 2679 1509 2769 praefa-

393 2803 461 2862 tum
476 2794 585 2862 taliter
598 2795 836 2883 appagabitur3
853 2804 970 2882 quarta
985 2817 1064 2885 pars
1079 2795 1210 2865 dabitur
1226 2795 1358 2863 domiuo
1369 2790 1449 2860 Duei
1466 2787 1510 2852 tie·

393 2905 468 2972 hine
485 2923 586 2987 usque
603 2903 827 2973 Pentecosten
844 2905 877 2972 in
893 2905 1063 2992 Riuoaltu;
1080 2906 1148 2974 alia
1163 2911 1281 2989 quarta
1300 2921 1381 2988 pars
1393 2897 1510 2966 dabitur

393 3014 424 3081 ei
440 3032 499 3100 per
513 3019 616 3080 toturn
636 3031 780 3079 mensem
805 3013 906 3098 Madij
933 3011 1020 3100 (tgy)
1045 3012 1150 3099 primo
1176 3017 1366 3091 uenturum3
1393 3011 1509 3074 escars

394 3121 550 3191 medietas
567 3118 646 3186 dieti
661 3119 790 3203 argenti
804 3122 950 3188 soluetur
965 3119 1071 3188 eidem
1087 3119 1218 3188 domine
1228 3118 1312 3186 Duei
1322 3124 1397 3186 oete
1406 3112 1508 3180 diebus

392 3229 771 3314 antequamipsaenaues
780 3225 1508 3313 egredianturportumltiuoalti.liauesauten1

392 3342 487 3426 ipsae
496 3336 622 3404 debent
631 3355 704 3402 ease
713 3342 848 3421 paratae
865 3335 921 3420 ita,
932 3335 1019 3420 quud
1028 3335 1156 3424 possint
1165 3351 1237 3402 esee
1251 3332 1285 3399 iu
1295 3329 1459 3417 procinctu
1468 3324 1509 3391 iti·

391 3446 480 3514 ueris
494 3446 529 3512 in
543 3443 625 3511 festu
642 3443 735 3511 Beati
749 3443 875 3530 Jaeobi,
892 3444 979 3527 quod
994 3444 1099 3529 primo
1115 3442 1290 3510 oecurrerit
1306 3439 1360 3506 uel
1377 3443 1460 3518 ante,
1482 3437 1508 3496 et

391 3555 484 3620 ibunt
498 3550 722 3637 adspslatun
738 3559 928 3637 recepturae
938 3551 1059 3618 dietum
1071 3550 1236 3618 dominum
1247 3549 1371 3630 Regem
1386 3548 1419 3610 et
1433 3557 1508 3622 suus,

392 3678 464 3726 eum
480 3657 577 3724 rebus
592 3658 659 3726 suis
675 3665 708 3726 et
723 3661 815 3744 equis
830 3659 875 3728 ad
889 3657 1085 3747 portandum
1110 3677 1184 3727 eum
1209 3657 1297 3726 ultra
1322 3671 1429 3738 mare,
1453 3667 1508 3733 qne

392 3773 553 3834 caeterum
567 3765 733 3852 nauigium
750 3765 791 3834 de
808 3767 973 3854 praesenti
989 3767 1146 3854 passagio
1158 3764 1348 3853 applicabit.
1360 3757 1509 3843 †tursbit

391 3891 530 3958 namque
540 3875 780 3961 supraseriptua
789 3874 941 3942 dominus
951 3875 1030 3957 Rex,
1042 3874 1131 3958 quud
1141 3875 1252 3942 aaluoe
1267 3880 1300 3940 et
1315 3888 1447 3938 securos
1461 3865 1504 3932 ia·

391 3983 480 4051 babit
496 3983 647 4069 Venetos,
666 3988 698 4048 et
713 4001 814 4049 nunes
829 3981 922 4069 ipsus
943 4002 1015 4050 eum
1031 3983 1129 4050 rebus
1145 3983 1214 4050 suis
1231 4000 1333 4065 usque
1349 3978 1394 4046 ad
1413 3978 1508 4045 loeun

390 4089 580 4180 praediatus
596 4089 837 4177 applicationis,
856 4097 887 4158 et
903 4089 1017 4158 eedem
1037 4092 1133 4160 mode
1158 4089 1283 4176 Veneti,
1311 4087 1367 4172 qui
1392 4103 1460 4151 eum
1473 4099 1507 4146 eo

390 4201 490 4285 ibunt,
508 4197 670 4284 iurabant,
687 4195 905 4284 quodRegenr
915 4205 948 4266 et
963 4217 1049 4284 suos,
1067 4200 1123 4283 qui
1139 4219 1212 4266 eum
1228 4217 1268 4264 eo
1288 4197 1390 4279 ibunt,
1407 4192 1506 4260 saluus

390 4315 423 4376 et
438 4327 569 4376 seeuroa
585 4306 761 4374 habebunt
778 4306 972 4374 Marinarius
989 4325 1065 4372 rere
1081 4306 1218 4391 quilibet
1243 4302 1388 4391 portabit
1408 4315 1506 4366 seeum

389 4418 424 4483 in
438 4416 515 4484 naui
525 4421 650 4482 tantum
665 4419 804 4500 quatuor
814 4416 916 4484 staria
932 4415 1151 4502 interpatent
1166 4422 1199 4482 et
1214 4413 1504 4494 terinaneum

389 4521 578 4590 butieellanr
593 4521 660 4588 viui
675 4518 892 4588 continentem
909 4519 991 4590 duos
1007 4521 1182 4605 bigonties,
1206 4527 1240 4586 et
1257 4519 1325 4586 alia
1351 4511 1501 4590 vietusia,

386 4637 420 4700 et
435 4647 526 4698 arma
540 4635 572 4697 et
588 4629 709 4718 drapuu
726 4628 770 4698 ad
785 4629 1023 4716 sufficientiam,
1040 4637 1073 4696 et
1088 4630 1220 4717 insuper
1237 4625 1378 4696 medium
1397 4620 1498 4690 mittis·
