3238 5184
699 897 777 968 330.

168 1072 215 1136 ll.
234 1064 341 1139 neore
355 1072 528 1161 kirdtyack
553 1076 697 1165 dabonpoa
711 1080 927 1166 apameno
950 1086 1102 1170 tdrpycad
1115 1084 1299 1151 odukozctea

437 1206 459 1248 a
472 1185 586 1270 paradi
600 1189 737 1274 updtadp
751 1193 909 1255 ηώωάνα.
927 1192 1026 1258 1233.

275 1381 313 1446 ln
329 1381 459 1450 nomine
484 1383 603 1450 Sancte
619 1382 789 1453 Trinitatis
814 1393 846 1453 et
861 1385 1034 1456 Indiuidua
1057 1385 1211 1454 Unitatis.
1233 1384 1296 1452 An-

167 1488 265 1556 dreas
289 1489 409 1556 tercius
435 1487 522 1578 (tgy)
538 1491 601 1560 Dei
622 1493 736 1577 gracia
751 1493 906 1580 Ungarie,
926 1493 1109 1578 Dalmucie,
1127 1492 1295 1577 chroacie,

165 1597 280 1684 Rama,
293 1598 416 1684 Seruio,
438 1597 588 1685 Gallicis,
609 1600 954 1688 Lodomem'equeRex,
967 1603 1089 1669 Abbati
1108 1600 1295 1670 etOonueo-

11 1731 17 1744 ·
65 1767 74 1778 ,
165 1705 213 1770 tui
238 1705 356 1774 Sancte
371 1707 556 1792 Margarete
583 1707 623 1774 de
637 1709 765 1780 Pernen
779 1709 1006 1778 disterciensis
1026 1709 1167 1798 Ordinis,
1193 1716 1227 1780 et
1242 1730 1293 1778 eo

162 1833 233 1882 rum
248 1811 546 1904 successoribuslin
556 1823 759 1904 perpetuum.
775 1818 838 1885 Per
849 1836 982 1907 presens
998 1818 1153 1905 scriptum
1169 1817 1293 1886 cunctis
1357 1859 1360 1868 ·

163 1929 300 1990 nuncet
322 1922 534 2008 imposterum
558 1924 696 1994 facimus
719 1926 937 2014 manifestum,
954 1923 1041 2012 quod
1057 1947 1129 1994 cum
1145 1946 1216 2011 nos,
1233 1943 1291 2014 pro

163 2031 526 2118 nostrinostrorumque
536 2033 802 2120 predecessorum
812 2034 983 2102 abluoione
993 2043 1218 2121 peccatorum
1233 2035 1292 2101 lle-

163 2137 264 2219 elesio
288 2145 398 2207 uestra
414 2142 644 2212 contulerimus
661 2141 751 2208 mille
765 2161 898 2226 nuanos,
923 2142 955 2209 in
971 2143 1119 2211 Woswar
1136 2164 1157 2210 a
1173 2143 1292 2211 salina-

161 2246 220 2314 riis
236 2248 404 2315 annuatim
427 2249 515 2317 circa
529 2241 650 2320 festum
673 2250 786 2320 Sancti
803 2250 942 2320 loannis
959 2253 1118 2341 Baptista,
1136 2251 1170 2319 in
1184 2249 1292 2338 prima

162 2356 219 2422 uia
233 2354 303 2422 siue
319 2357 406 2424 omni
431 2357 705 2445 contradicemus,
730 2358 949 2429 diminucione
974 2367 1007 2428 et
1030 2359 1193 2429 dilacione
1218 2377 1289 2444 per-

161 2463 336 2532 soluendos
348 2466 424 2551 jure
441 2473 618 2554 perpetuo;
644 2468 763 2538 Comiti
779 2469 821 2536 de
836 2469 995 2554 Woswar‚
1022 2469 1205 2555 quicunque
1225 2466 1291 2536 fue-

160 2572 223 2657 rit,
249 2571 417 2640 ediecione
432 2573 549 2658 Regali
573 2574 790 2662 iniungantur,
818 2577 955 2662 quodsi
980 2576 1084 2646 dictos
1104 2575 1191 2643 sales
1215 2574 1290 2642 sali·

161 2677 245 2765 narij
262 2679 392 2747 soluere
417 2685 612 2766 recusarent,
639 2682 786 2750 Ecclesia
809 2683 875 2771 ipsi
890 2683 933 2750 ad
950 2683 1170 2770 recipiendum
1198 2683 1285 2750 auxi·

160 2788 240 2854 lium
264 2789 497 2875 amministrat,
522 2797 556 2857 et
570 2789 661 2859 iuxta
677 2791 951 2876 transaccionem,
977 2809 1041 2874 que
1055 2789 1139 2856 inter
1154 2809 1286 2858 venera·

160 2896 260 2966 bilem
271 2905 398 2984 patrem
409 2897 741 2968 domiuumJacobum
750 2898 978 2967 Prenestiuum
988 2899 1288 2985 Electumdposto·

159 3007 223 3074 lice
240 3005 337 3074 Sedis
353 3007 513 3094 Legatum
529 3029 570 3075 ex
585 3027 652 3074 unu
666 3013 772 3094 parte,
789 3015 822 3074 et
837 3026 897 3074 nos
913 3027 954 3074 ex
971 3007 1076 3074 altera
1094 3005 1286 3092 intercessit,

160 3116 246 3182 hanc
255 3113 371 3183 danes
386 3115 481 3183 uobis
491 3124 525 3183 et
539 3115 659 3183 uestris
669 3115 912 3184 successoribus
922 3115 1118 3198 libertatem,
1129 3119 1164 3180 ut
1175 3133 1287 3182 omnes

160 3221 325 3308 predictos
340 3223 428 3291 sales
442 3222 546 3292 libere
561 3230 594 3291 et
620 3223 744 3308 absque
764 3223 833 3291 ulla
857 3220 1117 3292 conbadiccione
1141 3227 1175 3288 et
1190 3219 1287 3287 mole·

159 3330 305 3400 amulone
320 3335 434 3400 nostra
449 3333 503 3400 ael
517 3331 667 3417 aliorum,
683 3333 808 3416 absque
824 3329 996 3400 cuiuslibet
1010 3329 1217 3415 prestacione
1232 3327 1287 3392 tri·

159 3437 241 3525 bati,
265 3437 309 3506 ad
323 3458 402 3508 usus
426 3446 553 3510 uestros
579 3442 718 3509 retinere
732 3438 879 3528 possitis.
905 3439 949 3507 Ut
965 3443 1072 3505 autem
1098 3435 1157 3504 hee
1173 3439 1286 3504 nostre

158 3545 380 3614 concessionis
396 3554 429 3614 et
450 3547 613 3618 libertatis
632 3548 757 3635 pagina
779 3547 878 3615 robur
894 3552 1052 3632 perpetuo
1077 3543 1222 3613 obtineat
1237 3543 1287 3609 fir·

157 3652 293 3739 mitatis,
319 3660 433 3722 eontra
447 3675 545 3740 quam
571 3656 709 3724 scienter
724 3675 788 3723 non
812 3653 991 3739 ueniamus,
1016 3673 1077 3722 nec
1092 3657 1205 3720 contra
1220 3649 1286 3718 alia

158 3761 336 3849 priuilegia
351 3763 547 3832 monasterio
572 3770 681 3833 uestro
696 3763 827 3832 anobis
846 3770 904 3830 aut
929 3759 1213 3848 predecessoribus
1232 3780 1286 3826 no·

158 3869 236 3938 stris
252 3870 390 3956 indulta,
411 3873 515 3956 Regio
531 3871 640 3956 sigillo
658 3890 731 3939 eam
748 3872 896 3940 uolumus
912 3871 1122 3954 communiri3
1146 3875 1285 3935 statuen-

158 3983 227 4064 tes,
254 3995 296 4044 ne
319 3997 379 4046 nos
395 3984 452 4046 aut
476 3984 659 4062 npsborum
684 3977 804 4063 aliquis
829 3995 1063 4063 suceessorum,
1076 3975 1142 4042 uel
1166 3973 1284 4057 anquis

156 4085 242 4155 alius
258 4092 371 4154 contra
386 4105 427 4154 ea
442 4086 615 4172 quicquam
631 4083 753 4154 audeat
763 4091 968 4172 attemptare,
984 4084 1037 4151 uel
1053 4083 1084 4148 ei
1098 4097 1179 4148 ausu
1188 4086 1284 4146 terne·

157 4194 244 4262 rario
262 4194 430 4264 contraire.
456 4195 576 4264 Datum
594 4213 653 4282 per
672 4213 786 4262 munus
802 4192 986 4261 Reuerendi
1000 4191 1115 4276 Vgrini
1130 4187 1283 4256 Golocen·

156 4303 203 4371 sis
218 4299 474 4391 Archiepiseopi,
492 4303 567 4372 aule
585 4309 695 4372 nostre
710 4300 918 4386 Cancellarij,
947 4317 1032 4367 anno
1048 4293 1219 4365 Dominice
1234 4293 1283 4361 In·

156 4410 359 4479 camaoionis
370 4411 416 4478 ll⁰
426 4407 493 4478 00⁰
502 4410 611 4478 XXX·
621 4411 681 4478 lll?
691 4407 877 4478 Indiooione
887 4409 943 4476 Vl.
954 4401 1107 4474 kalendis
1124 4400 1283 4470 Octobris.

160 4515 350 4588 Venerabili
359 4519 397 4586 R.
407 4517 622 4603 strigoniensi
633 4515 889 4603 archiepiscopo
900 4514 1069 4600 existento,
1081 4511 1173 4582 Olato
1189 4511 1284 4598 Agri.

155 4628 237 4714 ensi,
253 4626 412 4713 Gregorio
424 4625 607 4712 (leudensi,
622 4623 750 4692 Briceio
760 4622 933 4708 Waoiensi,
950 4619 1176 4691 Bartholomeo
1190 4615 1282 4688 Wes-
