3218 5192
840 315 997 419 ..2³9-

350 523 539 605 praesentes
555 511 695 600 suerunt,
722 514 890 600 viderunt,
917 521 950 580 et
964 515 1040 580 aliis
1056 515 1166 580 multis
1184 514 1490 583 machinationibus

351 648 390 694 ac
406 628 522 711 minis,
549 627 611 692 hue
636 644 738 708 usquc
763 625 874 690 venire
898 624 1039 708 nequivi.
1066 623 1160 690 Nune
1185 631 1295 690 autem
1321 624 1491 690 desiderio

351 734 502 802 desidero
524 732 656 817 venire,
683 731 742 798 scd
759 731 942 820 prohibeor,
959 731 1112 816 quoniam
1128 732 1300 814 angustiae
1313 732 1394 798 milri
1410 740 1489 798 suut

351 841 514 928 undiquc;
539 843 568 909 si
584 841 739 926 venirem,
760 839 942 925 inciperent
956 875 1239 886 -----
1255 841 1488 906 Venetieorum

354 949 549 1032 dicentium,
576 968 641 1015 non
665 969 723 1033 pro
742 946 885 1032 Synodo,
902 945 960 1013 sed
976 955 1086 1014 nostro
1105 967 1165 1032 pro
1181 945 1426 1032 impedimento,
1454 954 1489 1012 et

354 1058 430 1125 dolo
454 1055 563 1142 vadit;
588 1055 666 1121 illuc
691 1056 868 1122 amicorum
893 1056 1010 1122 civium
1036 1056 1221 1139 rogantium
1246 1074 1298 1120 me
1314 1056 1491 1122 Venetiam

351 1165 399 1230 ire
414 1183 472 1250 pro
489 1162 735 1246 communitate,
753 1171 785 1228 ct
802 1161 963 1246 libertate,
981 1169 1013 1228 ct
1032 1167 1120 1228 statu
1138 1170 1244 1228 terrac
1262 1162 1489 1244 Jadrensium,

354 1271 553 1354 Sclavorum,
571 1269 785 1353 Ungarorum,
810 1269 948 1334 aliorum
964 1270 1146 1354 aliquorum
1163 1271 1314 1350 manibus
1330 1290 1398 1337 non
1415 1291 1492 1336 eva·

355 1377 441 1443 dam.
458 1377 664 1464 Quapropter
679 1375 772 1442 robis
789 1381 820 1439 ct
837 1376 1014 1460 majoribus
1030 1375 1190 1462 supplico,
1217 1385 1252 1442 ut
1268 1397 1341 1442 eum
1352 1377 1489 1444 domino

354 1485 479 1568 Legato
495 1483 668 1550 terminum
685 1483 865 1564 praefixum
880 1483 1005 1567 Synodi
1021 1484 1174 1566 elongare
1191 1483 1389 1567 dignemini,
1415 1504 1492 1550 con-

356 1611 437 1677 gruo
453 1590 547 1657 nobis
564 1611 603 1656 ac
620 1589 710 1676 pacis
734 1597 879 1674 tempore
895 1590 1042 1656 venturis
1058 1591 1240 1676 Episcopis‚
1266 1592 1317 1656 vel
1333 1593 1494 1679 importa-

357 1699 438 1766 bilia
455 1699 549 1766 nobis
565 1706 742 1784 praecepta
752 1716 791 1762 ac
801 1700 993 1782 gravamina
1003 1699 1220 1784 impossibilia
1230 1701 1385 1766 remittat.
1403 1701 1495 1768 Alio-

355 1807 434 1892 quin
445 1807 611 1872 Summum
628 1803 809 1889 apellamus
824 1807 1024 1874 Pontificem.
1046 1807 1089 1873 Ut
1105 1805 1235 1893 cupitis,
1252 1809 1370 1874 valete.

742 2002 894 2072 (ugyanou
906 2005 939 2058 v.
953 2005 1009 2058 aar.
1024 2007 1066 2056 cr.
1080 2005 1110 2074 ι.)

793 2288 1047 2302 U———u———n--n

894 2807 950 2882 82.

358 3007 566 3103 Lampridius
573 3005 694 3102 jddrui
709 3015 796 3078 crocle
812 3016 843 3078 da
860 3013 970 3077 dodra
986 3016 1079 3078 cdros
1093 3011 1229 3100 ctt'jerot
1237 3063 1246 3098 ,
1270 3018 1350 3081 mint
1366 3019 1494 3084 udices-

437 3133 493 3189 tott
510 3122 602 3186 birote
619 3121 713 3187 Kassa
728 3121 824 3206 κείρει
840 3119 1015 3184 birtokdrdl
1030 3117 1143 3186 itdlotet
1161 3121 1293 3188 boznolc.
1312 3126 1412 3194 1177.

466 3315 560 3384 Anno
576 3317 708 3384 Domini
723 3353 767 3364 —
783 3353 826 3362 -
844 3353 884 3362 -
902 3317 982 3381 Jesu
993 3315 1113 3382 Christi
1130 3319 1226 3382 1177.
1244 3337 1357 3386 mense
1368 3323 1494 3388 Febru-

360 3423 439 3489 ario.
456 3423 636 3490 Indicticue
651 3423 709 3490 Xl.
726 3423 926 3507 temporibus
943 3421 1093 3504 equidem
1109 3423 1298 3490 Sebastiani
1315 3428 1412 3494 Ziani
1424 3431 1493 3496 Du-

359 3529 406 3593 cis
416 3535 448 3592 et
458 3529 639 3613 Lampridii
649 3531 851 3596 Venerabilis
862 3532 880 3596 J
884 3530 1033 3596 adrensis
1046 3522 1301 3621 Archiepiscopi,
1315 3543 1415 3620 atque
1426 3540 1494 3606 Do-

360 3634 468 3698 minici
483 3635 668 3700 llauroeeni
686 3637 830 3704 Comitis.
847 3637 915 3703 Nos
931 3657 1071 3722 namque
1087 3639 1296 3726 Lampridius
1313 3644 1493 3712 Jadrensis

360 3739 455 3804 Sedis
465 3739 738 3828 Archiepiscopus
754 3764 819 3809 nna
835 3764 905 3809 cum
923 3748 1042 3812 nostris
1054 3745 1249 3814 Consulibus
1260 3749 1380 3816 Bar—
1391 3791 1494 3810 ---

360 3847 443 3932 nice,
460 3847 598 3916 Maltino
611 3849 751 3935 Sloradi,
771 3855 866 3918 Petro
882 3855 930 3920 Ro
943 3891 987 3901 -
999 3891 1042 3902 -
1052 3893 1097 3902 -
1107 3856 1199 3938 itane,
1217 3863 1250 3922 et
1266 3858 1340 3924 aliis
1355 3869 1492 3928 nostrae

360 3953 503 4020 civitatis
520 3955 703 4042 nobilibus;
721 3955 902 4042 Grisogono
920 3961 940 4025 J
943 3959 1046 4042 udiee,
1064 3960 1226 4026 Damiano
1242 3965 1387 4050 Sloradi,
1404 3969 1494 4034 Vota

359 4100 403 4110 —-
414 4099 511 4110 --—
522 4083 606 4146 arra,
624 4065 732 4132 bladio
748 4067 884 4132 loannis
901 4065 1037 4152 Graeci,
1055 4067 1196 4155 Scioppe
1212 4071 1491 4160 llliobebotolage,

359 4167 532 4236 Valentino
548 4171 655 4254 Kassi,
672 4173 876 4240 Praestantio
893 4212 938 4223 -
954 4213 997 4224 -
1012 4214 1056 4222 —
1068 4177 1176 4244 ichael
1190 4179 1309 4264 Pence,
1335 4181 1493 4268 Lampte-

359 4274 411 4342 dio
422 4277 545 4363 Vitare,
556 4279 663 4344 Micha
672 4278 798 4364 Potrici,
814 4281 936 4346 Bolisio
952 4280 1194 4370 chonoguali,
1210 4287 1352 4354 Martino
1366 4289 1431 4374 Lip
1443 4327 1490 4338 --

359 4423 402 4436 -
413 4421 458 4432 —
468 4405 508 4469 a,
526 4391 559 4449 et
574 4385 684 4451 multis
701 4387 776 4450 aliis
791 4387 875 4452 hune
891 4397 1092 4456 contractum
1102 4429 1146 4440 -
1156 4430 1200 4440 -
1212 4395 1361 4481 -imus,
1379 4398 1493 4466 voleu-

358 4493 409 4554 tes
424 4509 574 4558 resecare
596 4493 859 4578 controversiam,
876 4515 960 4576 quae
976 4497 1247 4586 interdrbenses,
1266 4511 1300 4570 et
1310 4505 1492 4589 Rogerium

359 4593 522 4661 Dominici
539 4597 726 4662 llauroceni
741 4597 900 4664 ladertiui
916 4598 1053 4668 Conritis
1080 4605 1181 4672 lilium
1198 4608 1238 4674 de
1255 4608 1423 4678 Comitatu
1444 4613 1492 4682 in·
