3268 5194
619 357 775 462 Α

238 561 359 626 Aetum
375 567 426 626 est
440 560 501 626 boe
516 559 551 624 in
567 557 700 625 civitate
714 557 838 624 ladera
854 563 1026 643 praesente
1041 559 1136 627 Petro
1153 558 1259 625 Abba·

125 675 170 750 te,
189 675 223 734 et
239 668 289 734 bis
305 687 416 734 eoram
431 667 569 734 testibus
586 691 594 731 :
613 665 754 732 Martino
768 663 1021 734 Gemmeroiario
1037 673 1130 750 teste,
1145 666 1260 750 Sergio

125 781 225 858 teste,
241 775 331 842 blaio
346 773 491 842 (lerneea
506 773 613 857 testis,
630 773 783 858 Nenpras
798 773 903 840 testis.
923 775 994 858 Ego
1005 773 1110 842 Adsum
1126 779 1259 859 rogatus

127 900 149 947 a
166 881 399 968 praesentibus
414 881 569 949 iratribus
583 880 680 948 mann
696 899 770 947 mea
787 879 915 968 scripsi.

387 1097 503 1166 (Farlati
517 1097 657 1165 Illyricam
670 1097 783 1151 Sacrum
795 1099 830 1150 V.
842 1098 898 1150 lrbt.
912 1099 973 1150 bot.
987 1098 1016 1166 l.)

565 1405 832 1418 m

670 1989 725 2056 22.

128 2188 232 2273 Poris,
248 2189 352 2256 Anum
359 2187 476 2275 Μυσὴ
491 2135 671 2274 abomdnpa
684 2185 824 2253 aJadre
835 2184 963 2250 melloto·
977 2194 1060 2251 ssent
1076 2183 1260 2271 chrysopoau'

410 2307 567 2362 mereator
581 2297 737 2362 ozanam.
755 2293 987 2360 1072-1280.

242 2514 313 2598 ligo
326 2511 418 2582 Posil
431 2511 518 2580 tilius
533 2508 640 2578 Adam
655 2528 858 2596 eognosoens
882 2508 915 2576 in
931 2507 1193 2578 tribulationibus
1209 2528 1261 2575 me

132 2623 277 2708 positum
287 2619 409 2686 Divina
419 2617 641 2686 miserieordia
649 2619 816 2686 visitatum
825 2617 938 2686 Saneti
947 2615 1152 2702 Chrysogoni
1167 2615 1260 2682 inter·

133 2729 303 2810 sessione,
329 2734 362 2794 et
377 2727 411 2793 in
428 2723 482 2794 die
503 2724 654 2794 Natalitii
669 2726 766 2811 buius
781 2725 935 2811 Martyris
952 2745 974 2791 a
989 2723 1127 2792 uineulis
1145 2722 1259 2790 libera

134 2841 214 2919 tmn,
231 2853 305 2901 mea
320 2839 446 2919 sponte,
464 2831 558 2900 salvo
573 2832 690 2900 duetus
705 2833 852 2917 oonsilio,
868 2831 922 2900 die
938 2838 1013 2919 post
1028 2851 1172 2902 mensem
1188 2851 1259 2918 sep·
1299 2919 1306 2928 ι

134 2943 214 3009 timo
231 2941 286 3008 IV.
303 2939 387 3006 teria
401 2940 435 3006 in
450 2937 564 3006 Natali
580 2940 693 3008 Saneti
708 2939 860 3008 Andreae
875 2939 1026 3026 Apostoli
1041 2939 1085 3007 ad
1100 2947 1260 3009 monaste-

132 3049 216 3116 rinm
232 3047 375 3134 praefati
390 3045 596 3135 Chrysogoni
613 3047 757 3132 veniens,
774 3047 830 3114 ubi
848 3055 882 3116 et
900 3048 1181 3134 exeompeditatus
1195 3047 1261 3131 lui;

134 3155 225 3250 dono
238 3175 344 3222 meam
359 3155 602 3240 possessionem
617 3161 734 3240 terrae,
758 3174 844 3239 quae
858 3161 910 3222 est
920 3155 1018 3241 juxta
1033 3157 1121 3222 viam
1137 3155 1170 3220 iu
1187 3156 1262 3223 Seo-

134 3263 212 3328 rani
227 3261 261 3328 in
285 3269 446 3348 perpetua
470 3267 634 3348 potestate
649 3261 810 3348 habendi,
836 3270 870 3332 et
884 3269 920 3330 ut
934 3261 1097 3348 placuerit
1120 3260 1262 3326 saeiendi

132 3370 221 3437 dieto
237 3369 444 3438 monasterio.
471 3368 577 3447 Quam
600 3369 842 3455 possessionem
864 3367 974 3436 Selavi
998 3369 1125 3436 bleates
1147 3367 1260 3436 domos

133 3482 272 3560 vocant,
298 3493 383 3560 qnae
407 3474 621 3562 paternaliter
644 3482 695 3544 est
710 3476 789 3544 mibi
805 3471 958 3563 propria,
981 3474 1097 3559 inqua
1116 3473 1261 3560 peeeatis

133 3582 341 3668 exigentibus
356 3582 518 3649 neminem
534 3582 640 3651 babeo
654 3581 859 3669 participem,
882 3587 916 3650 et
930 3601 989 3670 per
1003 3581 1100 3668 huius
1115 3580 1260 3650 cartulae

132 3689 410 3758 oonlirmationem
426 3689 606 3758 subscribo.
622 3686 718 3768 Quod
732 3689 844 3774 siquis
859 3697 1030 3776 protervus
1049 3709 1193 3758 meorum
1205 3709 1257 3775 po-

130 3803 292 3864 sterorum
307 3795 483 3881 quidquam
498 3796 573 3864 huie
588 3796 784 3865 monasterio
800 3795 992 3866 subtr-abere
1014 3798 1155 3867 voluerit
1163 3849 1173 3884 ,
1197 3799 1261 3865 Dei

132 3905 392 3987 Sanctoromqne
401 3904 544 3972 omnium
554 3903 953 3974 babeatmalerlietionem.
963 3907 1064 3973 Terra
1073 3907 1164 3974 illum
1173 3905 1262 3972 velot

131 4011 265 4078 Datban
280 4011 444 4079 etAbiron
455 4011 625 4098 deglutiat,
640 4033 714 4080 oum
727 4013 816 4080 luda
825 4013 1030 4098 gebeualiter
1045 4013 1258 4098 mancipetur,

131 4125 166 4184 et
181 4117 315 4204 insuper
328 4119 471 4204 quinque
484 4119 558 4186 anri
570 4120 673 4194 libros
697 4121 865 4206 persolvat
880 4121 929 4188 sie
937 4171 948 4207 ,
971 4127 1008 4187 ut
1021 4121 1092 4187 Rex
1107 4118 1259 4186 medieta-

130 4231 209 4309 tem,
226 4231 259 4292 et
274 4226 504 4295 monasterium
518 4226 619 4296 aliam
634 4227 773 4312 babeat,
799 4233 834 4296 et
848 4249 921 4296 mea
936 4247 1030 4295 meae
1049 4226 1258 4312 proprietatis

134 4332 272 4402 denario
297 4333 390 4400 firma
404 4335 638 4420 perpetualiter
662 4343 804 4404 maneat.
819 4335 891 4405 Hoe
905 4336 1026 4404 faotnm
1045 4340 1097 4400 est
1115 4331 1259 4402 seuerae

132 4439 167 4504 ll
182 4474 225 4486 -
243 4473 284 4484 -—
301 4475 346 4488 -
361 4441 587 4528 Praesulante,
610 4451 644 4512 et
657 4443 846 4531 Lampridio
860 4446 1030 4513 Priorante
1052 4443 1125 4528 bio;
1148 4462 1258 4510 eoram

131 4545 273 4612 testibus
287 4555 556 4636 praenunoupato
571 4550 732 4637 Prinoipe,
758 4560 792 4620 et
805 4552 916 4620 Priore
931 4556 1023 4618 teste.
1040 4551 1189 4618 Desinna
1203 4551 1257 4618 Ju-

131 4650 196 4721 dex
211 4653 316 4723 testis
333 4653 468 4724 Vitama
484 4655 577 4728 Prior
591 4657 696 4728 tostis.
721 4657 834 4730 Oando
849 4659 943 4730 Prior
957 4658 1062 4748 testis,
1085 4664 1119 4726 et
1134 4658 1258 4732 univor-
