3202 5190
847 293 1005 396 3⁷2-

365 487 417 556 uel
433 489 555 558 diutius
580 488 767 575 differatur,
792 491 880 575 quia,
898 490 974 556 licet
999 491 1155 558 hacteuus
1181 490 1269 578 apud
1285 512 1353 574 vos,
1381 489 1493 556 necin

365 619 426 664 sua
443 599 647 666 ordinatione
662 599 858 685 presbyteri,
875 619 935 664 nec
951 600 984 664 in
1000 602 1247 668 consecratione
1262 619 1323 666 sua
1333 597 1496 685 Episcopi

366 705 593 774 consueverint
609 726 737 774 sacram
752 707 898 794 recipere
914 706 1118 792 unctionem,
1144 708 1292 774 volumus
1309 714 1439 789 tamen,
1460 711 1497 768 ut

369 814 542 903 deinceps,
568 835 634 884 non
650 821 717 882 tam
731 815 829 883 ritum
844 823 1000 900 nostrum,
1016 836 1114 900 quam
1131 815 1320 882 mandatum
1338 815 1499 880 Divinum

365 929 551 1009 sequentes,
568 942 628 1009 per
644 919 731 1008 quod
747 922 864 1008 iulege
879 924 1090 1009 praecipitur,
1108 929 1143 988 ut
1152 923 1325 990 Pontifices
1343 927 1376 989 et
1389 939 1500 988 sacer-

365 1028 460 1096 dotes
478 1037 662 1115 ungantur,
686 1048 802 1096 manus
819 1049 941 1114 eorum,
959 1029 1015 1113 qui
1031 1028 1204 1096 ordinandi
1221 1033 1297 1095 suut
1311 1029 1345 1094 in
1360 1027 1500 1114 presby-

366 1143 463 1220 teros,
481 1143 514 1202 et
527 1143 596 1204 tam
612 1157 739 1222 manus,
756 1157 854 1222 quam
871 1145 969 1224 capnt
984 1158 1106 1223 eorum,
1122 1138 1178 1223 qni
1189 1137 1404 1204 consecrandi
1421 1141 1502 1201 sunt

366 1245 399 1310 in
416 1247 619 1331 Episcopos,
635 1245 823 1312 solemniter
839 1245 1047 1330 inungantur.
1074 1248 1260 1330 Praeterea,
1285 1264 1426 1328 crucem,
1445 1263 1502 1308 ve-

366 1353 481 1418 xillum
500 1352 652 1420 videlicet
667 1353 860 1420 Dominicae
874 1354 1059 1441 passionis,
1085 1361 1161 1421 ante
1176 1361 1209 1420 te
1224 1372 1284 1440 per
1298 1359 1403 1420 totam
1420 1351 1502 1417 Bul-

364 1460 492 1545 gariam
508 1467 541 1525 et
551 1459 696 1528 Blaciam
712 1460 880 1528 deserendi
891 1461 1088 1528 fraternitati
1102 1469 1179 1530 tuae
1195 1461 1361 1528 licentiam
1377 1460 1502 1546 imper·

366 1569 472 1636 timur.
497 1569 709 1636 Decernimus
726 1589 815 1655 ergo,
832 1579 893 1638 etc.
917 1571 1047 1654 Datum,
1065 1575 1227 1655 utsupra.

510 1767 612 1836 (iligna
625 1785 651 1820 n.
665 1785 689 1820 o.
704 1769 740 1822 11.
755 1769 811 1820 lrdt.
826 1769 885 1824 280.
901 1772 936 1834 l.;
958 1734 1075 1822 'l'lreiuer
1088 1785 1113 1820 u.
1126 1785 1150 1820 o.
1164 1768 1185 1818 l.
1199 1767 1247 1820 lrdt
1260 1769 1302 1816 25.
1317 1767 1347 1832 l.)
1446 1807 1455 1818 .

798 2049 1056 2064 *u-

887 2572 962 2640 llo.

386 2772 452 2836 III.
467 2771 557 2836 Iocse
567 2771 726 2858 pdpctaok
742 2769 875 2836 luconld
888 2775 1003 2856 tdrpyu
1019 2769 1112 2835 lcualc
1127 2765 1344 2855 npyocoldoa.
1367 2767 1468 2832 1204.

471 2967 678 3036 Innocentius
694 2967 878 3052 Episcopus
894 2972 956 3032 etc.
982 2966 1017 3031 B.
1035 2965 1289 3052 Archicpiscopo
1310 2963 1493 3031 Trinouita-

364 3074 641 3160 noBulgarorum
665 3082 699 3141 et
713 3075 885 3140 Blaeorum
912 3073 1057 3140 Primati.
1083 3072 1164 3140 Cum
1178 3073 1323 3139 venisset
1345 3072 1390 3138 ad
1405 3075 1494 3155 Apo-

365 3181 515 3248 stolicam
530 3182 647 3249 Sedem
672 3182 869 3248 venerabilis
895 3181 995 3247 frater
1010 3187 1138 3266 noster,
1155 3181 1337 3268 Episcopus
1354 3179 1492 3246 Brandi·

364 3291 563 3376 nuberensis,
589 3291 681 3357 clara
695 3291 790 3357 nobis
813 3290 1032 3358 insinuatione
1049 3291 1251 3375 monstravit,
1262 3289 1350 3375 quod
1366 3290 1398 3354 in
1416 3308 1493 3354 cou-

365 3399 546 3466 secratioue
556 3419 617 3466 sua
626 3399 761 3464 Sacram
771 3418 836 3464 non
852 3405 1021 3483 receperat
1031 3401 1225 3485 unctionem,
1236 3400 1388 3484 quoniam
1400 3395 1493 3482 apud

363 3526 423 3573 vos
438 3527 502 3572 uon
518 3525 715 3572 consuevere
731 3505 912 3591 pontifices,
927 3525 999 3572 cum
1016 3512 1254 3592 consecrantur,
1271 3507 1394 3590 inungi.
1418 3504 1491 3570 Nos

363 3632 451 3696 ergo,
465 3614 608 3698 quodilli
618 3614 777 3700 defuerat,
788 3615 1015 3682 mandavimus
1031 3616 1064 3681 iu
1075 3616 1147 3702 ipso
1158 3615 1312 3702 suppleri,
1328 3613 1492 3680 facientes

363 3728 461 3804 caput
475 3721 545 3806 ejus
560 3729 593 3786 et
609 3742 723 3789 manus
740 3741 799 3808 per
814 3722 1035 3789 venerabilem
1051 3719 1186 3798 fratrem
1202 3728 1367 3804 nostrum,
1391 3721 1492 3788 Joan-

362 3827 670 3910 nem,Albauensem
676 3831 885 3918 Episcopum,
892 3831 1121 3898 assistentibus
1133 3830 1163 3896 ei
1173 3830 1298 3896 duobus
1305 3829 1492 3915 Episcopis,

363 3936 539 4004 secundum
553 3958 674 4006 morem
685 3937 952 4023 ecclesiasticum,
970 3959 1063 4006 sacro
1074 3939 1249 4006 chrismate
1262 3935 1401 4004 deliniri.
1418 3937 1491 4002 Hoc

363 4044 450 4112 enim
461 4045 631 4114 Catholica
646 4053 734 4114 tenet
749 4046 910 4131 Ecclesia,
927 4067 991 4114 non
1002 4046 1108 4113 solum
1118 4067 1159 4112 ex
1170 4051 1346 4134 praecepto
1356 4043 1490 4128 Divino,

361 4171 473 4220 verum
489 4155 588 4220 etiam
603 4157 838 4241 Apostolorum
861 4155 1022 4241 exemplo.
1050 4157 1086 4222 ln
1102 4155 1217 4222 Exodo
1234 4154 1354 4242 quippe
1370 4153 1492 4237 legitur

362 4263 572 4349 praecepisse
587 4263 747 4331 Dominus
763 4263 882 4348 Moysi,
899 4264 1056 4331 utAaron
1073 4272 1106 4330 et
1120 4263 1206 4331 filios
1222 4265 1293 4349 ejus
1306 4263 1490 4347 inungeret,

361 4375 521 4453 qnatenus
532 4373 562 4439 ei
571 4369 755 4439 sacerdotio
765 4371 988 4456 fungerentur.
1002 4374 1043 4438 Et
1049 4374 1238 4458 Auacletus,
1249 4371 1383 4438 natione
1389 4369 1489 4436 Grae-

361 4498 430 4565 cus,
447 4481 502 4563 qui
518 4479 650 4548 aBeuto
661 4479 758 4548 Petro
767 4480 829 4546 fuit
844 4480 878 4546 in
889 4480 1121 4567 Presbyterum
1131 4481 1311 4566 ordinatus,
1329 4489 1362 4546 et
1372 4485 1491 4565 postea

360 4586 615 4673 inApostolatus
635 4587 912 4657 officioClemcnti
931 4589 1098 4674 successit,
1118 4589 1218 4656 tradit
1233 4587 1485 4657 inordinatione
