3202 5190
617 989 627 1004 ’
659 1003 735 1074 218.

133 1181 301 1266 Gauzipua
319 1179 427 1246 Attea
446 1181 528 1246 Arba
546 1185 681 1269 uzipetes
705 1207 747 1249 ez.
774 1189 881 1251 [aloda
906 1187 1085 1251 ticzteletdre
1109 1187 1260 1273 bipolncit

599 1293 673 1376 opti.
699 1295 797 1358 1212.

240 1483 277 1549 lu
289 1483 409 1551 Christi
426 1485 679 1553 nominehmen.
698 1488 1258 1574 AnnoNativitatisejtusdem1212.

132 1590 311 1655 indictione
327 1590 440 1676 prima,
458 1591 512 1657 die
528 1594 626 1659 tertia
637 1595 758 1662 mensis
768 1595 931 1662 ianuarii.
947 1595 1162 1681 Temporibus
1173 1596 1258 1680 equi·

133 1697 205 1762 dem
222 1696 343 1762 domini
360 1697 449 1764 Petri
466 1699 560 1766 Ziani
578 1700 692 1785 inclyti
708 1702 808 1779 Ducis
824 1702 1054 1785 venetiarum,
1072 1702 1258 1769 Dalmatiae

132 1809 164 1868 ct
179 1801 338 1887 croatiae,
355 1811 388 1869 et
404 1807 599 1874 venerahilis
616 1809 649 1873 in
661 1807 788 1877 Christo
804 1811 909 1895 patris
926 1819 958 1875 et
974 1809 1097 1876 domini
1113 1807 1257 1875 Prodani

132 1909 289 1996 Episcopi
306 1911 473 1995 Arbensis,
491 1933 632 1981 necnon
649 1916 772 1998 egregii
788 1915 889 1982 Marci
907 1917 1102 1982 Mauroceno
1122 1916 1256 1982 honora-

133 2017 207 2083 bilis
223 2017 359 2085 Comitis
377 2019 534 2086 Arbcnsis
551 2031 611 2088 etc.
630 2025 666 2088 ln
682 2023 862 2108 episcopali
879 2023 1002 2110 palatio
1017 2021 1168 2104 hrhensi,
1185 2041 1257 2087 con-

131 2133 266 2209 gregato
282 2125 433 2213 capitulo
449 2150 507 2215 per
524 2130 671 2196 cumdem
688 2131 854 2198 dominum
867 2131 1065 2217 Episcopum
1082 2131 1125 2196 ad
1142 2149 1255 2196 sonum

132 2252 313 2319 campanae
330 2255 419 2302 more
435 2237 530 2303 solito
546 2258 617 2304 cum
636 2238 816 2319 Praelatio,
833 2237 985 2304 videlicet
1008 2236 1255 2317 Archidiacono,

131 2340 434 2428 Archipreshyterc,
450 2343 647 2428 Primicerio,
666 2353 697 2410 et
713 2345 851 2412 caeteris
869 2345 1052 2412 canonicis.
1077 2343 1190 2427 Ibique
1207 2342 1257 2409 vir

131 2447 249 2514 nobilis
274 2448 423 2516 dominus
449 2451 601 2518 hibertus
627 2451 790 2535 quondam
816 2451 974 2519 Matthaei
1004 2451 1045 2519 de
1074 2451 1255 2534 Sauzigna,

131 2561 296 2640 tamquam
320 2557 428 2625 senior
444 2558 574 2643 stirpis,
602 2579 673 2624 cum
691 2559 841 2626 omnihus
865 2559 1055 2647 propinguis
1081 2559 1188 2626 dictae
1204 2556 1254 2623 do-

131 2683 202 2728 mus
219 2662 259 2729 de
276 2663 448 2749 Gauzigna
464 2683 562 2730 sexus
579 2666 747 2732 masculini
771 2665 898 2732 civibus
913 2665 1118 2732 Arbensihus
1128 2715 1137 2748 ,
1163 2685 1199 2731 se
1216 2661 1256 2728 si-

129 2771 211 2837 stitit
227 2771 260 2836 in
277 2773 456 2858 episcopali
472 2773 598 2858 palatio
615 2793 724 2840 coram
742 2773 906 2859 Episcopo
923 2773 1084 2856 Prodano,
1113 2779 1146 2838 et
1161 2768 1255 2856 Oapi·

129 2880 198 2945 tulo
216 2887 395 2948 convocato
411 2881 542 2948 ibidem.
567 2883 725 2967 Exposuit
741 2901 834 2949 suam
850 2889 883 2949 et
897 2880 1084 2949 corumdem
1100 2895 1255 2962 magnam

129 3003 210 3068 erga
226 2985 361 3053 Beatum
378 2988 578 3073 Stephanum
594 2989 819 3074 devotionem,
840 2995 873 3055 et
889 2987 996 3054 oravit
1011 2985 1107 3054 enixe
1122 2985 1254 3071 Episco-

128 3111 205 3178 pum
222 3101 255 3159 et
272 3091 464 3176 Cauouicos,
482 3101 516 3160 ut
531 3094 745 3163 concederent
759 3094 948 3162 facultatem
965 3113 1066 3180 supra
1080 3093 1195 3158 turrim
1211 3091 1255 3157 ad

128 3219 184 3267 eos
210 3206 432 3285 spectantem,
459 3207 491 3266 et
506 3201 698 3268 existentem
725 3221 826 3288 supra
847 3200 1033 3283 Gatribum,
1061 3197 1254 3266 aedificandi

129 3327 227 3375 unam
244 3307 417 3375 ecclesiam
433 3307 477 3374 ad
492 3309 647 3376 honorem
664 3307 824 3395 praedicti
839 3308 959 3376 Sancti.
975 3309 1066 3390 Item,
1085 3313 1120 3371 ut
1135 3305 1207 3389 ipse
1222 3308 1255 3368 ct

131 3414 305 3504 progenies
322 3433 420 3481 sexus
444 3414 615 3481 masculini
632 3415 775 3482 habeant
790 3415 824 3480 in
840 3413 988 3481 eamdem
1004 3411 1187 3480 Ecclesiam
1204 3429 1253 3476 ae·

130 3521 326 3588 dilicaudam
342 3521 393 3587 ius
410 3529 614 3608 patronatus,
632 3541 705 3588 cum
721 3522 872 3588 libertate
888 3519 1028 3606 eligendi
1040 3517 1253 3607 capellanum

129 3631 172 3696 ab
188 3628 354 3714 Episcopo
371 3628 635 3696 confirmandum.
662 3627 846 3714 Episcopus
863 3648 934 3696 cum
950 3627 1018 3695 suis
1034 3625 1204 3707 Praelatis,
1222 3629 1254 3690 et

129 3741 198 3803 toto
214 3755 273 3802 suo
291 3734 442 3821 capitulo
467 3733 587 3802 ibidem
606 3743 800 3821 coegregatc
817 3735 1001 3818 consensit,
1027 3741 1062 3802 ut
1077 3734 1154 3801 dicti
1169 3731 1250 3799 Gau·

128 3843 224 3926 rigna
239 3848 374 3927 possent
396 3842 465 3908 ficri
490 3841 599 3909 iacere
614 3843 657 3910 ad
682 3843 836 3911 honorem
853 3843 945 3910 Beati
970 3841 1126 3928 Stephani
1152 3843 1254 3906 eccle·

129 3949 223 4031 siam,
240 3949 292 4014 vel
302 3949 464 4034 capellam
474 3970 546 4017 cum
563 3951 670 4036 pactis
686 3957 718 4016 et
728 3949 968 4016 conditionibus
980 3949 1128 4034 superius
1147 3945 1253 4027 tactis,

131 4061 163 4122 et
178 4054 312 4122 inferius
327 4056 506 4140 contentis3
524 4056 657 4138 soihoet,
678 4056 765 4140 quod
781 4056 884 4143 primo
895 4055 1044 4121 Ecclesia
1056 4055 1099 4120 sit
1113 4071 1255 4138 congrue

131 4160 264 4246 dotata;
282 4161 425 4229 secundo
435 4163 520 4248 quod
531 4163 730 4251 Capelianus
741 4162 770 4228 si
780 4182 843 4229 non
854 4161 994 4245 eligatur
1003 4160 1092 4228 intra
1102 4179 1160 4228 sex
1170 4179 1254 4226 men-

42 4351 49 4358 *
131 4287 194 4354 scs,
212 4268 328 4337 electio
345 4269 388 4337 ad
404 4269 600 4357 Episcopum
620 4269 822 4353 intelligatur
838 4267 1001 4336 devoluta.

373 4464 488 4535 (Farlati
501 4468 642 4533 illyricum
656 4466 768 4518 Sacrum
787 4466 819 4518 V.
834 4465 889 4517 hcc.
904 4468 964 4516 ²39.
978 4463 1007 4526 l.)

560 4731 817 4747 ψ
