3200 5182
254 502 296 566 Et
310 502 343 568 io
359 501 464 568 Tomc
489 499 648 585 Obierico,
674 503 802 585 giurato
818 501 943 569 Notaro
967 501 1022 568 del
1046 502 1222 570 Commune
1241 504 1275 570 di

141 610 282 696 Spaluto
298 609 345 674 fui
371 614 531 695 presente,
560 629 578 674 c
595 629 652 694 per
677 610 905 677 commissione
922 609 975 675 del
991 609 1103 692 conte,
1130 611 1205 676 ede
1221 633 1274 679 vo-

139 719 235 785 lontd
251 719 339 785 della
355 716 461 800 Corte,
488 718 569 782 etin
588 718 704 802 parole
719 717 772 784 del
795 738 908 804 spesso
935 718 1101 785 nominato
1117 719 1236 804 Pietro‚
1254 741 1272 785 e

140 824 222 892 delli
238 825 309 892 suoi
327 822 538 890 assicuratori
556 825 596 890 ho
613 825 734 908 scritto,
760 845 777 890 e
794 825 845 892 col
862 832 1017 892 consueto
1038 844 1140 908 segne
1156 826 1191 892 di
1208 835 1271 895 stu-

138 931 237 998 bilitut
253 933 295 1000 ho
311 931 460 998 formato.

137 1129 191 1193 (An
204 1131 352 1196 credetileg
365 1127 465 1182 derilrul
488 1131 650 1183 storkeztott
669 1128 844 1197 okmrtnynslr
868 1133 941 1184 oleon
960 1129 1093 1184 lorditriua
1112 1131 1269 1195 Luciusndl,

136 1222 270 1271 Memorio
284 1221 310 1270 di
323 1223 398 1272 'l'ruu
411 1221 544 1272 Veloncze
560 1222 636 1272 1674.
651 1226 694 1272 31.
709 1222 735 1282 l.;
749 1223 778 1272 ki
792 1237 824 1272 uc
837 1219 1088 1290 uldirottjsgysdre
1099 1221 1183 1273 ndzve
1196 1239 1268 1288 mog-

133 1312 240 1377 jcgysi,
254 1313 326 1378 hogy
341 1317 452 1379 „questo
466 1315 551 1363 Tomu
563 1313 689 1364 chierico
702 1313 770 1363 deue
783 1329 872 1364 essere
885 1315 903 1365 l'
914 1317 1019 1376 istesso,
1032 1313 1081 1364 che
1094 1314 1138 1379 poi
1151 1311 1180 1364 ul
1194 1313 1268 1364 Arci-

137 1403 263 1462 disconc,
283 1421 298 1453 o
311 1405 408 1480 scrisse
422 1404 440 1453 l‘
450 1405 553 1466 istoria,
567 1404 617 1454 che
637 1421 728 1470 spesso
742 1405 804 1454 vien
818 1405 928 1455 citatu.“
950 1405 989 1455 An
1002 1403 1119 1470 okmdny
1138 1405 1269 1456 livonuto

320 1490 459 1544 taldltatik
473 1490 596 1557 Fejerndl
612 1493 675 1544 cod.
690 1494 762 1560 Dipl.
778 1495 838 1546 Vll.
853 1494 909 1545 ket.
923 1496 948 1543 l.
962 1511 983 1545 r.
1000 1495 1042 1544 lu.
1056 1493 1085 1559 l.)

666 2275 742 2342 288.

134 2464 161 2526 Ι.
183 2462 290 2546 cuppis
301 2460 391 2544 feje'r
408 2458 525 2523 Lcszko
540 2457 739 2524 Szcudoeuiru'
764 2459 795 2520 c's
811 2456 925 2519 ltrukdi
951 2456 1135 2542 lucrczepuclc
1158 2456 1264 2520 rende·

211 2569 268 2634 lete
284 2592 305 2632 a
321 2567 540 2634 Kralcdoidc'ki
556 2567 729 2652 bu'oydszat
745 2565 932 2652 tor-pysidae.
956 2565 1190 2630 1205-1227.

243 2766 315 2850 Ego
332 2764 442 2832 Lesko
459 2765 520 2830 Dei
537 2762 652 2847 gracia
677 2762 752 2828 Dux
769 2762 904 2828 Polonic
920 2760 962 2827 de
985 2781 1144 2828 consensu
1167 2765 1264 2828 Baro·

132 2895 211 2940 num
228 2894 371 2940 meorum
389 2871 551 2940 constituo
567 2871 652 2936 hunc
668 2869 936 2939 constitucionem
952 2869 1194 2956 inperpetuum
1210 2891 1263 2937 uu

131 2982 283 3065 liturom;
311 2981 465 3048 videlicet
480 2985 515 3046 ut
540 2999 654 3048 omnes
671 2978 811 3046 artifices
828 2978 898 3043 anri
922 2983 954 3042 et
970 2978 1097 3060 argenti
1122 2977 1265 3046 inuento-

132 3111 196 3174 res,
223 3089 376 3174 fossores,
404 3109 463 3156 scu
480 3087 616 3155 alterius
633 3087 768 3170 mctalli,
794 3083 949 3152 uidelicet
973 3084 1097 3170 plumbi
1117 3091 1150 3152 et
1165 3087 1263 3172 heris,

133 3218 193 3265 seu
221 3204 254 3263 et
269 3197 351 3264 salis
379 3198 563 3282 ubicunque
587 3196 731 3264 locorum
757 3197 917 3262 innostro
941 3193 1071 3261 Ducatu
1096 3194 1264 3280 degentes,

133 3307 206 3373 siue
222 3308 287 3373 sint
302 3307 451 3391 Romani,
478 3307 549 3373 siue
565 3303 770 3388 Tenthonici,
789 3305 860 3370 siue
877 3302 1059 3388 unicunque
1082 3302 1140 3388 ulij
1157 3304 1265 3389 hospi-

132 3423 194 3500 tes,
221 3416 364 3483 habeant
389 3416 575 3482 libertotem
600 3411 777 3482 secundum
802 3411 1067 3479 consuetudinem
1092 3416 1263 3498 terrerum,

133 3526 221 3592 unde
238 3530 313 3591 sunt
329 3523 468 3609 oriundi,
494 3523 558 3610 ipsi
575 3527 608 3589 et
623 3523 697 3590 loco
713 3541 824 3591 eornm
850 3525 882 3588 ct
898 3541 970 3588 cum
985 3520 1054 3588 suis
1073 3521 1264 3589 Rectoribus

131 3637 202 3702 suis
227 3634 355 3719 legibus
381 3641 554 3717 regentum
582 3633 726 3718 Principi
752 3631 929 3718 provincie,
955 3631 988 3696 in
1019 3651 1084 3715 qua
1106 3631 1263 3717 habitant,

133 3745 254 3811 instem
271 3741 448 3810 secundum
466 3748 619 3809 sneterre
635 3741 911 3826 consuetudinem,
932 3740 1132 3808 solucionem
1148 3739 1266 3828 depen-

131 3851 267 3933 dentes;
292 3855 406 3916 contra
422 3849 613 3916 inuadentes
630 3855 749 3915 terrum
767 3851 836 3916 eius
853 3869 911 3916 sev
927 3849 995 3915 ulia
1010 3848 1097 3916 bono
1113 3867 1174 3914 suu
1189 3869 1263 3915 eum

129 3979 190 4045 pro
208 3958 331 4025 uiribus
349 3958 571 4042 defendentes,
589 3979 703 4024 cvrum
721 3965 830 4025 autem
847 3959 919 4025 siue
935 3963 1117 4042 argentum,
1135 3955 1164 4020 si
1181 3955 1262 4021 illud

128 4068 162 4132 in
180 4066 252 4133 solo
278 4064 466 4150 specialiter
482 4065 642 4152 Principis
668 4087 725 4134 sev
741 4067 775 4132 in
792 4067 867 4133 solo
895 4066 1035 4132 aliorum
1052 4082 1263 4150 personarum

127 4173 339 4260 priuatarum,
356 4174 652 4240 ecclesiasticarum
669 4173 815 4241 sev'secu
831 4173 958 4254 larium,
975 4171 1073 4237 suerit
1088 4169 1263 4253 inuentum,

127 4280 278 4347 Ecclesie
295 4279 504 4346 Crocouiensi
529 4280 657 4346 decima
682 4287 809 4348 tentum
835 4278 1024 4366 proueniat,
1052 4278 1079 4344 si
1107 4281 1214 4341 autem
1230 4276 1263 4342 in

126 4390 197 4458 solo
224 4389 371 4456 Ecclesie
398 4389 646 4477 (linconiensis,
666 4389 826 4473 siquidem
860 4377 917 4464 ilie
933 4385 1050 4453 fundus
1076 4407 1097 4450 a
1122 4385 1262 4470 priuatis

125 4498 277 4584 personis
300 4495 492 4564 donacionis
508 4519 565 4566 sev
582 4499 761 4586 empcionis
778 4499 848 4564 iurc
866 4497 972 4565 eidem
992 4495 1137 4562 Ecclesie
1148 4493 1256 4576 fuerit,

128 4605 320 4693 acquisitus,
338 4606 467 4673 decima
483 4615 617 4693 tanturn,
635 4610 719 4676 sicut
734 4608 812 4674 etin
829 4607 914 4693 clijs‚
933 4615 966 4672 ut
982 4607 1047 4671 ium
1066 4603 1185 4671 dictum
1203 4611 1261 4687 est,
