3268 5194
638 363 791 468 ...2¹-

146 560 188 630 rii
213 561 479 631 constantissime
503 561 742 632 eoniirmamus.
767 561 802 631 si
826 562 900 650 quis
925 569 1035 633 autem
1058 563 1142 632 hene
1153 563 1277 650 justam

147 677 296 740 nostram
320 669 550 740 diffinitionem
574 673 785 741 attentaverit
810 675 956 760 solvero,
988 675 1172 762 Majestatis
1194 675 1278 743 iram

146 781 294 847 incurrat
308 799 473 868 supernae
487 787 520 848 et
534 782 656 850 nostris
666 781 709 848 sit
723 783 851 868 legibus
860 803 947 866 reus,
964 803 1066 850 aurea
1081 801 1278 871 componens

146 889 297 978 pondera
321 895 461 956 eentum.
486 889 529 956 Et
543 889 626 956 haeo
640 898 774 958 nostrae
789 891 992 960 diffinitionis
1017 893 1144 959 cartula
1167 893 1201 958 in
1216 912 1277 960 sua

146 997 302 1066 firmitate
318 1005 520 1085 penmanent.
547 1000 659 1086 Goyno
675 1001 788 1069 Benno
811 1007 916 1086 teste,
945 1003 1139 1070 Volesolavo
1155 1002 1276 1089 Tepino

146 1113 244 1189 teste,
263 1105 460 1193 Piruomego
475 1109 630 1194 Juppano
647 1109 688 1175 de
703 1112 794 1178 Luoa
808 1116 911 1193 teste,
931 1111 1115 1197 Episcopus
1131 1110 1276 1178 Theodo-

146 1213 267 1282 siensis
283 1215 528 1301 Beigradiensis
541 1218 645 1303 testie,
662 1219 888 1304 Dregesoiauo
903 1217 997 1286 Prior
1019 1219 1124 1302 testis,
1149 1220 1275 1286 Juruno

147 1320 304 1406 Juppano
320 1321 362 1388 de
376 1322 518 1407 Sidraga
532 1329 626 1409 teste,
650 1324 744 1392 Prior
759 1325 872 1409 Drago
895 1324 1008 1411 testis,
1033 1327 1145 1412 Drago
1161 1325 1203 1392 do
1218 1325 1278 1394 Ge-

148 1428 252 1495 striza
266 1429 371 1516 testis,
387 1431 549 1518 Georgius
569 1433 729 1502 Vrataroo
744 1433 848 1500 testis.

149 1625 183 1692 (A
196 1630 334 1682 retenensi
348 1627 526 1698 kestirnis&
545 1631 640 1694 „Libri
653 1633 816 1685 Paetorum
835 1630 921 1684 onimit
935 1629 1172 1698 tilamkitnyvebiii
1185 1633 1206 1684 Ι.
1221 1631 1278 1682 kot

150 1718 211 1768 lit.
224 1719 362 1786 stov.11.);
375 1736 401 1770 r.
413 1724 438 1770 o.
447 1719 552 1771 Parieti
564 1718 703 1784 Illyricum
714 1721 826 1772 Saorum
836 1722 883 1772 IV.
894 1722 949 1772 kot.
961 1718 1063 1784 3.1.‚ts
1076 1735 1093 1771 a
1106 1716 1227 1787 helgrim
1237 1725 1277 1771 tu·

393 1807 442 1862 (16³
455 1805 579 1877 tirsuBg
592 1807 767 1862 erassum-tt
781 1811 841 1862 XV.
854 1810 910 1862 iot.
931 1809 989 1862 182.
1003 1805 1032 1875 i.)

709 2101 818 2112 -..ψ-
826 2102 843 2110 -

687 2547 743 2614 20.

144 2744 317 2813 Amasi
340 2746 452 2832 tosstq
467 2745 517 2812 Se.
535 2744 660 2831 Mitoty
682 2747 924 2811 morwatoro'nok
948 2745 1147 2833 Samiqdboo
1169 2770 1189 2810 α
1202 2769 1274 2810 oeu-

399 2853 459 2918 mei
473 2852 635 2939 sziqotoket
651 2852 894 2941 adomdoyozea.
921 2857 1020 2920 1071.

246 3049 341 3118 Anno
352 3050 394 3116 ab
404 3049 631 3116 lnoarnatione
640 3049 772 3116 Domini
782 3048 894 3117 Nostri
904 3050 985 3116 Jesu
995 3047 1115 3116 Christi
1124 3047 1275 3113 MLXXI.

148 3158 333 3226 indictione
349 3177 445 3225 nona.
463 3156 624 3244 Tempore
632 3154 816 3224 Oresoimiri
826 3157 1086 3224 Dalmatinorum
1102 3155 1275 3222 etOroato-

145 3285 218 3332 rum
235 3265 344 3348 Regis,
371 3269 404 3328 et
419 3262 523 3346 Dragi
538 3261 697 3329 Arbensis
712 3263 880 3350 Episoopi.
905 3263 975 3330 Nos
998 3262 1138 3343 denique
1153 3261 1273 3326 Koseu-

148 3371 197 3440 sis
212 3369 455 3452 communitam
479 3369 557 3452 quia
572 3369 642 3436 Deo
659 3377 692 3436 et
707 3369 905 3438 monasterio
921 3368 1032 3435 Sanoti
1048 3367 1217 3435 Miohaelis
1233 3367 1274 3432 de

147 3481 290 3564 Sansigo
305 3478 339 3545 in
355 3476 532 3564 primordio
555 3476 792 3546 aedifioationis
814 3478 921 3565 ipsius
938 3475 1124 3543 monasterii
1148 3475 1273 3544 occulte

146 3595 182 3654 et
198 3595 312 3674 aperte
328 3585 540 3670 offendimus3
567 3593 600 3653 et
614 3587 693 3670 quia
709 3589 798 3654 Deus
815 3607 875 3653 sua
893 3585 1116 3652 misericordia
1140 3603 1200 3652 nos
1216 3601 1275 3668 per

144 3695 379 3764 revelationem
390 3695 503 3763 Sancti
513 3695 643 3764 Nieolai
658 3696 814 3780 visitavit,
831 3694 919 3780 quod
934 3704 1072 3779 strages,
1090 3713 1155 3779 qua
1169 3693 1274 3780 depri-

146 3803 284 3886 mimur,
310 3802 352 3870 ob
367 3801 402 3868 id
426 3821 525 3888 super
549 3821 610 3872 nos
635 3802 838 3888 devenissem
867 3802 1028 3870 communi
1054 3801 1189 3870 oonsilio
1214 3823 1273 3888 pro

146 3909 375 3978 emendatione
390 3909 469 3976 mali
483 3909 572 3994 faeti,
588 3909 676 3993 quod
690 3909 846 3993 ieeimus,
871 3909 1030 3976 donamus
1046 3917 1192 3977 nostrum
1208 3930 1272 3976 mo·

143 4019 324 4084 nasterium
339 4015 451 4084 Ssnoti
466 4017 554 4084 Petri
570 4017 612 4084 de
627 4017 763 4085 Neumis
778 4017 894 4085 insutis
910 4017 1108 4086 monasterio
1122 4016 1272 4083 Sansivo-

146 4147 185 4194 eo
200 4145 273 4192 eum
290 4125 359 4192 suis
373 4125 519 4210 utrisque
534 4125 650 4194 insulis
665 4127 800 4194 Neumis
816 4133 849 4193 et
864 4145 974 4194 eorum
990 4123 1211 4210 portinonoijs,
1238 4127 1272 4188 et

144 4251 219 4298 eum
233 4231 349 4299 (leuem
364 4231 458 4298 libris
474 4233 644 4318 eeclesiae,
672 4241 706 4301 et
720 4235 823 4302 tribus
839 4234 957 4300 aratris
971 4232 1080 4314 boum,
1096 4235 1129 4298 et
1144 4229 1271 4296 duabus

146 4340 327 4426 campanis,
344 4345 378 4406 et
388 4336 488 4406 ocvl
504 4341 630 4426 ovibus,
646 4349 680 4409 et
689 4341 800 4409 XVIH
809 4342 971 4424 iumentis,
988 4347 1021 4406 et
1033 4337 1271 4422 quinquaginta

144 4446 278 4530 vaohis;
303 4446 476 4531 pristinum
491 4465 569 4515 vero
585 4467 738 4534 rogamus
762 4448 834 4514 deri
849 4446 1033 4514 Manzolino
1049 4443 1189 4510 Arbensi
1212 4441 1270 4510 Oo-

144 4553 225 4639 miti,
242 4555 297 4638 qni
312 4561 424 4620 noster
438 4561 499 4620 est.
519 4553 612 4634 Quae
627 4558 738 4624 omnia
752 4556 912 4638 volumus,
928 4559 964 4619 ut
979 4551 1100 4618 dietum
1110 4552 1269 4618 Monaste·

143 4659 227 4726 rium
243 4660 565 4750 monteroserio,
590 4673 727 4750 excepto
742 4665 908 4733 nominato
924 4660 1071 4750 pristino,
1089 4659 1220 4746 habeat,
1237 4666 1270 4726 et
