3202 5190
614 242 771 348 ffl-

126 439 226 506 nobili
242 439 312 506 uiro
324 491 331 506 .
345 490 372 508 ..
390 443 586 510 Venetorum
604 442 685 508 Duci
703 441 907 528 mandantes,
925 451 959 512 ut
975 443 1096 512 eisdem
1114 465 1171 530 per
1188 447 1252 510 Du·

124 549 245 614 ratium
256 548 357 617 iaciat
368 551 540 616 transitum
550 549 672 616 babere
687 568 844 617 securum.
861 549 967 638 Super
979 571 1018 618 eo
1031 558 1150 636 autem,
1167 551 1255 638 quod

124 659 155 720 te
173 655 207 720 in
228 653 401 724 devotione
413 657 624 743 Apostolicae
634 655 728 722 Sedis
744 676 957 742 perseverare
977 657 1110 726 firmiter
1126 678 1255 728 asseve-

125 780 190 844 ras,
207 769 249 846 et,
267 761 541 848 sinecesseioret,
559 768 657 848 caput
673 781 855 849 exponeres
873 783 931 849 pro
948 762 1072 846 eadem,
1083 765 1252 834 Excellen-

123 866 204 934 tiam
216 868 352 954 Regiam
367 869 400 936 in
411 869 551 936 Domino
569 868 845 955 commendamus,
862 875 895 936 et
910 870 1091 954 gratiarnm
1107 874 1251 942 actiones

124 974 294 1043 referimus
311 978 467 1047 bonorum
483 977 627 1044 omniurn
644 977 804 1061 largitori,
821 977 876 1062 qui
892 976 954 1045 boc
972 978 1176 1066 propositum
1192 981 1251 1048 tibi

124 1081 379 1150 misericorditer
389 1083 572 1170 inspiravit.
589 1084 757 1152 ldonemus
769 1083 866 1168 igitur
876 1083 1092 1152 Serenitatem
1103 1088 1249 1173 Regiam,

125 1196 157 1256 et
173 1189 383 1258 exhortamur
398 1191 431 1256 in
443 1190 593 1276 Domino,
610 1211 668 1277 per
678 1191 870 1277 Apostolica
884 1191 944 1258 tibi
960 1193 1084 1280 scripta
1095 1195 1250 1262 mandau-

121 1305 191 1382 tes,
219 1287 380 1382 quatenus
396 1319 469 1366 cum
486 1298 689 1366 (tharissimo
705 1300 738 1365 in
756 1297 883 1368 Christo
899 1301 965 1368 tilio
982 1308 1093 1371 nostro
1110 1304 1150 1369 H.
1167 1301 1247 1370 Oon-

121 1405 416 1490 stantinapolitano
434 1405 633 1492 Imperatore
650 1407 783 1492 illustri,
799 1416 832 1474 ct
848 1407 923 1474 aliis
942 1407 1066 1476 Latinis
1083 1410 1115 1475 in
1132 1411 1249 1479 Rorna-

122 1514 197 1580 niac
214 1512 354 1597 Imperio
371 1513 648 1579 commorantibus
672 1533 787 1598 pacem
804 1513 856 1580 vel
871 1519 1021 1598 treugam
1038 1517 1130 1584 ineas
1148 1525 1180 1586 et
1195 1518 1249 1584 ob·

121 1639 246 1688 serres.
271 1619 340 1686 Nos
357 1618 442 1684 enim
459 1619 500 1684 de
526 1619 682 1687 mittendo
707 1620 750 1686 ad
766 1626 798 1685 te
815 1620 962 1686 nuntium
986 1627 1149 1706 nostrum,
1176 1643 1249 1690 eum

124 1727 282 1814 expedire
298 1725 498 1810 viderimus,
524 1727 710 1794 curabimus
729 1727 917 1814 providere,
938 1728 1036 1814 juxta
1051 1729 1139 1814 quod
1154 1731 1249 1798 uobis

124 1836 222 1902 inerit
247 1834 389 1920 desuper
414 1834 618 1919 inspiratum.
645 1837 765 1903 Datum
783 1835 956 1920 Laterani,
981 1835 1068 1902 Vlll.
1085 1836 1248 1904 kalendas

121 1943 223 2027 Junii,
240 1941 453 2010 Pontificatns
469 1942 571 2010 nostri
587 1963 674 2012 anno
690 1943 825 2010 decimo.

232 2141 336 2208 <nune
349 2141 385 2192 ιι.
399 2157 432 2192 m.
447 2143 484 2192 rr.
498 2141 554 2194 ιιι.
569 2143 647 2194 rrae.
662 2143 697 2204 1.;
723 2142 840 2194 rueram
853 2141 888 2194 ιι.
902 2159 935 2193 m.
950 2145 971 2194 1.
986 2143 1040 2194 ιιι.
1055 2143 1097 2193 ιι.
1111 2142 1140 2208 ι.)

555 2429 810 2440 -an-—u--u—-a

649 2876 724 2948 tet.

120 3063 183 3128 III.
196 3063 286 3128 Iucu
295 3059 455 3149 pdpdaak
469 3057 561 3124 levale
572 3058 720 3126 Goliam
731 3060 764 3123 ἐι
777 3057 963 3125 boum
974 3057 1115 3141 treated,
1128 3065 1245 3145 pttupd-

117 3170 182 3234 leci·
199 3173 232 3234 έι
246 3167 450 3252 armatior,
475 3165 585 3231 treta
601 3189 621 3229 a
637 3163 828 3230 near-viruli
844 3163 1024 3228 biborrrokot
1043 3163 1179 3250 apostoli
1194 3163 1244 3232 kd·

187 3277 271 3343 verul
286 3273 416 3358 tudun,
433 3273 512 3360 bopy
528 3296 566 3338 oz
582 3273 698 3359 epybctz
717 3270 896 3358 epyae‘pebac
913 3269 1057 3356 ttrp'enelr.
1078 3272 1175 3336 1207.

228 3471 433 3540 Innocentius
449 3469 630 3556 Episcopus
646 3474 704 3534 etc.
724 3463 999 3553 Arcbiepiscopis,
1017 3466 1191 3553 Episcopis
1207 3473 1240 3534 et

118 3577 280 3646 universis
294 3583 362 3643 tam
378 3575 526 3660 clericis,
552 3595 649 3658 qnam
664 3573 758 3640 laicis
774 3593 832 3659 per
847 3572 1041 3640 Rutbeniam
1057 3575 1241 3642 constitutis

115 3695 178 3754 etc.
197 3687 287 3753 Licet
299 3685 456 3751 hedenus
465 3683 611 3768 elongati
627 3681 753 3748 fueritis
770 3681 812 3750 ab
824 3681 977 3750 uberibus
988 3681 1101 3750 matris
1113 3689 1242 3752 restrae

115 3801 273 3878 tanquam
290 3791 348 3858 filii
363 3791 473 3876 alicui,
489 3809 548 3858 nos
564 3795 684 3873 tamen,
708 3788 763 3873 qui
779 3807 889 3856 sumus
905 3789 938 3856 in
953 3787 1060 3857 officio
1083 3791 1241 3877 pastorali

116 3919 138 3968 a
155 3901 245 3986 Deo,
271 3901 347 3968 licet
361 3897 522 3982 immeriti,
538 3896 713 3980 constituti,
740 3895 783 3962 ad
798 3894 942 3963 mudum
958 3895 1128 3964 scientiam
1149 3897 1240 3985 plebi

115 4027 290 4094 suae„non
305 4025 479 4094 possumus
495 4004 632 4073 affectus
648 4011 802 4092 paternos
818 4021 957 4088 eruere,
981 4005 1059 4088 quin
1074 4024 1133 4071 vos
1149 4005 1239 4072 sanis

115 4114 397 4184 exhortationibus
413 4119 446 4180 et
460 4111 617 4180 doctrinis
632 4111 832 4198 studeamus,
849 4117 1004 4193 tanquam
1027 4111 1172 4178 membra
1187 4131 1238 4180 ve·

115 4229 183 4291 stro
208 4222 311 4308 capiti
334 4219 555 4304 conformare,
581 4225 616 4286 ut
630 4218 788 4306 Ephraim
811 4223 1017 4286 convertatur
1041 4215 1084 4284 ad
1106 4216 1236 4306 sudam,

115 4339 149 4400 et
162 4331 208 4400 ad
223 4329 407 4398 Jerusalem
421 4327 572 4400 Samaria
586 4331 776 4398 revertatur.
802 4325 935 4394 Utinam
955 4323 1137 4410 intelligere
1161 4325 1237 4398 vell·

114 4441 168 4526 tis,
186 4455 314 4525 sapere,
332 4457 371 4504 ac
381 4433 749 4523 nodasimaproridere,
765 4443 800 4501 ut
815 4453 837 4499 a
851 4431 1011 4501 mentibus
1022 4433 1138 4500 vestris
1148 4436 1235 4505 omnl

116 4545 255 4648 depulsa
271 4544 412 4632 caligine
421 4597 431 4634 ,
448 4545 492 4614 ad
507 4545 594 4614 viam
609 4543 652 4610 ab
669 4542 756 4611 invio
773 4537 939 4630 redeatis,
951 4540 1008 4628 qui
1023 4537 1144 4610 dudum
1157 4549 1236 4650 post
