3164 5192
554 318 731 420 ,aa

81 510 293 580 commisistis
308 512 342 577 in
359 531 442 596 eum,
470 533 529 597 pro
547 513 618 580 Deo
634 519 666 579 et
680 517 812 598 propter
828 513 933 579 Deum
953 515 1047 581 vobis
1063 515 1216 601 dignetur

82 617 341 686 misericordiam
359 620 524 686 exhibere.

402 799 506 865 (Migne
519 815 545 852 u.
559 817 583 852 o.
597 801 619 850 l.
635 801 689 852 ket.
707 801 784 852 1179.
800 800 841 850 slr.
855 799 894 865 11.)

516 1081 772 1096 m

617 1529 693 1598 rsa.

78 1710 165 1772 rm
173 1665 549 1794 propulsantem
552 1708 1004 1798 metamaucum
1014 1712 1212 1781 saccom

75 1827 132 1880 tait
149 1814 409 1882 ioesledcdoc
424 1815 594 1883 Ιεὸειὸπιιει
604 1817 770 1901 monime,
787 1842 808 1882 a
821 1823 925 1906 pdpdt
940 1841 1019 1884 arro
1034 1823 1112 1905 kere,
1129 1823 1208 1910 dopy

74 1943 115 1988 az
130 1925 318 2011 csatmgorm'
326 1925 447 1990 iareim
464 1947 503 1989 aa
519 1925 742 2011 apostolisatis
757 1927 927 2016 kdoctadpdt
943 1951 981 1994 oe
996 1929 1094 2000 diaco.
1111 1931 1207 1995 1203.

188 2119 376 2186 Venerabili
392 2120 425 2186 in
441 2118 563 2186 christi
576 2119 662 2208 patri
677 2122 703 2186 Ι.
714 2122 777 2189 Dei
792 2123 902 2208 gratia
917 2123 1130 2192 Sacrcsancte
1146 2127 1207 2194 Ro·

73 2247 176 2298 msue
191 2227 339 2295 Ecclesia
362 2229 494 2294 Summo
510 2227 676 2312 Pontifici,
704 2230 744 2294 H.
762 2229 877 2296 eadem
902 2231 1010 2317 gratia
1025 2233 1206 2317 Hungarie,

73 2335 256 2420 Dalmatis,
273 2333 412 2423 croatie,
429 2337 533 2402 Reme
542 2386 551 2420 ,
568 2334 746 2420 Servieque
764 2337 844 2422 Rex,
862 2339 1001 2405 salntem
1028 2345 1060 2406 ct
1074 2337 1210 2406 filialem

72 2449 106 2514 in
117 2444 272 2512 omuibus
282 2443 509 2510 reverentiam.
526 2442 737 2510 Pateruitetis
747 2444 884 2510 Vestrae
894 2445 1106 2514 sanctitatem
1120 2448 1209 2514 uber·

71 2557 161 2622 rima
176 2553 358 2640 gattarum
381 2553 572 2636 exequimur
587 2553 724 2638 actione,
741 2553 820 2638 quia
829 2605 838 2639 ,
865 2555 950 2622 sicut
967 2557 1072 2624 tidelis
1099 2566 1210 2626 noster

71 2663 216 2730 clericus
231 2661 268 2726 R.
286 2659 475 2727 colocensis
501 2660 689 2746 Propositus
714 2661 808 2730 nobis
825 2662 1022 2748 significavit
1031 2715 1040 2749 ,
1062 2665 1208 2735 Berones

72 2769 217 2838 Francis
241 2767 486 2852 crucesignatos
512 2789 571 2854 pro
595 2769 716 2854 injuria
740 2769 835 2836 nobis
858 2771 953 2838 illata
979 2779 1011 2840 et
1026 2793 1086 2859 pro
1112 2774 1208 2842 malis

72 2877 175 2944 factis
191 2895 304 2942 eorum
313 2925 323 2958 ,
350 2894 413 2959 que
428 2873 539 2959 inique
563 2882 676 2942 contra
691 2897 751 2945 nos
767 2886 922 2964 egerunt,
949 2879 1078 2966 publice
1099 2881 1208 2948 redar-

73 2984 197 3071 guistis
213 2989 246 3048 et
260 2981 374 3068 pravis
389 2981 551 3051 mentibus
575 2984 720 3070 ipsorum
742 2992 852 3053 vestre
877 2993 1013 3073 paterne
1038 2991 1208 3057 auctorite·

72 3095 117 3160 tis
145 3098 180 3157 et
204 3088 441 3173 indignationis
467 3096 622 3160 terrorem
651 3092 843 3162 incessistis.
876 3094 970 3161 Unde
994 3096 1209 3164 sanctitatem

72 3201 229 3278 Vestram
245 3196 350 3264 modis
377 3197 495 3282 quibus
511 3213 684 3283 possumus
709 3220 893 3284 exoramus,
909 3207 944 3267 ut
960 3222 1000 3268 ea
1009 3253 1018 3288 ,
1045 3221 1108 3285 que
1123 3203 1209 3270 circe

71 3305 211 3391 negotia
225 3311 337 3373 nostra
364 3304 617 3373 misericorditer
632 3307 811 3394 incepistis,
832 3306 877 3373 ad
892 3307 1096 3376 commodum
1112 3311 1208 3378 finem

71 3419 216 3499 paterna
230 3410 433 3496 benignitate
449 3412 627 3498 perducere
643 3434 707 3482 non
725 3413 901 3499 desistatis,
925 3421 959 3480 et
972 3415 1112 3482 barones
1123 3416 1206 3500 jam·

72 3521 183 3587 dictos
210 3517 254 3584 nd
278 3519 379 3584 talem
404 3518 662 3588 satisfactionem
686 3521 910 3607 porrigerem
936 3523 1145 3589 correctionis
1176 3530 1209 3589 et

71 3627 251 3715 discipline
275 3634 383 3694 vestre
399 3629 623 3716 compellatis,
651 3630 865 3696 uicinitatem
886 3637 1032 3698 nostram
1058 3634 1091 3700 in
1107 3633 1207 3720 priori

71 3744 165 3807 statu
181 3742 215 3802 et
228 3736 417 3820 integritate
441 3756 513 3804 cum
530 3737 680 3805 omnibns
696 3737 821 3806 ablatis
841 3739 935 3806 nobis
950 3739 1133 3808 restituant.
1157 3741 1209 3808 Ad

72 3849 134 3914 hec
159 3845 317 3929 pietatem
342 3849 506 3929 vestram,
534 3846 610 3912 licet
627 3847 698 3930 jam
724 3864 802 3932 sepe
822 3867 862 3912 ac
887 3847 996 3931 sepius
1023 3856 1207 3916 nostrarum

71 3972 210 4042 precum
225 3968 323 4037 super
338 3949 400 4018 hoc
415 3949 595 4020 uniformes
613 3953 798 4038 receperitis
814 3954 952 4038 litteras,
971 3936 1136 4021 humiliter
1152 3955 1206 4020 du·

72 4065 184 4129 ximus
194 4057 405 4139 exorandam,
423 4060 577 4143 quatinus
594 4061 622 4128 si
633 4062 664 4127 J.
676 4061 910 4145 strigoniensis
922 4061 1206 4146 Archicpiscopus,

72 4171 131 4256 qui
156 4174 269 4235 noster
284 4173 334 4233 est
358 4166 510 4234 inimicus
530 4167 742 4253 manifestus,
771 4169 815 4235 ad
840 4165 1039 4254 presentiam
1064 4173 1207 4235 vestram

73 4275 238 4344 accedens
254 4273 451 4356 legationem
465 4275 520 4342 vel
537 4275 755 4360 aliquidem,
779 4275 866 4341 unde
882 4273 986 4358 Regni
1001 4273 1103 4340 nostri
1119 4279 1205 4342 tran·

73 4382 221 4470 quillitas
236 4379 342 4464 possit
356 4380 553 4465 disturbari,
577 4401 599 4448 a
613 4382 707 4448 vobis
723 4383 899 4468 impetrare
915 4381 1063 4465 voluerit,
1080 4385 1204 4447 nostra-

72 4513 145 4559 rum
159 4507 295 4578 precum
311 4506 350 4554 ac
361 4488 488 4574 justitie
513 4490 630 4556 intuitu
653 4489 827 4577 petitiones
852 4489 922 4574 ejus
937 4487 1123 4554 nullatenus
1149 4488 1204 4554 ad-

75 4599 233 4682 mittatis,
259 4597 337 4680 quia
351 4597 380 4663 si
397 4597 573 4683 legationis
598 4596 739 4667 cilicium
755 4599 874 4666 Vestra
889 4596 919 4663 ei
937 4594 1129 4664 concederet
1144 4597 1202 4662 Pa-
