3164 5192
548 305 704 412 joe—

72 506 319 594 indignationem
345 505 585 592 Omnipotentis
609 506 670 572 Dei
698 513 730 572 et
745 505 918 572 Beatorum
934 506 1023 573 Petri
1048 513 1080 573 et
1095 503 1190 574 Pauli

73 616 291 700 Apostolorum
308 615 377 682 eius
393 635 429 681 se
446 614 572 680 noverit
587 613 799 680 incursurum.
815 614 936 680 Datum
951 613 1105 682 Laterani
1116 613 1186 681 v11.

72 722 220 789 kalendas
237 722 410 790 Februarii
427 719 652 809 (Pontificatus
669 723 773 788 nostri
789 741 878 789 anno
894 720 1062 808 secundo.)

72 904 171 968 illigas,
189 905 342 956 Innocentii
355 907 407 957 111.
421 905 523 958 Summi
537 904 676 956 Pontificis
689 905 781 970 Opera
795 907 817 956 Ι.
831 905 887 956 lot.
906 906 984 955 Paris
999 905 1075 957 1855.
1089 905 1149 957 849.
1162 906 1189 969 1.;

124 993 236 1044 Theiner
248 995 350 1045 Vetera
362 995 541 1045 Monumenta
554 995 697 1047 Sfavorum
711 993 929 1044 Moridionalium
942 995 964 1044 I.
976 993 1031 1044 lrdt.
1047 996 1086 1044 ff.
1101 993 1129 1060 l.)

497 1279 754 1293 ffl-

594 1761 670 1830 132.

6 2013 7 2016 ,
74 1943 126 2007 HI.
143 1943 230 2007 lotae
239 1943 335 2028 pcipe
352 1965 372 2005 a
388 1934 522 2029 rapsaci
536 1940 654 2006 dreekct
664 1943 696 2006 ds
711 1941 879 2029 suffragan
891 1943 1056 2030 pilspb'keo't
1073 1967 1092 2010 a
1108 1957 1192 2014 ezeat

6 2055 7 2058 ¹
324 2048 402 2136 sold
416 2051 597 2137 septtsegfre
606 2049 810 2138 felszdllttja.
835 2053 932 2116 1199.

168 2245 378 2313 Innocentius
394 2239 577 2332 Episcopus
602 2265 716 2312 servus
732 2265 901 2312 servorum
922 2245 984 2313 Dei
1002 2247 1193 2316 venerabili-

73 2351 126 2416 bus
147 2351 303 2419 fratribus
328 2401 335 2417 .
362 2403 369 2420 .
395 2403 402 2418 .
428 2352 595 2437 Ragosino
623 2351 880 2438 Archiepiscopo
912 2358 945 2418 et
968 2352 1193 2440 Suffraganeis

6 2473 7 2478 ’
74 2459 152 2542 ejus,
177 2467 210 2526 et
225 2459 357 2526 dilectis
378 2457 456 2526 filiis
471 2459 677 2544 Abbatihus,
706 2459 892 2544 Prioribus,
915 2461 1067 2546 Decanis,
1083 2460 1194 2530 Archi-

75 2565 210 2634 diaeonis
236 2573 272 2634 ct
297 2569 457 2636 universis
480 2567 616 2635 Clericis
641 2573 709 2634 tam
726 2567 885 2653 subditis,
910 2588 1007 2652 quam
1032 2571 1193 2638 Praelatis

75 2671 104 2738 in
118 2674 287 2760 Ragusina
301 2675 475 2744 Provincia
500 2675 683 2744 constitutis
700 2676 838 2743 salutem
856 2681 888 2742 et
902 2677 1124 2761 Apostolicam
1141 2677 1193 2745 be-

77 2781 296 2854 nedictionem.
312 2785 440 2852 Graves
450 2783 625 2852 Orientalis
637 2783 758 2850 Terrae
768 2783 927 2870 miserias,
940 2793 971 2851 et
982 2785 1193 2853 necessitates

6 2963 7 2968 ἵ
77 2897 218 2975 urgentes
240 2893 314 2978 jam
329 2893 458 2980 potius,
484 2893 628 2979 peccatis
645 2889 870 2978 exigentibus,
897 2891 1016 2960 deflere
1038 2893 1193 2980 cogimur,

78 3019 164 3081 quam
180 3000 325 3086 referre,
353 3001 483 3068 eumad
499 3021 572 3068 eum
588 3007 729 3088 statum,
749 2999 778 3068 si
793 3009 902 3068 tamen
918 3007 1023 3068 status
1038 3001 1194 3068 dicendus

78 3113 121 3172 est
135 3128 251 3195 casus,
270 3109 357 3194 quod
373 3108 522 3177 dolentes
539 3107 696 3194 dicimus,
723 3109 837 3175 eadem
854 3115 943 3175 terra
958 3105 1135 3194 devenerit,
1160 3113 1195 3175 ut

77 3214 132 3280 nisi
154 3217 250 3284 citios
278 3217 382 3303 ipsius
399 3215 496 3284 fuerit
520 3217 709 3284 necessitati
736 3235 942 3302 succursum,
968 3221 1000 3283 et
1016 3233 1193 3304 occursum,

78 3323 238 3390 conatibus
255 3344 469 3410 paganorum,
487 3325 584 3410 pauci
595 3323 781 3409 Christiani,
802 3323 908 3408 quise
925 3321 1105 3394 defensioni
1121 3327 1194 3393 hae·

78 3428 216 3496 reditatis
233 3431 387 3516 Domini,
414 3437 446 3499 et
462 3429 616 3498 Crucifixi
632 3431 797 3515 obsequiis
817 3431 1034 3519 devoverunt,
1059 3433 1194 3501 hostiles

79 3538 207 3622 sagittas
224 3539 278 3605 sni
295 3537 464 3624 sanguinis
475 3539 633 3607 effusione
643 3539 834 3607 inebriaturi
851 3540 1032 3626 credantur,
1049 3547 1081 3608 et
1095 3562 1195 3628 paga·

6 3709 7 3712 ,
79 3662 181 3712 uorum
206 3647 339 3730 gladios
364 3647 433 3714 suis
452 3647 577 3732 jugulis
602 3647 775 3733 placaturi.
801 3645 960 3734 Reliqniis
985 3649 1195 3721 desolationis

78 3750 156 3818 illius
171 3763 279 3821 terrae
304 3756 375 3821 sine
391 3773 449 3842 spe
474 3755 607 3823 humani
622 3753 760 3822 subsidii
783 3755 958 3841 perdendis
975 3759 1136 3846 totaliter,
1164 3767 1196 3828 et

81 3859 117 3924 ab
131 3861 280 3929 hostibus
296 3863 506 3949 occupandis,
525 3883 619 3931 nemo
636 3872 695 3948 est,
713 3863 960 3950 quisubveniat,
977 3885 1049 3934 eum
1066 3867 1107 3934 de
1123 3889 1194 3954 par-

79 3965 156 4035 tibus
171 3969 238 4036 illis
254 3991 340 4058 pene
365 3991 477 4040 omnes
489 3971 560 4056 jam
576 3969 730 4038 redierint
744 3971 918 4059 peregrini.
944 3975 983 4040 Id
999 3981 1106 4043 autem
1123 3979 1195 4045 hao-

79 4077 162 4144 tenum
181 4077 333 4148 dominus
349 4081 448 4147 Jesus
458 4078 617 4165 christus,
634 4085 669 4146 ut
679 4079 832 4166 probaret
847 4081 953 4148 adhue
968 4081 1083 4150 fortius
1100 4084 1195 4152 fidem

80 4191 233 4273 nostram,
260 4193 294 4252 et
309 4187 505 4274 intelligeret
520 4185 658 4274 plenius,
674 4185 821 4272 quisunt
837 4187 919 4272 ejus,
945 4186 1195 4257 misericorditer

80 4288 241 4378 impedivit
257 4313 372 4361 manus
397 4313 510 4362 eorum
535 4295 570 4362 in
585 4291 675 4381 ipsos
701 4299 905 4380 convertere,
931 4303 963 4363 et
978 4310 1036 4364 eos
1059 4295 1196 4366 intense

81 4400 312 4468 multiformiter
337 4401 562 4471 discordantes
585 4401 775 4490 permittens
792 4401 833 4468 ad
853 4401 991 4471 invicem
1016 4404 1197 4492 desaevire,

80 4507 111 4569 ut
125 4505 317 4576 Christianis
333 4507 464 4578 interim
480 4509 525 4578 ad
539 4511 643 4598 ipsius
655 4517 763 4579 terrae
778 4507 958 4579 subsidium
975 4509 1135 4598 excitatis,
1151 4512 1197 4581 fa-

81 4611 166 4687 cilior
188 4617 321 4690 daretur
346 4617 487 4690 facultas
512 4617 729 4708 recuperandi
751 4617 899 4712 perdita,
927 4619 1024 4691 etde
1049 4619 1198 4692 hostibus
