3238 5184
370 1089 414 1154 H.
433 1085 540 1152 Endrc
564 1081 672 1168 kirtly
696 1079 876 1164 adomdnya
896 1079 1028 1158 uranico,
1055 1075 1185 1140 Pertold
1202 1073 1319 1158 fidnuk
1340 1075 1500 1137 szdmdm.

886 1185 982 1249 1234.

478 1385 663 1453 innomine
686 1385 807 1448 Sancte
822 1379 993 1446 Trinitatis
1020 1385 1053 1443 et
1068 1375 1240 1443 lndividne
1259 1376 1412 1443 Unitatis.
1438 1376 1505 1440 An·

372 1497 468 1563 dreas
485 1493 547 1560 Dei
563 1492 675 1578 gracia
691 1489 870 1574 Hungarie,
887 1485 1067 1570 Dalmacie,
1083 1483 1229 1567 (troanie,
1247 1487 1359 1564 Rama,
1376 1482 1502 1565 Seruio,

372 1602 521 1686 Gallicie,
540 1597 796 1680 Lodomericqne
810 1597 879 1662 Rex
896 1585 1142 1678 inperpetuum.
1169 1592 1261 1657 Licet
1276 1591 1403 1656 sincere
1425 1589 1494 1655 fide

375 1711 479 1776 litatis
495 1709 655 1788 meritum,
679 1724 745 1788 qua
760 1703 899 1787 quisque
914 1701 1016 1767 uitam
1035 1720 1127 1766 snam
1153 1700 1187 1764 in
1205 1719 1297 1766 usum
1316 1697 1422 1782 Regni
1438 1695 1505 1762 dis-

372 1835 513 1904 pensare
531 1835 594 1881 non
610 1811 748 1896 dubitat,
761 1809 858 1878 nullis
875 1807 1109 1894 temporalibus
1125 1806 1297 1892 stipendijs
1311 1806 1354 1872 sit
1369 1805 1505 1889 equipa-

373 1925 495 2007 rabile;
523 1929 630 1988 tamen
650 1927 686 1984 ut
711 1920 885 1984 humanum
911 1914 1040 1983 iusticie
1064 1912 1209 1980 debitum
1235 1911 1456 1999 impendatur,
1483 1933 1505 1976 a

371 2030 474 2117 Regio
501 2025 712 2097 Oelsitudinis
737 2025 914 2091 serenitate
939 2021 1110 2108 stipendiis
1140 2021 1376 2106 temporalibus
1406 2018 1505 2084 debet

373 2137 524 2205 resonari.
549 2134 708 2202 Nouerint
724 2131 824 2217 igitur
848 2130 992 2196 uniuersi
1007 2135 1176 2215 presentes
1202 2135 1235 2195 et
1248 2127 1348 2194 futuri
1372 2147 1504 2212 presen-

372 2253 437 2312 tem
461 2241 616 2328 paginam
638 2237 833 2325 inspecturi;
865 2237 952 2321 quod
977 2254 1037 2304 nos
1062 2254 1121 2320 eo,
1152 2234 1239 2321 qnod
1263 2234 1370 2302 fidelis
1393 2241 1506 2302 noster

373 2355 502 2420 Fraucu
518 2349 602 2415 filius
620 2345 765 2414 Pertoldi
781 2343 926 2428 Comitis,
944 2363 964 2408 a
982 2342 1136 2429 primeuis
1145 2343 1290 2427 puericie
1305 2361 1365 2410 sne
1380 2349 1502 2428 tempo·

375 2457 474 2538 ribus,
500 2455 534 2519 iu
551 2457 664 2538 Regno
690 2459 723 2520 ct
746 2458 841 2518 extra
862 2453 1030 2536 Regnum
1054 2449 1098 2514 ad
1114 2449 1220 2532 Regni
1242 2448 1447 2517 commodum
1472 2457 1505 2516 et

374 2567 528 2632 bonorem
546 2559 672 2627 Corone
697 2559 786 2626 bella
802 2557 994 2644 exercendo,
1021 2557 1208 2642 legacioncs
1233 2557 1356 2624 arduas
1375 2564 1408 2623 et
1425 2557 1503 2622 assi-

375 2671 457 2736 duas
474 2667 660 2750 deserendo,
678 2666 870 2734 effusionem
881 2663 1052 2749 sanguinis
1071 2663 1272 2748 sustinendo,
1288 2663 1403 2731 mortis
1419 2662 1503 2748 pari·

376 2777 452 2844 cula
467 2776 640 2862 paciendo,
656 2784 689 2842 et
704 2774 814 2840 omnia
828 2780 984 2860 precepta
999 2781 1111 2841 nostra
1125 2773 1170 2839 ad
1185 2779 1330 2841 nostrum
1351 2773 1504 2856 benepla-

378 2885 477 2950 citum
494 2880 715 2968 adimplendo,
742 2899 870 2967 semper
886 2889 919 2947 et
935 2881 1007 2948 sine
1022 2881 1135 2967 aliqua
1150 2882 1390 2948 intermissione
1405 2879 1505 2947 serui·

379 2991 457 3073 crit,
474 3012 532 3075 pro
549 3007 587 3056 eo
605 2987 719 3070 eciam,
744 2985 831 3072 qnod
848 3007 921 3054 cum
937 2988 1109 3056 carissima
1125 2988 1264 3073 coniuge
1277 2993 1391 3056 nostra
1405 2987 1504 3054 domi-

374 3117 419 3183 na
435 3095 474 3162 G.
490 3095 603 3164 inclita
621 3093 748 3176 Regina
763 3094 859 3161 beate
875 3096 1066 3163 memorien
1083 3095 1191 3164 medio
1207 3097 1348 3179 sublata,
1366 3097 1504 3162 nuncios

375 3215 506 3274 nostros
522 3205 568 3272 ad
592 3202 829 3270 traducendam
854 3203 948 3272 nobis
964 3205 1126 3272 dominam
1143 3205 1182 3272 Y.
1202 3205 1364 3290 Reginam
1390 3205 1445 3289 pie
1459 3223 1506 3269 re-

378 3312 582 3381 cordacionis
598 3311 810 3394 mitteremus,
835 3308 922 3378 idem
939 3311 1067 3378 Fraucv
1086 3313 1120 3378 in
1136 3313 1279 3400 proprijs
1303 3311 1458 3397 expensis
1472 3311 1506 3377 in

378 3417 484 3486 eundo
500 3441 571 3486 cum
582 3418 659 3504 illis,
678 3424 710 3485 et
721 3414 889 3484 redeundo
905 3439 977 3484 cum
994 3419 1108 3486 eadem
1119 3419 1366 3506 dominamque
1381 3419 1426 3486 ad
1436 3441 1507 3502 nos,

272 3559 276 3566 ·
377 3532 478 3592 totum
494 3526 616 3592 lactum
641 3529 789 3592 nostrum
806 3524 850 3590 ad
866 3523 1019 3590 honorem
1044 3537 1188 3594 nostrum
1205 3527 1240 3593 in
1255 3528 1314 3594 illa
1328 3534 1422 3614 parte
1438 3547 1508 3612 per·

375 3632 547 3718 tractauit3
575 3631 716 3717 deniqne
741 3651 875 3718 proco,
902 3631 1077 3718 quodcum
1103 3635 1186 3702 inter
1207 3655 1268 3704 uos
1284 3642 1317 3703 et
1341 3634 1508 3703 dominnm

376 3737 606 3830 Etridericnm)
635 3739 799 3806 illustrem
816 3741 940 3807 Ducem
957 3741 1089 3807 Austris
1114 3749 1146 3808 et
1161 3743 1273 3828 Styrie
1292 3762 1412 3826 guerra
1435 3751 1509 3810 orta

376 3853 468 3914 esset
483 3867 549 3915 non
560 3847 700 3932 modica,
718 3856 750 3916 et
764 3869 838 3915 cum
853 3855 973 3916 terram
990 3849 1060 3916 eius
1080 3851 1293 3918 intrassemus
1302 3853 1508 3936 debellater,

377 3953 450 4041 ipse
465 3954 553 4023 idem
563 3957 691 4024 Francv
707 3959 739 4023 iu
756 3958 886 4042 siguum
903 3958 1141 4026 manifestanda
1152 3959 1318 4027 fidelitatis
1338 3961 1455 4047 ipsius,
1472 3979 1508 4025 se

379 4069 411 4129 ct
427 4083 488 4129 sua
512 4065 625 4132 mortis
642 4064 774 4130 casibus
802 4073 834 4131 et
849 4065 1006 4150 periculis
1023 4073 1203 4151 opponens,
1231 4087 1341 4134 curam
1357 4066 1509 4135 adhibuit

374 4166 576 4254 diligentem,
601 4171 659 4256 ita,
676 4178 711 4237 ut
727 4170 813 4238 idem
830 4173 906 4238 Dux
922 4172 1016 4240 nobis
1040 4173 1073 4239 in
1089 4173 1241 4240 omnibus
1251 4224 1261 4256 ,
1287 4193 1351 4259 quc
1370 4175 1504 4261 abipso

374 4275 628 4362 requirebamus,
655 4279 699 4346 ad
716 4279 871 4350 honorem
895 4289 1041 4349 nostrum
1057 4280 1227 4348 satisfecit.
1253 4283 1336 4348 Item
1352 4303 1412 4368 pro
1429 4283 1506 4366 alijs

373 4383 486 4453 multis
502 4407 541 4453 ac
565 4386 716 4455 fidelibus
734 4387 884 4473 seruiciJs
900 4389 1048 4456 ciusdem
1064 4389 1203 4472 Francu,
1224 4390 1258 4456 in
1274 4389 1393 4476 quibus
1409 4391 1507 4458 omni·

376 4490 437 4557 bus
453 4492 648 4561 enarrandis
662 4513 720 4579 per
737 4495 868 4578 singula
883 4495 1014 4562 facilins
1030 4496 1125 4564 nobis
1141 4503 1271 4582 tempus
1286 4517 1385 4580 quam
1405 4497 1508 4564 facul·

373 4603 425 4663 tas
450 4595 618 4684 deficeret,
645 4599 863 4668 concessimus
889 4607 921 4668 et
946 4601 1153 4670 concedendo
1168 4601 1362 4672 contulimus
1390 4602 1499 4672 eidem
