3238 5184
881 909 958 985 308.

353 1093 401 1161 Aa
417 1101 600 1185 eeawpami
616 1097 836 1183 kdptalarmck
843 1095 1047 1184 jelentdoeII.
1066 1091 1173 1158 mare
1193 1083 1358 1169 kirdlydoz
1374 1103 1395 1142 a
1404 1075 1481 1164 fen-

504 1204 585 1269 tebbe'
598 1207 673 1271 303.
688 1229 730 1273 se.
746 1229 777 1273 a.
790 1203 996 1292 paraneecak
1014 1197 1198 1286 tarpydban.
1225 1192 1322 1256 1230.

459 1401 742 1469 Excellentissimo
766 1401 896 1469 domino
920 1419 980 1468 sno
995 1395 1125 1464 Andree
1140 1391 1203 1458 Dei
1225 1388 1339 1473 gracia
1355 1381 1483 1450 illustri

351 1509 433 1594 Regi
455 1509 598 1594 Vngarie
614 1509 770 1593 Magister
785 1508 927 1575 Thomas
944 1503 1132 1590 Propositus
1148 1504 1180 1566 et
1196 1493 1383 1581 Capitulum
1400 1488 1481 1554 Stri-

356 1617 511 1699 goniense
538 1617 706 1684 oraciones
730 1616 765 1681 in
790 1615 928 1683 Domino
954 1612 1082 1678 debitas
1107 1615 1140 1674 et
1165 1607 1311 1673 denotas.
1347 1595 1484 1683 Recepi·

356 1741 426 1790 mus
440 1723 567 1791 litteras
583 1725 698 1791 Vestro
714 1723 907 1790 Serenitatis
924 1722 983 1788 sub
1003 1721 1066 1786 hac
1080 1717 1195 1785 ferma.

461 1829 610 1898 Andreas
626 1829 803 1918 stb‚‚(mint
819 1829 952 1896 fontebb
969 1829 1044 1894 303.
1061 1845 1105 1892 sn.
1122 1821 1169 1908 a.)

461 1938 530 2004 Nos
547 1943 654 2004 antem
679 1937 842 2024 preceptis
857 1933 1050 2003 Serenitatis
1066 1933 1183 1996 Vestro
1208 1922 1360 2005 obedire,
1387 1927 1422 1986 vt
1439 1927 1484 1985 te-

355 2065 478 2130 nemur,
503 2047 681 2133 cupientes,
707 2045 749 2111 ad
779 2043 988 2129 exsequenda
1012 2039 1174 2127 premissa
1198 2055 1294 2100 vnum
1320 2052 1362 2096 ex
1389 2029 1486 2096 nobis

355 2153 516 2236 ydoneum
532 2153 576 2220 ad
591 2151 793 2220 exhibendas
817 2152 945 2218 litteras
962 2156 1091 2217 nostras
1108 2143 1227 2213 (inmiti
1242 2140 1360 2206 Barleo
1386 2135 1486 2202 desti·

355 2280 436 2327 nare
452 2261 599 2327 celeriter
624 2257 834 2347 onra(uimus,
851 2257 921 2344 qni)
939 2257 1067 2325 demum
1083 2253 1126 2320 ad
1153 2270 1213 2319 nos
1233 2247 1365 2315 rediens
1389 2242 1487 2308 nobis

357 2367 449 2451 dixit,
476 2367 563 2453 quod
577 2369 664 2434 idem
680 2366 797 2436 Comes
813 2367 931 2433 Barleo
959 2365 1065 2451 ipsam
1088 2379 1221 2427 causam
1237 2353 1348 2421 fratris
1364 2351 1487 2417 Johan-

357 2475 418 2558 nis,
438 2474 588 2559 Magistri
604 2475 840 2543 Grnciserorum
857 2474 978 2539 Sancte
994 2469 1123 2558 (Crucis
1139 2467 1180 2533 de
1190 2461 1369 2548 Strig)onio
1386 2476 1487 2523 acra-

358 2584 442 2652 stino
468 2583 561 2651 Beati
585 2583 715 2649 Martini
742 2581 947 2649 confessoris
973 2577 1017 2644 ad
1042 2574 1223 2660 quindenas
1247 2567 1394 2634 eiusdem
1419 2563 1487 2628 diei

358 2692 509 2759 examine
525 2690 632 2756 Vestri
652 2689 770 2775 Judicij
795 2691 866 2755 sine
891 2687 1002 2754 debito
1027 2681 1240 2751 decidendam
1261 2713 1305 2724 -
1320 2713 1364 2724 —
1381 2709 1425 2720 -
1439 2707 1487 2717 -

357 2803 568 2884 permanente
592 2797 740 2864 duxisset
764 2793 1004 2882 perhemptoria
1024 2786 1275 2877 prorogandam.
1303 2783 1425 2848 Datum
1450 2779 1488 2842 in

358 2905 499 2973 crastino
515 2905 609 2972 Beati
623 2905 753 2971 Martini
773 2901 988 2971 confessoris.

468 3014 586 3080 nied.-
601 3012 883 3078 Excellentissimo
909 3008 1040 3076 domino
1056 3024 1115 3071 suo
1135 3002 1264 3069 Andree
1283 2998 1345 3066 Dei
1371 2995 1489 3082 gracia

359 3122 482 3188 Illustri
498 3121 579 3205 Regi
594 3120 738 3203 Vngarie
753 3139 813 3204 pro
829 3117 981 3184 Johanne
996 3111 1158 3179 seruiente
1177 3107 1313 3174 Comitis
1329 3104 1447 3170 Barleo
1464 3123 1488 3166 a

361 3227 503 3295 crastino
519 3227 612 3293 Beati
628 3224 759 3292 Martini
774 3225 817 3291 ad
833 3223 1015 3309 quindenas
1034 3218 1179 3287 eiusdem
1194 3215 1269 3281 diei.

398 3425 448 3490 (nn
461 3427 561 3478 enodati
574 3425 639 3479 utta
652 3423 724 3478 Bith
736 3421 845 3488 Keiroly‚
858 3423 940 3487 Gydri
953 3416 1119 3471 'Pdrtdnelmi
1133 3413 1162 3466 ds
1174 3410 1316 3479 Regeezeti
1328 3411 1450 3464 Fiiaetek

820 3513 842 3563 1.
857 3513 911 3562 nec.
925 3512 986 3563 noc.
1000 3510 1029 3576 ι.)

796 3797 1052 3812 Μ
