3218 5192
612 357 770 460 ‚aa

122 552 264 640 devenit,
283 553 457 640 diligenter
472 553 644 620 inducatis.
669 555 704 621 Si
719 573 797 622 vero
813 555 857 622 ad
873 555 1155 625 commonitionem
1171 575 1253 624 com·

124 663 272 730 mandati
287 669 431 730 vestram
446 661 481 728 id
496 682 561 730 uon
577 661 731 750 fecerint,
754 662 886 729 eosdem
900 671 932 730 et
947 683 1079 749 omues,
1104 663 1162 748 qui
1177 671 1254 732 tunc

123 771 158 838 in
173 770 345 856 praedicta
369 770 514 854 sagettia
529 769 660 836 luerunt
670 821 679 854 ,
703 769 958 838 contradictione
974 779 1006 837 et
1029 771 1252 856 appellatione

123 885 286 961 cessante,
311 878 442 964 publice
458 877 605 944 accensis
621 876 768 946 candelis
792 880 985 945 auctoritate
1001 885 1114 946 nostra
1129 897 1255 948 excom-

124 985 317 1070 municetis;
343 992 376 1052 ct
391 983 421 1052 si
439 1002 500 1052 nec
516 985 564 1052 sic
580 983 667 1052 intra
683 983 796 1051 decem
812 983 882 1050 dies
898 983 1104 1070 resipuerint,
1129 985 1163 1052 iu
1179 985 1255 1054 civi·

123 1100 193 1160 tate
207 1091 366 1175 Sevcnioi,
393 1097 426 1158 et
443 1091 478 1158 in
494 1092 562 1160 alia
577 1099 665 1158 terra
681 1090 868 1158 Communis
885 1091 1043 1176 sevenici,
1061 1091 1090 1158 si
1107 1092 1178 1176 ejus
1192 1091 1254 1158 tuit

123 1200 200 1286 ipsa
215 1199 368 1282 sagettia,
386 1201 497 1266 omnia
513 1200 644 1282 Divina,
661 1205 792 1285 praeter
808 1199 973 1284 baptisma
988 1199 1197 1285 parvulorum
1222 1205 1256 1268 et

124 1307 370 1394 poenitentiam,
387 1307 588 1394 prohibeatis
605 1307 714 1374 officia
729 1305 899 1373 celebrari.
915 1306 994 1374 Illos
1010 1315 1129 1394 autem,
1148 1309 1253 1394 quiin

125 1414 330 1501 praedictum
356 1405 600 1482 subdiaconum
625 1423 772 1482 nostrum
800 1414 962 1482 violentas
993 1435 1108 1483 manus
1138 1417 1254 1501 injece·

124 1533 203 1590 runt
212 1575 222 1608 ,
247 1523 378 1590 sublato
395 1522 628 1610 appellationis
654 1522 796 1590 remedio
812 1523 943 1608 publice
959 1525 1254 1594 excommunicatos

125 1631 199 1698 sine
216 1631 372 1698 dilatione
389 1631 612 1715 denuncietis,
633 1639 665 1698 et
680 1650 737 1698 eos
752 1629 883 1698 faciatis
901 1631 984 1698 sicut
1000 1633 1255 1698 excommunica·

124 1747 178 1806 tos
194 1739 311 1822 vitari,
339 1737 443 1804 donec
468 1739 623 1806 universa
647 1737 762 1804 ablata
784 1738 976 1821 restituant,
1002 1745 1122 1806 etcum
1139 1737 1254 1804 litteris

125 1847 247 1916 vestris
264 1847 367 1929 nobis,
385 1852 418 1913 et
433 1846 562 1932 prefato
579 1845 764 1929 Cardinali,
785 1865 924 1914 necnon
941 1845 1039 1914 etiam
1055 1845 1162 1912 eidem
1178 1845 1255 1912 Suo

125 1955 268 2022 diacono
282 1961 394 2020 nostro
420 1953 622 2021 satisfacturi
645 1953 929 2040 adapostolicam
944 1953 1061 2020 Sedem
1086 1952 1254 2020 accedant.

125 2061 281 2142 Qualiter
296 2067 408 2128 autem
424 2061 511 2130 idem
526 2061 662 2128 nuncius
677 2081 749 2128 cum
765 2061 826 2146 his,
844 2081 928 2146 quae
944 2061 1195 2147 recuperaverit,
1211 2061 1255 2130 ad

123 2192 188 2239 nos
203 2189 317 2238 secure
332 2168 437 2254 possit
447 2169 561 2254 redire,
579 2169 740 2238 studeatis
750 2169 889 2238 sollicite
898 2169 1078 2256 providere.
1096 2169 1207 2254 Porro,
1225 2167 1255 2236 si

123 2287 263 2365 uterque
278 2278 431 2344 Vestram
446 2313 491 2324 —
507 2314 551 2324 —
566 2314 610 2325 -
626 2277 801 2362 sequendis
816 2277 975 2346 interesse
984 2298 1049 2346 non
1065 2278 1193 2364 poterit,
1210 2279 1255 2346 al·

123 2397 178 2456 ter
194 2393 228 2453 et
243 2383 452 2454 nihilominus
468 2394 659 2472 exequatur.

492 2589 645 2658 fflgyauott
658 2591 709 2644 111.
723 2590 779 2641 kct.
797 2588 900 2658 1911.)

666 3399 722 3471 18.

122 3599 218 3668 Aaou
234 3599 436 3686 tdrpyokock
443 3601 604 3688 jcpyctkc,
628 3597 745 3687 molyek
759 3601 926 3688 Rojotond
935 3602 1043 3689 popul
1056 3601 1256 3668 oldiokontdl

525 3705 754 3773 clraboltottak.
772 3709 871 3777 1177.

238 3903 376 3972 (lentum
392 3912 426 3972 et
441 3910 514 3972 octo
530 3904 682 3989 marboti,
698 3911 731 3972 et
745 3903 858 3972 valent
871 3903 958 3971 ultra
974 3905 1158 3992 quindecim
1174 3927 1257 3973 mar·

123 4031 194 4079 cas.
222 4011 359 4079 Centum
385 4012 609 4098 maismutine,
636 4011 749 4078 valent
773 4032 889 4080 novem
906 4031 1043 4096 marcas,
1068 4012 1165 4082 nucia
1185 4013 1258 4082 lolii

124 4121 201 4204 anri
218 4119 262 4186 ad
278 4119 521 4203 deaurandum,
548 4119 638 4186 valet
653 4139 796 4188 marcam
819 4120 958 4203 argenti.
986 4119 1133 4198 Quatuor
1148 4138 1256 4186 marce

124 4230 216 4294 inter
230 4227 408 4312 sterlingos
425 4233 457 4294 et
472 4227 562 4294 aliod
586 4235 766 4312 argentum,
791 4228 906 4298 valens
922 4226 1009 4307 ultra
1022 4226 1118 4298 tricor
1134 4245 1256 4294 marca·

124 4355 197 4401 rum
215 4334 301 4402 inter
317 4323 554 4420 megnlienscs,
580 4335 729 4419 igeunos,
748 4335 902 4420 provinos
912 4384 921 4418 ,
950 4333 1079 4419 puglics
1094 4337 1129 4399 et
1142 4333 1257 4401 obolos

123 4444 357 4526 magulienses.
375 4445 515 4512 Scarlmi
525 4445 638 4530 optimi
650 4442 712 4509 due
731 4462 835 4510 caune
846 4451 879 4509 et
889 4440 1034 4525 dimidia,
1044 4439 1155 4506 valent
1168 4441 1256 4508 ultra

124 4559 194 4619 tres
212 4571 350 4618 marcas.
367 4551 498 4619 Pannns
514 4553 555 4620 de
571 4551 649 4638 lino,
673 4551 765 4618 valet
776 4551 862 4617 ultra
877 4553 1016 4633 quatuor
1030 4567 1169 4615 marcas.
1196 4549 1257 4616 De·

123 4677 195 4725 cem
206 4666 239 4726 ct
256 4667 330 4728 octo
341 4661 432 4728 anuli
448 4661 549 4748 aurei,
566 4665 795 4728 constraverunt
805 4657 975 4727 duodecim
986 4655 1163 4725 marbotos.
1180 4655 1255 4725 Duo
