3268 5194
713 337 735 400 5

649 427 802 437 --—-——.

158 523 225 607 hos,
243 522 451 612 Gravindors,
468 527 605 615 Gurnuz,
620 531 731 614 ibique
748 531 791 598 ad
807 531 933 598 Cornua
949 539 1116 620 operarios
1132 559 1244 609 servos
1261 545 1294 610 Il

157 633 191 698 in
208 641 318 700 monta
335 653 408 699 cum
424 635 519 702 hobis
534 637 662 703 illorum
678 637 770 722 ligna
786 640 930 705 secanda
945 643 977 709 in
994 643 1067 728 ipso
1086 653 1205 732 monte,
1222 649 1294 716 sine

158 738 414 807 contradictione
430 743 647 811 ministrorum
672 751 865 832 nostrorum,
883 767 955 814 cum
971 751 1187 834 saginatione.
1217 755 1292 821 Tro

157 849 247 931 bina,
265 848 468 934 Astarvviza‚
483 849 711 938 Shrapucfeld
728 854 865 938 Vitrino,
877 854 1043 943 Friesaoh,
1060 857 1174 946 dorca,
1192 859 1289 928 Gras-

157 955 270 1040 luppa,
288 955 488 1041 Lunggovvi,
502 959 647 1043 Sublicb‚
663 961 867 1047 'Iiufinpacb
879 960 1042 1048 Chatissa,
1060 965 1198 1052 Pelissa,
1209 967 1294 1036 Shu-

157 1064 272 1146 bcnza,
289 1063 458 1149 Undrima,
475 1065 581 1152 Liuta,
607 1067 796 1153 Lieznizka,
813 1069 947 1154 Prooca,
964 1071 1112 1156 Muenna,
1140 1075 1291 1141 Liubina.

158 1171 454 1238 AdStrazzinalam
469 1171 534 1240 duo
551 1175 634 1243 loca.
649 1175 1006 1262 Eavidelicetratione,
1027 1185 1063 1244 ut
1079 1179 1121 1245 ab
1134 1181 1292 1250 hodierna

159 1277 214 1344 die
229 1284 261 1345 et
288 1277 442 1364 deinceps
467 1281 657 1364 praedictae
681 1301 734 1348 res
758 1282 801 1348 ad
826 1283 1026 1369 praedictam
1052 1305 1164 1352 casam
1179 1289 1292 1357 Sancti

157 1385 246 1451 Petri
262 1389 295 1452 ct
310 1387 421 1452 Sancti
437 1387 632 1472 Ruodberti,
659 1389 715 1456 ubi
732 1391 833 1457 etiam
849 1392 922 1478 ipsc
945 1411 1080 1476 corpore
1104 1395 1289 1482 requiescit,

152 1492 229 1576 jure
245 1499 400 1578 perpetuo
417 1504 629 1579 permaneant
645 1498 772 1581 absque
788 1498 926 1564 alicuius
936 1498 1211 1585 contradictione;
1229 1522 1290 1570 nec

159 1598 245 1664 ullus
261 1617 432 1667 successor
446 1609 567 1686 noster,
585 1609 642 1669 aut
651 1605 737 1688 Dux,
754 1604 807 1669 vel
823 1602 951 1688 Sernes,
968 1605 1039 1672 sive
1053 1606 1215 1693 Vicarius,
1232 1627 1289 1675 seu

157 1707 324 1790 quaelibet
339 1707 406 1773 alia
416 1709 547 1775 vicaria
556 1711 709 1777 Potestas
725 1709 766 1775 de
781 1711 958 1796 praedictis
977 1713 1082 1796 rebus,
1099 1732 1182 1796 quas
1197 1735 1289 1801 praa

157 1815 418 1900 nominavimus,
442 1823 639 1901 potestatem
654 1817 785 1900 habeat,
808 1816 886 1884 inde
901 1817 1072 1904 quippiam
1086 1818 1287 1886 abstrahere.

156 1919 223 1986 Sed
238 1940 298 2006 per
313 1922 375 1988 hoo
389 1929 523 1989 nostrae
547 1923 751 1989 auctoritatis
766 1929 997 2009 praeceptum,
1023 1925 1106 1990 siout
1125 1925 1287 2011 praedixi·

156 2045 248 2110 mus,
276 2025 320 2093 ad
334 2027 536 2112 praedictum
563 2027 670 2094 locum
683 2029 794 2095 Sancti
810 2028 899 2094 Petri
915 2035 947 2094 et
963 2031 1073 2096 Sancti
1098 2031 1286 2117 Ruodberti,

155 2136 212 2201 ubi
229 2135 329 2201 etiarn
345 2155 480 2221 corpore
507 2136 683 2220 requiescit
697 2137 731 2202 in
747 2135 924 2201 Salzburch
940 2137 1072 2203 ciuitate
1092 2139 1216 2223 absque
1232 2139 1288 2206 ali-

156 2243 249 2309 cuius
266 2241 417 2309 molestia
431 2241 484 2306 vel
500 2241 726 2326 inquietudine
743 2239 816 2307 sint.¹
834 2241 875 2306 lot
890 2247 925 2307 ut
937 2242 1018 2307 haec
1034 2245 1211 2310 auotoritas
1226 2244 1288 2311 lar-

157 2351 293 2436 gitionis
309 2355 342 2414 et
356 2347 609 2416 confirmationis
634 2353 765 2415 nostrae
780 2346 900 2414 firmior
923 2349 1091 2434 habeatur,
1118 2357 1151 2416 et
1167 2370 1226 2436 per
1241 2351 1288 2418 fu·

155 2465 231 2524 tura
244 2466 395 2543 tempora
410 2477 432 2523 a
446 2456 595 2523 fidelibus
621 2455 742 2524 nostris
758 2456 867 2522 verius
884 2455 1034 2523 credatur
1050 2465 1083 2524 et
1098 2457 1287 2543 diligentius

154 2568 366 2650 obseruator,
393 2586 491 2632 manu
508 2567 643 2653 propria
658 2573 772 2634 nostra
796 2565 907 2632 subter
921 2584 994 2632 eom
1008 2566 1227 2650 firmauinus,
1254 2573 1288 2632 ct

156 2677 269 2745 annuli
285 2677 388 2744 nostri
404 2677 618 2763 impressione
631 2675 795 2761 assignari
810 2675 974 2741 iussimus.

201 2819 387 2904 Signum
412 2817 580 2885 domini
604 2817 772 2885 Arnolfi
796 2815 1090 2886 Serenissimi
1112 2815 1242 2903 Impa

369 3034 603 3102 Hebarhardus
618 2935 781 3101 Idrratdr‘idsl
791 2947 835 3099 :d
849 3033 954 3099 vicem
965 3029 1124 3098 Grimaldi
1135 3030 1286 3098 Archica-

370 3143 493 3229 pellani
512 3143 687 3227 recognovi
698 3152 731 3209 ct
746 3141 934 3227 subscripsi.
952 3141 1073 3206 Datum
1083 3137 1156 3204 XII.
1168 3137 1285 3204 Kalen-

367 3253 427 3317 das
437 3251 639 3334 Decembris,
656 3270 743 3315 anno
757 3247 876 3316 christi
890 3249 1054 3313 lucarnat.
1072 3243 1283 3332 (Doooxo).

367 3359 460 3426 Anno
472 3357 722 3425 dominiArnolfi
733 3353 939 3422 Serenissimi
950 3353 984 3418 in
995 3349 1176 3435 Origcntali
1186 3349 1286 3414 Fran·

365 3469 416 3534 cia
435 3476 604 3554 regnante.
630 3466 809 3532 indictione
830 3463 933 3529 VIIII.
955 3459 1070 3527 Actum
1086 3453 1286 3524 Matahhoua

364 3575 443 3640 villa
452 3574 556 3659 Regia
571 3573 605 3638 in
622 3572 684 3639 Dei
700 3571 830 3638 nomine
846 3568 993 3636 feliciter.
1018 3567 1132 3632 Amen.

157 3739 352 3799 (Nachrichtou
367 3754 427 3788 vom
446 3737 583 3789 Zostdnda
595 3737 642 3788 dar
660 3734 808 3801 Gagauden
827 3733 881 3784 und
900 3731 978 3784 stadt
996 3729 1134 3790 Juvavia,
1153 3723 1286 3790 Saluburg

409 3829 476 3877 1784
500 3821 636 3891 Okmdnyi
649 3822 780 3890 fdggcldk
797 3825 853 3874 llo.
867 3823 884 3872 1.
899 3821 942 3870 64.
956 3836 992 3871 su.
1005 3819 1042 3885 a.)

265 4003 381 4074 immi.
394 4005 434 4056 En
447 4019 515 4055 uzon
527 3999 633 4067 nihiny
646 3999 759 4051 drdskes
773 3994 983 4061 okmtnyoknak
997 3993 1105 4058 egyikq
1119 3992 1255 4056 melyeket
1268 4005 1285 4040 a

156 4097 242 4148 kslsti
255 4095 337 4146 irank
350 4091 476 4160 kirtlyok
491 4089 718 4144 birodaimuknck
732 4102 797 4138 anon
812 4083 927 4136 rdszsirc
939 4081 1023 4134 abavo
1036 4082 1158 4144 kiadtolq
1176 4079 1284 4144 maiyek

157 4184 344 4252 ahonioglaib
357 4183 507 4248 magyarok
520 4178 588 4232 altat
601 4180 666 4230 sttbt
680 4173 895 4228 eisaskittottak.
908 4169 1033 4223 Kelteubl
1045 4172 1128 4236 segue
1140 4151 1231 4234 drptd
1245 4167 1283 4218 fa-

153 4277 273 4342 jsdelcm
285 4271 391 4326 kortba
403 4274 463 4324 esik
476 4269 660 4336 (889-907);
674 4263 749 4316 midrt
762 4267 786 4314 is
800 4261 878 4328 agisa
889 4259 1016 4326 sabvsgdt
1028 4254 1284 4324 okmtnytornnkba

156 4369 276 4418 selvenui
296 4359 500 4415 annal'inkabb
521 4357 699 4410 indokoltnak
717 4351 845 4416 litszott3
866 4351 1005 4416 minthogy
1023 4349 1102 4399 bauai
1115 4347 1204 4398 irbink
1223 4360 1284 4396 arra

155 4457 235 4522 oddig
248 4455 351 4520 mindig
364 4450 478 4524 bibasao
500 4446 684 4500 hivatkoatak.
707 4445 833 4509 Sala-gius
853 4443 944 4492 ernnak
967 4435 1110 4490 kivonatdt
1131 4438 1187 4488 eisd
1211 4441 1279 4489 tetta

156 4544 248 4608 lrbzzd,
264 4547 325 4596 sio.
339 4541 382 4594 dvi
396 4540 583 4605 indicatidval,
597 4555 661 4588 caon
672 4533 900 4602 mogjegyadssel:
915 4529 1122 4594 „Circumferter
1132 4525 1282 4591 exemplum

155 4635 309 4704 diplomatis
329 4633 463 4700 Arnulpbi
475 4631 558 4698 Bagis
581 4627 784 4680 acclcbcrrimo
804 4637 891 4674 rerum
914 4620 1132 4686 Hungarioarum
1152 4617 1281 4682 scriptore
