3200 5182
612 331 767 440 Q

119 533 215 599 rium.
233 531 324 599 Haec
339 533 447 598 omnia
463 551 547 618 quae
562 533 786 619 suprascripta
802 539 877 599 sunt
900 537 967 596 tam
993 529 1034 596 de
1058 532 1251 619 priuilegijs,

120 660 223 724 quam
251 640 293 707 de
320 640 395 726 alijs
422 640 652 728 suprascriptis
677 659 735 727 pro
760 645 853 726 parte
878 639 981 726 ipsius
1006 637 1129 706 domiui
1153 641 1252 724 Regis

119 745 287 814 seruanda
301 747 483 815 iuramento
498 749 711 815 firmabuntur
733 745 878 815 eiusdem
894 746 1016 814 domini
1031 747 1141 831 Regis.

231 853 292 922 llic
307 853 396 922 cadit
410 856 516 923 Locus
531 855 624 941 Signi
640 855 778 940 Notarij.

122 1033 245 1102 (floruit
258 1034 362 1104 Mihaly
374 1035 557 1104 kbzlemdnye.
583 1039 658 1089 Euan
671 1034 788 1103 okurlmy
807 1033 950 1088 lriucnatit
968 1035 1077 1088 kbnblte
1090 1033 1170 1101 nsjtr
1188 1035 1253 1090 eod

493 1129 566 1196 nupt.
579 1129 641 1181 vn.
656 1128 712 1179 uer.
727 1133 751 1182 r.
766 1145 786 1184 r.
802 1129 844 1179 uu.
859 1128 892 1191 r.)

563 1411 825 1428 ...ψει-ιιι,-

656 1805 734 1875 234.

124 1974 171 2041 ΙΙ.
194 1971 301 2040 Rodre
316 1969 425 2059 kirdlp
449 1969 592 2036 liecestre
615 1966 707 2035 lucela
722 1994 743 2034 u
760 1971 889 2036 uaacdri
912 1969 1028 2058 epybda
1044 1969 1206 2058 joycu‘ouk
1221 1971 1254 2038 ta

325 2077 515 2146 circueunt
525 2075 734 2166 fenntartdaa
750 2079 937 2166 tdrpydbau.
955 2080 1053 2149 1217.

236 2257 408 2326 innomine
417 2258 536 2325 Sancte
542 2254 938 2325 minitatisetlndiuidnc
946 2258 1097 2329 Vnitatis.
1108 2255 1256 2326 Andreas

126 2368 193 2436 Dei
209 2367 323 2452 gracia
338 2365 517 2452 Hungarie‚
534 2363 715 2448 Dalmacie,
732 2363 880 2450 Oroacie,
896 2365 1008 2453 Reme,
1020 2367 1145 2454 Seruio,
1156 2365 1256 2432 Galli·

125 2477 188 2561 cie,
195 2471 529 2558 LodomeriequeRex
539 2473 572 2539 in
582 2480 784 2560 perpetuum.
793 2474 883 2541 Licet
892 2475 975 2540 inter
985 2483 1093 2543 cetera
1104 2475 1257 2543 virtutum

125 2601 233 2671 opera
253 2580 415 2667 largiendi
436 2581 627 2651 beneficium
648 2581 847 2668 aplerisqne
867 2602 997 2669 semper
1012 2585 1256 2672 comprobetur,

126 2693 176 2759 ibi
191 2699 304 2759 munau
319 2690 488 2775 largientis
499 2688 656 2757 memoria
671 2690 826 2777 precipue
838 2691 1092 2778 commendatur,
1104 2711 1176 2758 cum
1187 2692 1257 2756 Deo

125 2799 253 2884 datum,
270 2797 357 2884 quod
372 2804 422 2866 cst
437 2803 594 2883 sanctum,
612 2819 634 2865 a
649 2798 766 2866 deuote
791 2797 1055 2886 dispensacionis
1080 2797 1259 2866 cultoribus

126 2907 376 2995 propagacione
391 2906 551 2973 bonorum
566 2925 701 2991 operum
716 2906 749 2972 in
775 2906 839 2972 Dei
864 2903 996 2974 laudem
1022 2925 1061 2972 ac
1087 2905 1259 2972 seruicium

127 3013 173 3081 de
189 3011 244 3080 die
259 3013 293 3080 in
309 3012 397 3081 diem
414 3013 579 3080 dilatatur.
595 3015 666 3078 Hac
682 3013 779 3096 igitur
797 3012 1062 3081 consideracione
1084 3012 1259 3096 salubriter

128 3121 255 3190 inducti
271 3121 476 3210 presentibus
492 3127 524 3188 et
538 3119 679 3208 posteris
705 3128 816 3188 notum
841 3119 989 3207 iacimus,
1016 3119 1103 3205 quod
1128 3139 1201 3186 cum
1226 3119 1260 3186 iu

130 3231 304 3318 procinctu
320 3231 445 3298 itineris
461 3249 606 3297 essemus
621 3229 656 3296 in
671 3229 910 3296 transmarinas
926 3233 1036 3316 partes
1059 3225 1262 3314 proticiscen-

130 3349 195 3425 tes,
214 3339 351 3407 dilectus
377 3359 417 3406 ac
442 3337 549 3406 fidelis
574 3345 684 3407 noster
700 3338 815 3404 Petrus
841 3337 1041 3424 Geuryensis
1066 3335 1259 3424 Episcopus,

130 3447 189 3532 qni
203 3446 300 3515 nobis
316 3467 338 3514 a
353 3446 508 3534 primeuis
525 3446 702 3514 iuuentutis
728 3465 786 3512 sne
809 3443 1022 3532 temporibus,
1049 3450 1082 3512 et
1104 3441 1262 3529 deinceps

130 3557 168 3622 in
183 3555 404 3642 legationibus
429 3555 548 3623 nostris
574 3561 667 3621 extra
690 3555 838 3640 Regnum
862 3554 1003 3641 proprijs
1032 3551 1213 3638 sumptibus
1229 3558 1262 3616 et

132 3664 289 3752 expensis
305 3663 526 3750 quampluries
541 3660 735 3748 deserendis,
753 3668 785 3729 et
801 3663 942 3731 maxime
967 3669 1053 3748 tunc,
1080 3661 1156 3728 dum
1180 3658 1260 3728 Ocn-

131 3773 379 3860 stautinopolim
412 3772 455 3839 ad
481 3771 755 3839 transducendum
782 3771 985 3838 carissimam
1011 3769 1184 3854 coniugem
1209 3787 1261 3835 no·

133 3889 237 3950 stram
253 3879 414 3965 Reginam
430 3879 534 3947 Yolen
551 3879 855 3967 transmisissemus,
873 3879 960 3946 idem
976 3881 1012 3945 P.
1024 3877 1207 3963 Episcopus
1218 3876 1263 3942 di·

133 3994 240 4060 lectus
257 3999 290 4057 et
304 3989 410 4057 fidelis
427 3993 537 4056 noster
551 3990 634 4055 inter
648 3995 775 4056 ceteros
785 3987 910 4056 nobiles
927 3993 960 4053 et
975 3985 1131 4070 primates
1158 3984 1263 4066 Regni

133 4099 239 4168 nostri
253 4097 394 4165 fideliter
409 4103 442 4162 et
457 4097 655 4166 excellenter
671 4115 874 4181 summopere
891 4111 1081 4176 summaque
1092 4089 1264 4174 diligentia

134 4209 347 4292 seruiuisset;
367 4202 411 4273 ad
426 4213 572 4273 nostram
597 4205 756 4272 accedens
781 4203 986 4291 presenciam
1011 4199 1185 4282 diligenter
1211 4217 1265 4285 po

135 4315 281 4399 etulauit,
300 4314 377 4398 quia
389 4314 557 4381 nobiscum
572 4319 644 4379 erat
660 4311 732 4397 ipse
756 4303 1036 4396 transfretaturus,
1061 4313 1096 4372 vt
1121 4307 1265 4390 aliquem

137 4425 179 4492 de
196 4421 391 4510 primatibus
407 4423 512 4505 Regni
531 4421 634 4488 nostri
659 4419 833 4504 daremus,
860 4419 915 4503 qui
939 4435 1053 4485 omnes
1078 4414 1217 4500 pupulos
1233 4423 1266 4480 et

136 4533 284 4621 hospites
309 4529 456 4597 Ecclesie
472 4529 584 4598 Sancti
602 4529 772 4597 Michaelis
788 4527 829 4596 de
845 4526 961 4594 Castro
985 4527 1103 4594 Ferreo
1129 4523 1265 4590 auctori-

136 4646 205 4708 tate
231 4644 343 4708 nostra
366 4644 561 4726 protegeret,
588 4635 776 4706 defenderet
792 4655 830 4703 ac
846 4638 1077 4702 manuteneret.
1102 4631 1204 4699 Peciit
1219 4631 1265 4698 in-
