<?xml version="1.0" encoding="UTF-8"?>
<!DOCTYPE html PUBLIC "-//W3C//DTD XHTML 1.0 Transitional//EN"
    "http://www.w3.org/TR/xhtml1/DTD/xhtml1-transitional.dtd">
<html xmlns="http://www.w3.org/1999/xhtml" xml:lang="en" lang="en">
 <head>
  <title>
</title>
<meta http-equiv="Content-Type" content="text/html;charset=utf-8" />
  <meta name='ocr-system' content='tesseract 3.04.00' />
  <meta name='ocr-capabilities' content='ocr_page ocr_carea ocr_par ocr_line ocrx_word'/>
</head>
<body>
  <div class='ocr_page' id='page_1' title='image "./codexdiplomatic05wenzgoog_0548.png"; bbox 0 0 3238 5184; ppageno 0'>
   <div class='ocr_carea' id='block_1_1' title="bbox 400 1085 1531 1283">
    <p class='ocr_par' dir='ltr' id='par_1_1' title="bbox 400 1085 1531 1283">
     <span class='ocr_line' id='line_1_1' title="bbox 400 1085 1531 1177; baseline 0.006 -26"><span class='ocrx_word' id='word_1_1' title='bbox 400 1085 503 1153; x_wconf 69' lang='lat' dir='ltr'>Dona</span> <span class='ocrx_word' id='word_1_2' title='bbox 518 1088 686 1154; x_wconf 77' lang='lat' dir='ltr'>uddornolc</span> <span class='ocrx_word' id='word_1_3' title='bbox 710 1089 809 1155; x_wconf 78' lang='lat' dir='ltr'>ite&#39;lcte</span> <span class='ocrx_word' id='word_1_4' title='bbox 827 1090 921 1155; x_wconf 76' lang='lat' dir='ltr'>Pe&#39;ter</span> <span class='ocrx_word' id='word_1_5' title='bbox 937 1092 1121 1156; x_wconf 73' lang='lat' dir='ltr'>Mcricznolc</span> <span class='ocrx_word' id='word_1_6' title='bbox 1138 1093 1198 1177; x_wconf 81' lang='lat' dir='ltr'>fia,</span> <span class='ocrx_word' id='word_1_7' title='bbox 1223 1096 1255 1158; x_wconf 80' lang='lat' dir='ltr'>e‘a</span> <span class='ocrx_word' id='word_1_8' title='bbox 1270 1094 1351 1158; x_wconf 70' lang='lat' dir='ltr'>Post</span> <span class='ocrx_word' id='word_1_9' title='bbox 1379 1094 1531 1158; x_wconf 63' lang='lat' dir='ltr'>Portant</span> 
     </span>
     <span class='ocr_line' id='line_1_2' title="bbox 828 1197 1096 1283; baseline 0.004 -22"><span class='ocrx_word' id='word_1_10' title='bbox 828 1198 880 1283; x_wconf 78' lang='lat' dir='ltr'>fin</span> <span class='ocrx_word' id='word_1_11' title='bbox 896 1197 975 1263; x_wconf 74' lang='lat' dir='ltr'>labat.</span> <span class='ocrx_word' id='word_1_12' title='bbox 998 1200 1096 1264; x_wconf 84' lang='lat'><em>1232.</em></span> 
     </span>
    </p>
   </div>
   <div class='ocr_carea' id='block_1_2' title="bbox 377 1377 1528 4706">
    <p class='ocr_par' dir='ltr' id='par_1_2' title="bbox 388 1377 1528 2980">
     <span class='ocr_line' id='line_1_3' title="bbox 506 1377 1528 1467; baseline 0.004 -25"><span class='ocrx_word' id='word_1_13' title='bbox 506 1377 673 1444; x_wconf 89' lang='lat' dir='ltr'>Dionisius</span> <span class='ocrx_word' id='word_1_14' title='bbox 690 1377 753 1444; x_wconf 91' lang='lat' dir='ltr'>Dei</span> <span class='ocrx_word' id='word_1_15' title='bbox 779 1379 893 1463; x_wconf 78' lang='lat' dir='ltr'>gracia</span> <span class='ocrx_word' id='word_1_16' title='bbox 909 1377 1078 1444; x_wconf 87' lang='lat' dir='ltr'>Palatinus</span> <span class='ocrx_word' id='word_1_17' title='bbox 1095 1379 1254 1446; x_wconf 87' lang='lat' dir='ltr'>vniucrsis</span> <span class='ocrx_word' id='word_1_18' title='bbox 1274 1398 1410 1466; x_wconf 81' lang='lat' dir='ltr'>presens</span> <span class='ocrx_word' id='word_1_19' title='bbox 1426 1381 1528 1467; x_wconf 90' lang='lat' dir='ltr'>scrip·</span> 
     </span>
     <span class='ocr_line' id='line_1_4' title="bbox 397 1484 1526 1570; baseline 0.003 -20"><span class='ocrx_word' id='word_1_20' title='bbox 397 1491 464 1550; x_wconf 86' lang='lat' dir='ltr'>tum</span> <span class='ocrx_word' id='word_1_21' title='bbox 480 1484 674 1570; x_wconf 85' lang='lat' dir='ltr'>inspecturis</span> <span class='ocrx_word' id='word_1_22' title='bbox 691 1486 829 1552; x_wconf 88' lang='lat' dir='ltr'>salutem</span> <span class='ocrx_word' id='word_1_23' title='bbox 840 1485 873 1552; x_wconf 92' lang='lat' dir='ltr'>iu</span> <span class='ocrx_word' id='word_1_24' title='bbox 890 1505 967 1552; x_wconf 88' lang='lat' dir='ltr'>uero</span> <span class='ocrx_word' id='word_1_25' title='bbox 984 1487 1132 1553; x_wconf 86' lang='lat' dir='ltr'>salutari.</span> <span class='ocrx_word' id='word_1_26' title='bbox 1150 1486 1270 1554; x_wconf 89' lang='lat' dir='ltr'>Notum</span> <span class='ocrx_word' id='word_1_27' title='bbox 1285 1485 1355 1552; x_wconf 89' lang='lat' dir='ltr'>fieri</span> <span class='ocrx_word' id='word_1_28' title='bbox 1372 1489 1526 1555; x_wconf 90' lang='lat' dir='ltr'>uolumus</span> 
     </span>
     <span class='ocr_line' id='line_1_5' title="bbox 395 1589 1524 1679; baseline 0.005 -23"><span class='ocrx_word' id='word_1_29' title='bbox 395 1593 602 1676; x_wconf 78' lang='lat' dir='ltr'>presentibus</span> <span class='ocrx_word' id='word_1_30' title='bbox 616 1599 648 1658; x_wconf 90' lang='lat' dir='ltr'>et</span> <span class='ocrx_word' id='word_1_31' title='bbox 664 1593 790 1678; x_wconf 82' lang='lat' dir='ltr'>futuris,</span> <span class='ocrx_word' id='word_1_32' title='bbox 809 1589 896 1676; x_wconf 87' lang='lat' dir='ltr'>quod</span> <span class='ocrx_word' id='word_1_33' title='bbox 912 1595 1027 1660; x_wconf 89' lang='lat' dir='ltr'>Petrus</span> <span class='ocrx_word' id='word_1_34' title='bbox 1043 1595 1128 1661; x_wconf 90' lang='lat' dir='ltr'>filius</span> <span class='ocrx_word' id='word_1_35' title='bbox 1145 1595 1304 1679; x_wconf 88' lang='lat' dir='ltr'>Mauricij,</span> <span class='ocrx_word' id='word_1_36' title='bbox 1320 1597 1403 1662; x_wconf 89' lang='lat' dir='ltr'>Poth</span> <span class='ocrx_word' id='word_1_37' title='bbox 1421 1597 1524 1662; x_wconf 90' lang='lat' dir='ltr'>tilium</span> 
     </span>
     <span class='ocr_line' id='line_1_6' title="bbox 396 1699 1523 1790; baseline 0.004 -24"><span class='ocrx_word' id='word_1_38' title='bbox 396 1699 478 1768; x_wconf 91' lang='lat' dir='ltr'>Potb</span> <span class='ocrx_word' id='word_1_39' title='bbox 504 1702 546 1769; x_wconf 85' lang='lat' dir='ltr'>ad</span> <span class='ocrx_word' id='word_1_40' title='bbox 562 1709 707 1770; x_wconf 89' lang='lat' dir='ltr'>nostram</span> <span class='ocrx_word' id='word_1_41' title='bbox 734 1703 852 1770; x_wconf 89' lang='lat' dir='ltr'>asciuit</span> <span class='ocrx_word' id='word_1_42' title='bbox 868 1704 1083 1790; x_wconf 80' lang='lat' dir='ltr'>presenciam,</span> <span class='ocrx_word' id='word_1_43' title='bbox 1111 1723 1213 1788; x_wconf 86' lang='lat' dir='ltr'>agens</span> <span class='ocrx_word' id='word_1_44' title='bbox 1235 1710 1348 1770; x_wconf 87' lang='lat' dir='ltr'>contra</span> <span class='ocrx_word' id='word_1_45' title='bbox 1373 1725 1448 1770; x_wconf 84' lang='lat' dir='ltr'>cunr</span> <span class='ocrx_word' id='word_1_46' title='bbox 1466 1707 1523 1771; x_wconf 88' lang='lat' dir='ltr'>tali</span> 
     </span>
     <span class='ocr_line' id='line_1_7' title="bbox 395 1809 1525 1900; baseline 0.004 -26"><span class='ocrx_word' id='word_1_47' title='bbox 395 1809 519 1878; x_wconf 84' lang='lat' dir='ltr'>forma:</span> <span class='ocrx_word' id='word_1_48' title='bbox 546 1813 633 1896; x_wconf 90' lang='lat' dir='ltr'>quod</span> <span class='ocrx_word' id='word_1_49' title='bbox 656 1834 769 1881; x_wconf 90' lang='lat' dir='ltr'>omues</span> <span class='ocrx_word' id='word_1_50' title='bbox 788 1813 901 1900; x_wconf 90' lang='lat' dir='ltr'>populi</span> <span class='ocrx_word' id='word_1_51' title='bbox 927 1813 970 1880; x_wconf 89' lang='lat' dir='ltr'>ad</span> <span class='ocrx_word' id='word_1_52' title='bbox 985 1815 1067 1881; x_wconf 89' lang='lat' dir='ltr'>Potb</span> <span class='ocrx_word' id='word_1_53' title='bbox 1094 1813 1314 1899; x_wconf 82' lang='lat' dir='ltr'>pertinentes,</span> <span class='ocrx_word' id='word_1_54' title='bbox 1340 1822 1373 1881; x_wconf 90' lang='lat' dir='ltr'>et</span> <span class='ocrx_word' id='word_1_55' title='bbox 1403 1815 1525 1880; x_wconf 85' lang='lat' dir='ltr'>milites</span> 
     </span>
     <span class='ocr_line' id='line_1_8' title="bbox 394 1920 1523 2007; baseline 0.005 -25"><span class='ocrx_word' id='word_1_56' title='bbox 394 1920 541 1987; x_wconf 79' lang='lat' dir='ltr'>extranei</span> <span class='ocrx_word' id='word_1_57' title='bbox 566 1922 607 1988; x_wconf 91' lang='lat' dir='ltr'>de</span> <span class='ocrx_word' id='word_1_58' title='bbox 623 1921 807 1988; x_wconf 88' lang='lat' dir='ltr'>Tbeutouia</span> <span class='ocrx_word' id='word_1_59' title='bbox 831 1942 890 1989; x_wconf 93' lang='lat' dir='ltr'>suo</span> <span class='ocrx_word' id='word_1_60' title='bbox 916 1922 1077 1990; x_wconf 88' lang='lat' dir='ltr'>adiutorio</span> <span class='ocrx_word' id='word_1_61' title='bbox 1103 1921 1280 2007; x_wconf 88' lang='lat' dir='ltr'>uenientes,</span> <span class='ocrx_word' id='word_1_62' title='bbox 1307 1922 1453 1989; x_wconf 91' lang='lat' dir='ltr'>insnum</span> <span class='ocrx_word' id='word_1_63' title='bbox 1473 1944 1523 1988; x_wconf 85' lang='lat' dir='ltr'>ca-</span> 
     </span>
     <span class='ocr_line' id='line_1_9' title="bbox 395 2029 1523 2117; baseline 0.004 -25"><span class='ocrx_word' id='word_1_64' title='bbox 395 2033 496 2094; x_wconf 89' lang='lat' dir='ltr'>strum</span> <span class='ocrx_word' id='word_1_65' title='bbox 511 2029 641 2097; x_wconf 90' lang='lat' dir='ltr'>nominc</span> <span class='ocrx_word' id='word_1_66' title='bbox 651 2030 780 2098; x_wconf 88' lang='lat' dir='ltr'>Pordan</span> <span class='ocrx_word' id='word_1_67' title='bbox 797 2032 956 2098; x_wconf 87' lang='lat' dir='ltr'>irruentes</span> <span class='ocrx_word' id='word_1_68' title='bbox 973 2030 1149 2117; x_wconf 90' lang='lat' dir='ltr'>dampnum</span> <span class='ocrx_word' id='word_1_69' title='bbox 1165 2031 1195 2096; x_wconf 91' lang='lat' dir='ltr'>ei</span> <span class='ocrx_word' id='word_1_70' title='bbox 1215 2030 1428 2098; x_wconf 88' lang='lat' dir='ltr'>ducentarum</span> <span class='ocrx_word' id='word_1_71' title='bbox 1439 2052 1523 2098; x_wconf 83' lang='lat' dir='ltr'>mar-</span> 
     </span>
     <span class='ocr_line' id='line_1_10' title="bbox 393 2137 1523 2227; baseline 0.002 -25"><span class='ocrx_word' id='word_1_72' title='bbox 393 2155 503 2202; x_wconf 89' lang='lat' dir='ltr'>carum</span> <span class='ocrx_word' id='word_1_73' title='bbox 520 2137 715 2205; x_wconf 83' lang='lat' dir='ltr'>intulissent</span> <span class='ocrx_word' id='word_1_74' title='bbox 731 2139 853 2206; x_wconf 79' lang='lat' dir='ltr'>Contra</span> <span class='ocrx_word' id='word_1_75' title='bbox 870 2140 930 2206; x_wconf 89' lang='lat' dir='ltr'>heo</span> <span class='ocrx_word' id='word_1_76' title='bbox 945 2141 1028 2206; x_wconf 88' lang='lat' dir='ltr'>Pctb</span> <span class='ocrx_word' id='word_1_77' title='bbox 1053 2139 1256 2227; x_wconf 87' lang='lat' dir='ltr'>respondens</span> <span class='ocrx_word' id='word_1_78' title='bbox 1272 2141 1333 2208; x_wconf 91' lang='lat' dir='ltr'>boc</span> <span class='ocrx_word' id='word_1_79' title='bbox 1349 2147 1453 2206; x_wconf 88' lang='lat' dir='ltr'>totum</span> <span class='ocrx_word' id='word_1_80' title='bbox 1471 2139 1523 2205; x_wconf 88' lang='lat' dir='ltr'>de·</span> 
     </span>
     <span class='ocr_line' id='line_1_11' title="bbox 392 2246 1520 2334; baseline 0.001 -23"><span class='ocrx_word' id='word_1_81' title='bbox 392 2246 544 2331; x_wconf 75' lang='lat' dir='ltr'>negauit,</span> <span class='ocrx_word' id='word_1_82' title='bbox 562 2267 713 2316; x_wconf 84' lang='lat' dir='ltr'>asserens</span> <span class='ocrx_word' id='word_1_83' title='bbox 729 2267 792 2316; x_wconf 90' lang='lat' dir='ltr'>nou</span> <span class='ocrx_word' id='word_1_84' title='bbox 809 2267 902 2315; x_wconf 85' lang='lat' dir='ltr'>suam</span> <span class='ocrx_word' id='word_1_85' title='bbox 912 2249 988 2334; x_wconf 92' lang='lat' dir='ltr'>vim,</span> <span class='ocrx_word' id='word_1_86' title='bbox 1005 2269 1064 2316; x_wconf 92' lang='lat' dir='ltr'>nec</span> <span class='ocrx_word' id='word_1_87' title='bbox 1081 2255 1271 2317; x_wconf 86' lang='lat' dir='ltr'>extraneam</span> <span class='ocrx_word' id='word_1_88' title='bbox 1288 2247 1413 2333; x_wconf 88' lang='lat' dir='ltr'>aliquid</span> <span class='ocrx_word' id='word_1_89' title='bbox 1429 2249 1460 2313; x_wconf 92' lang='lat' dir='ltr'>ei</span> <span class='ocrx_word' id='word_1_90' title='bbox 1476 2249 1520 2313; x_wconf 93' lang='lat' dir='ltr'>in-</span> 
     </span>
     <span class='ocr_line' id='line_1_12' title="bbox 392 2353 1519 2441; baseline 0.003 -23"><span class='ocrx_word' id='word_1_91' title='bbox 392 2353 516 2438; x_wconf 89' lang='lat' dir='ltr'>tulisse,</span> <span class='ocrx_word' id='word_1_92' title='bbox 533 2373 593 2420; x_wconf 87' lang='lat' dir='ltr'>nec</span> <span class='ocrx_word' id='word_1_93' title='bbox 605 2355 777 2422; x_wconf 88' lang='lat' dir='ltr'>consilium</span> <span class='ocrx_word' id='word_1_94' title='bbox 795 2356 898 2441; x_wconf 92' lang='lat' dir='ltr'>ipsius</span> <span class='ocrx_word' id='word_1_95' title='bbox 915 2357 949 2422; x_wconf 92' lang='lat' dir='ltr'>in</span> <span class='ocrx_word' id='word_1_96' title='bbox 960 2356 1081 2422; x_wconf 88' lang='lat' dir='ltr'>talibus</span> <span class='ocrx_word' id='word_1_97' title='bbox 1097 2356 1209 2423; x_wconf 86' lang='lat' dir='ltr'>fuisse.</span> <span class='ocrx_word' id='word_1_98' title='bbox 1226 2356 1402 2440; x_wconf 85' lang='lat' dir='ltr'>Vtriusque</span> <span class='ocrx_word' id='word_1_99' title='bbox 1412 2362 1519 2422; x_wconf 89' lang='lat' dir='ltr'>antem</span> 
     </span>
     <span class='ocr_line' id='line_1_13' title="bbox 391 2462 1518 2550; baseline 0.003 -25"><span class='ocrx_word' id='word_1_100' title='bbox 391 2462 496 2544; x_wconf 88' lang='lat' dir='ltr'>partis</span> <span class='ocrx_word' id='word_1_101' title='bbox 521 2465 734 2548; x_wconf 85' lang='lat' dir='ltr'>responsione</span> <span class='ocrx_word' id='word_1_102' title='bbox 748 2463 871 2550; x_wconf 88' lang='lat' dir='ltr'>audita,</span> <span class='ocrx_word' id='word_1_103' title='bbox 898 2465 1082 2532; x_wconf 86' lang='lat' dir='ltr'>testimonio</span> <span class='ocrx_word' id='word_1_104' title='bbox 1105 2464 1253 2550; x_wconf 83' lang='lat' dir='ltr'>legitimo</span> <span class='ocrx_word' id='word_1_105' title='bbox 1269 2467 1365 2530; x_wconf 90' lang='lat' dir='ltr'>Petro</span> <span class='ocrx_word' id='word_1_106' title='bbox 1382 2463 1518 2548; x_wconf 86' lang='lat' dir='ltr'>acquisi-</span> 
     </span>
     <span class='ocr_line' id='line_1_14' title="bbox 390 2566 1517 2657; baseline 0.004 -26"><span class='ocrx_word' id='word_1_107' title='bbox 390 2567 452 2632; x_wconf 89' lang='lat' dir='ltr'>tori</span> <span class='ocrx_word' id='word_1_108' title='bbox 468 2566 555 2656; x_wconf 85' lang='lat' dir='ltr'>(lgy)</span> <span class='ocrx_word' id='word_1_109' title='bbox 573 2589 666 2636; x_wconf 92' lang='lat' dir='ltr'>suam</span> <span class='ocrx_word' id='word_1_110' title='bbox 691 2573 909 2639; x_wconf 86' lang='lat' dir='ltr'>assercionem</span> <span class='ocrx_word' id='word_1_111' title='bbox 923 2571 1081 2657; x_wconf 89' lang='lat' dir='ltr'>jussimus</span> <span class='ocrx_word' id='word_1_112' title='bbox 1106 2572 1327 2657; x_wconf 89' lang='lat' dir='ltr'>comprobare,</span> <span class='ocrx_word' id='word_1_113' title='bbox 1353 2579 1441 2638; x_wconf 89' lang='lat' dir='ltr'>certo</span> <span class='ocrx_word' id='word_1_114' title='bbox 1458 2577 1517 2638; x_wconf 89' lang='lat' dir='ltr'>ter-</span> 
     </span>
     <span class='ocr_line' id='line_1_15' title="bbox 389 2673 1514 2765; baseline 0.004 -27"><span class='ocrx_word' id='word_1_115' title='bbox 389 2673 476 2741; x_wconf 92' lang='lat' dir='ltr'>mino</span> <span class='ocrx_word' id='word_1_116' title='bbox 502 2677 689 2762; x_wconf 73' lang='lat' dir='ltr'>assignato,</span> <span class='ocrx_word' id='word_1_117' title='bbox 717 2678 749 2744; x_wconf 93' lang='lat' dir='ltr'>in</span> <span class='ocrx_word' id='word_1_118' title='bbox 765 2700 828 2763; x_wconf 86' lang='lat' dir='ltr'>quo</span> <span class='ocrx_word' id='word_1_119' title='bbox 846 2681 961 2746; x_wconf 89' lang='lat' dir='ltr'>Petrus</span> <span class='ocrx_word' id='word_1_120' title='bbox 988 2677 1205 2765; x_wconf 86' lang='lat' dir='ltr'>personaliter</span> <span class='ocrx_word' id='word_1_121' title='bbox 1230 2699 1295 2746; x_wconf 92' lang='lat' dir='ltr'>non</span> <span class='ocrx_word' id='word_1_122' title='bbox 1321 2679 1514 2764; x_wconf 87' lang='lat' dir='ltr'>comparuit,</span> 
     </span>
     <span class='ocr_line' id='line_1_16' title="bbox 388 2782 1514 2872; baseline 0.001 -24"><span class='ocrx_word' id='word_1_123' title='bbox 388 2782 447 2848; x_wconf 89' lang='lat' dir='ltr'>sed</span> <span class='ocrx_word' id='word_1_124' title='bbox 471 2783 566 2851; x_wconf 91' lang='lat' dir='ltr'>homo</span> <span class='ocrx_word' id='word_1_125' title='bbox 583 2785 686 2872; x_wconf 89' lang='lat' dir='ltr'>ipsius</span> <span class='ocrx_word' id='word_1_126' title='bbox 711 2788 880 2872; x_wconf 81' lang='lat' dir='ltr'>accedens,</span> <span class='ocrx_word' id='word_1_127' title='bbox 906 2793 1015 2871; x_wconf 83' lang='lat' dir='ltr'>testes,</span> <span class='ocrx_word' id='word_1_128' title='bbox 1034 2807 1115 2872; x_wconf 93' lang='lat' dir='ltr'>quos</span> <span class='ocrx_word' id='word_1_129' title='bbox 1132 2785 1254 2870; x_wconf 87' lang='lat' dir='ltr'>debuit,</span> <span class='ocrx_word' id='word_1_130' title='bbox 1273 2806 1339 2852; x_wconf 93' lang='lat' dir='ltr'>non</span> <span class='ocrx_word' id='word_1_131' title='bbox 1367 2785 1514 2868; x_wconf 84' lang='lat' dir='ltr'>adduxit,</span> 
     </span>
     <span class='ocr_line' id='line_1_17' title="bbox 388 2891 1327 2980; baseline 0.002 -23"><span class='ocrx_word' id='word_1_132' title='bbox 388 2891 513 2960; x_wconf 86' lang='lat' dir='ltr'>litteras</span> <span class='ocrx_word' id='word_1_133' title='bbox 530 2913 608 2962; x_wconf 90' lang='lat' dir='ltr'>uero</span> <span class='ocrx_word' id='word_1_134' title='bbox 624 2895 724 2980; x_wconf 85' lang='lat' dir='ltr'>Regis</span> <span class='ocrx_word' id='word_1_135' title='bbox 741 2896 849 2962; x_wconf 88' lang='lat' dir='ltr'>attulit</span> <span class='ocrx_word' id='word_1_136' title='bbox 865 2897 949 2962; x_wconf 90' lang='lat' dir='ltr'>hunc</span> <span class='ocrx_word' id='word_1_137' title='bbox 964 2894 1095 2962; x_wconf 91' lang='lat' dir='ltr'>modum</span> <span class='ocrx_word' id='word_1_138' title='bbox 1110 2895 1327 2962; x_wconf 87' lang='lat' dir='ltr'>continentes:</span> 
     </span>
    </p>

    <p class='ocr_par' dir='ltr' id='par_1_3' title="bbox 384 3002 1516 3517">
     <span class='ocr_line' id='line_1_18' title="bbox 495 3002 1516 3090; baseline -0.002 -23"><span class='ocrx_word' id='word_1_139' title='bbox 495 3003 563 3068; x_wconf 90' lang='lat' dir='ltr'>Nos</span> <span class='ocrx_word' id='word_1_140' title='bbox 579 3002 617 3067; x_wconf 89' lang='grc' dir='ltr'>Α.</span> <span class='ocrx_word' id='word_1_141' title='bbox 635 3003 697 3068; x_wconf 90' lang='lat' dir='ltr'>Dei</span> <span class='ocrx_word' id='word_1_142' title='bbox 723 3002 837 3088; x_wconf 85' lang='lat' dir='ltr'>gracia</span> <span class='ocrx_word' id='word_1_143' title='bbox 861 3004 931 3068; x_wconf 83' lang='lat' dir='ltr'>Rex</span> <span class='ocrx_word' id='word_1_144' title='bbox 957 3003 1148 3088; x_wconf 79' lang='lat' dir='ltr'>Huugariae</span> <span class='ocrx_word' id='word_1_145' title='bbox 1172 3003 1371 3090; x_wconf 89' lang='lat' dir='ltr'>precipimus</span> <span class='ocrx_word' id='word_1_146' title='bbox 1397 3002 1457 3066; x_wconf 92' lang='lat' dir='ltr'>tibi</span> <span class='ocrx_word' id='word_1_147' title='bbox 1475 3003 1516 3066; x_wconf 89' lang='lat' dir='ltr'>D.</span> 
     </span>
     <span class='ocr_line' id='line_1_19' title="bbox 387 3109 1514 3195; baseline 0.001 -23"><span class='ocrx_word' id='word_1_148' title='bbox 387 3114 498 3176; x_wconf 90' lang='lat' dir='ltr'>nostro</span> <span class='ocrx_word' id='word_1_149' title='bbox 524 3109 610 3176; x_wconf 88' lang='lat' dir='ltr'>lidcli</span> <span class='ocrx_word' id='word_1_150' title='bbox 627 3111 797 3195; x_wconf 88' lang='lat' dir='ltr'>Palatino;</span> <span class='ocrx_word' id='word_1_151' title='bbox 825 3117 984 3194; x_wconf 89' lang='lat' dir='ltr'>quatenus</span> <span class='ocrx_word' id='word_1_152' title='bbox 1003 3112 1133 3177; x_wconf 88' lang='lat' dir='ltr'>Petrum</span> <span class='ocrx_word' id='word_1_153' title='bbox 1149 3109 1269 3176; x_wconf 92' lang='lat' dir='ltr'>iudicio</span> <span class='ocrx_word' id='word_1_154' title='bbox 1285 3129 1351 3176; x_wconf 92' lang='lat' dir='ltr'>non</span> <span class='ocrx_word' id='word_1_155' title='bbox 1367 3109 1514 3176; x_wconf 89' lang='lat' dir='ltr'>condem-</span> 
     </span>
     <span class='ocr_line' id='line_1_20' title="bbox 385 3200 1516 3302; baseline 0 -22"><span class='ocrx_word' id='word_1_156' title='bbox 385 3200 481 3299; x_wconf 87' lang='lat' dir='ltr'>pnes,</span> <span class='ocrx_word' id='word_1_157' title='bbox 504 3216 581 3302; x_wconf 90' lang='lat' dir='ltr'>quia</span> <span class='ocrx_word' id='word_1_158' title='bbox 596 3217 629 3282; x_wconf 92' lang='lat' dir='ltr'>iu</span> <span class='ocrx_word' id='word_1_159' title='bbox 645 3225 755 3285; x_wconf 91' lang='lat' dir='ltr'>nostro</span> <span class='ocrx_word' id='word_1_160' title='bbox 784 3225 834 3284; x_wconf 91' lang='lat' dir='ltr'>est</span> <span class='ocrx_word' id='word_1_161' title='bbox 849 3219 987 3302; x_wconf 86' lang='lat' dir='ltr'>negocio</span> <span class='ocrx_word' id='word_1_162' title='bbox 1013 3225 1166 3286; x_wconf 88' lang='lat' dir='ltr'>constans</span> <span class='ocrx_word' id='word_1_163' title='bbox 1191 3217 1223 3282; x_wconf 92' lang='lat' dir='ltr'>in</span> <span class='ocrx_word' id='word_1_164' title='bbox 1245 3215 1347 3282; x_wconf 87' lang='lat' dir='ltr'>nostri</span> <span class='ocrx_word' id='word_1_165' title='bbox 1374 3215 1516 3282; x_wconf 88' lang='lat' dir='ltr'>confinio</span> 
     </span>
     <span class='ocr_line' id='line_1_21' title="bbox 386 3323 1516 3411; baseline 0.002 -23"><span class='ocrx_word' id='word_1_166' title='bbox 386 3324 493 3408; x_wconf 80' lang='lat' dir='ltr'>Regni</span> <span class='ocrx_word' id='word_1_167' title='bbox 518 3325 739 3411; x_wconf 91' lang='lat' dir='ltr'>prouidendo;</span> <span class='ocrx_word' id='word_1_168' title='bbox 767 3327 826 3394; x_wconf 89' lang='lat' dir='ltr'>sed</span> <span class='ocrx_word' id='word_1_169' title='bbox 842 3325 948 3392; x_wconf 90' lang='lat' dir='ltr'>adhuc</span> <span class='ocrx_word' id='word_1_170' title='bbox 976 3325 1120 3392; x_wconf 90' lang='lat' dir='ltr'>iudicata</span> <span class='ocrx_word' id='word_1_171' title='bbox 1139 3323 1325 3392; x_wconf 87' lang='lat' dir='ltr'>testimonia</span> <span class='ocrx_word' id='word_1_172' title='bbox 1350 3323 1516 3390; x_wconf 86' lang='lat' dir='ltr'>adducere</span> 
     </span>
     <span class='ocr_line' id='line_1_22' title="bbox 384 3431 565 3517; baseline 0.017 -20"><span class='ocrx_word' id='word_1_173' title='bbox 384 3431 565 3517; x_wconf 87' lang='lat' dir='ltr'>permittas.</span> 
     </span>
    </p>

    <p class='ocr_par' dir='ltr' id='par_1_4' title="bbox 377 3539 1514 4706">
     <span class='ocr_line' id='line_1_23' title="bbox 491 3539 1513 3626; baseline 0 -22"><span class='ocrx_word' id='word_1_174' title='bbox 491 3539 560 3606; x_wconf 90' lang='lat' dir='ltr'>Nos</span> <span class='ocrx_word' id='word_1_175' title='bbox 576 3547 663 3607; x_wconf 89' lang='lat' dir='ltr'>utem</span> <span class='ocrx_word' id='word_1_176' title='bbox 679 3539 794 3608; x_wconf 89' lang='lat' dir='ltr'>ordine</span> <span class='ocrx_word' id='word_1_177' title='bbox 821 3541 991 3607; x_wconf 89' lang='lat' dir='ltr'>iudiciario</span> <span class='ocrx_word' id='word_1_178' title='bbox 1008 3541 1112 3626; x_wconf 90' lang='lat' dir='ltr'>ipsum</span> <span class='ocrx_word' id='word_1_179' title='bbox 1130 3541 1166 3604; x_wconf 90' lang='lat' dir='ltr'>P.</span> <span class='ocrx_word' id='word_1_180' title='bbox 1184 3539 1441 3606; x_wconf 84' lang='lat' dir='ltr'>decernebamus</span> <span class='ocrx_word' id='word_1_181' title='bbox 1467 3560 1513 3604; x_wconf 91' lang='lat' dir='ltr'>re-</span> 
     </span>
     <span class='ocr_line' id='line_1_24' title="bbox 384 3646 1514 3735; baseline 0.004 -25"><span class='ocrx_word' id='word_1_182' title='bbox 384 3646 555 3730; x_wconf 87' lang='lat' dir='ltr'>mansisse,</span> <span class='ocrx_word' id='word_1_183' title='bbox 581 3647 639 3714; x_wconf 88' lang='lat' dir='ltr'>sed</span> <span class='ocrx_word' id='word_1_184' title='bbox 656 3647 699 3713; x_wconf 91' lang='lat' dir='ltr'>ad</span> <span class='ocrx_word' id='word_1_185' title='bbox 715 3647 838 3715; x_wconf 91' lang='lat' dir='ltr'>domini</span> <span class='ocrx_word' id='word_1_186' title='bbox 854 3649 954 3732; x_wconf 86' lang='lat' dir='ltr'>Regis</span> <span class='ocrx_word' id='word_1_187' title='bbox 981 3654 1169 3735; x_wconf 88' lang='lat' dir='ltr'>preceptum</span> <span class='ocrx_word' id='word_1_188' title='bbox 1186 3646 1382 3729; x_wconf 89' lang='lat' dir='ltr'>distulimus,</span> <span class='ocrx_word' id='word_1_189' title='bbox 1409 3667 1514 3731; x_wconf 89' lang='lat' dir='ltr'>usque</span> 
     </span>
     <span class='ocr_line' id='line_1_25' title="bbox 381 3753 1512 3842; baseline 0.004 -24"><span class='ocrx_word' id='word_1_190' title='bbox 381 3753 459 3819; x_wconf 93' lang='lat' dir='ltr'>dum</span> <span class='ocrx_word' id='word_1_191' title='bbox 474 3753 573 3839; x_wconf 84' lang='lat' dir='ltr'>Regis</span> <span class='ocrx_word' id='word_1_192' title='bbox 584 3775 755 3842; x_wconf 88' lang='lat' dir='ltr'>personam</span> <span class='ocrx_word' id='word_1_193' title='bbox 767 3758 955 3824; x_wconf 88' lang='lat' dir='ltr'>uisercmus.</span> <span class='ocrx_word' id='word_1_194' title='bbox 967 3758 1056 3842; x_wconf 83' lang='lat' dir='ltr'>Rege</span> <span class='ocrx_word' id='word_1_195' title='bbox 1073 3777 1151 3840; x_wconf 83' lang='lat' dir='ltr'>crgo</span> <span class='ocrx_word' id='word_1_196' title='bbox 1162 3755 1319 3840; x_wconf 83' lang='lat' dir='ltr'>Strigouij</span> <span class='ocrx_word' id='word_1_197' title='bbox 1337 3755 1512 3840; x_wconf 84' lang='lat' dir='ltr'>existente,</span> 
     </span>
     <span class='ocr_line' id='line_1_26' title="bbox 381 3863 1511 3950; baseline 0.003 -23"><span class='ocrx_word' id='word_1_198' title='bbox 381 3863 588 3948; x_wconf 90' lang='lat' dir='ltr'>presentibus</span> <span class='ocrx_word' id='word_1_199' title='bbox 605 3864 672 3931; x_wconf 92' lang='lat' dir='ltr'>suis</span> <span class='ocrx_word' id='word_1_200' title='bbox 685 3865 885 3932; x_wconf 88' lang='lat' dir='ltr'>Barronibus</span> <span class='ocrx_word' id='word_1_201' title='bbox 895 3866 974 3932; x_wconf 85' lang='lat' dir='ltr'>Jula</span> <span class='ocrx_word' id='word_1_202' title='bbox 991 3865 1091 3950; x_wconf 90' lang='lat' dir='ltr'>Bano,</span> <span class='ocrx_word' id='word_1_203' title='bbox 1109 3863 1275 3931; x_wconf 92' lang='lat' dir='ltr'>Demetrio</span> <span class='ocrx_word' id='word_1_204' title='bbox 1291 3863 1312 3929; x_wconf 89' lang='lat' dir='ltr'>J</span> <span class='ocrx_word' id='word_1_205' title='bbox 1315 3863 1410 3930; x_wconf 85' lang='lat' dir='ltr'>udice</span> <span class='ocrx_word' id='word_1_206' title='bbox 1426 3865 1511 3931; x_wconf 86' lang='lat' dir='ltr'>Aule</span> 
     </span>
     <span class='ocr_line' id='line_1_27' title="bbox 381 3971 1511 4056; baseline -0.001 -18"><span class='ocrx_word' id='word_1_207' title='bbox 381 3972 493 4056; x_wconf 84' lang='lat' dir='ltr'>Regis,</span> <span class='ocrx_word' id='word_1_208' title='bbox 511 3973 609 4054; x_wconf 83' lang='lat' dir='ltr'>Dece,</span> <span class='ocrx_word' id='word_1_209' title='bbox 635 3972 791 4056; x_wconf 80' lang='lat' dir='ltr'>magistro</span> <span class='ocrx_word' id='word_1_210' title='bbox 808 3972 973 4038; x_wconf 89' lang='lat' dir='ltr'>Demetrio</span> <span class='ocrx_word' id='word_1_211' title='bbox 990 3971 1089 4038; x_wconf 82' lang='lat' dir='ltr'>fratre</span> <span class='ocrx_word' id='word_1_212' title='bbox 1106 3971 1263 4054; x_wconf 88' lang='lat' dir='ltr'>Marcelli,</span> <span class='ocrx_word' id='word_1_213' title='bbox 1285 3975 1317 4036; x_wconf 89' lang='lat' dir='ltr'>et</span> <span class='ocrx_word' id='word_1_214' title='bbox 1332 3971 1410 4054; x_wconf 89' lang='lat' dir='ltr'>alijs</span> <span class='ocrx_word' id='word_1_215' title='bbox 1427 3971 1511 4038; x_wconf 84' lang='lat' dir='ltr'>viris</span> 
     </span>
     <span class='ocr_line' id='line_1_28' title="bbox 381 4077 1510 4164; baseline 0.002 -20"><span class='ocrx_word' id='word_1_216' title='bbox 381 4079 530 4146; x_wconf 89' lang='lat' dir='ltr'>discretis</span> <span class='ocrx_word' id='word_1_217' title='bbox 542 4079 747 4164; x_wconf 88' lang='lat' dir='ltr'>ethonestis;</span> <span class='ocrx_word' id='word_1_218' title='bbox 765 4078 808 4144; x_wconf 92' lang='lat' dir='ltr'>ad</span> <span class='ocrx_word' id='word_1_219' title='bbox 818 4081 940 4162; x_wconf 86' lang='lat' dir='ltr'>Regem</span> <span class='ocrx_word' id='word_1_220' title='bbox 951 4078 1152 4163; x_wconf 88' lang='lat' dir='ltr'>accedentes,</span> <span class='ocrx_word' id='word_1_221' title='bbox 1174 4077 1290 4143; x_wconf 93' lang='lat' dir='ltr'>seriem</span> <span class='ocrx_word' id='word_1_222' title='bbox 1300 4077 1398 4144; x_wconf 91' lang='lat' dir='ltr'>buius</span> <span class='ocrx_word' id='word_1_223' title='bbox 1409 4099 1510 4146; x_wconf 88' lang='lat' dir='ltr'>cause</span> 
     </span>
     <span class='ocr_line' id='line_1_29' title="bbox 379 4183 1509 4271; baseline -0.001 -19"><span class='ocrx_word' id='word_1_224' title='bbox 379 4187 457 4253; x_wconf 91' lang='lat' dir='ltr'>viua</span> <span class='ocrx_word' id='word_1_225' title='bbox 472 4205 553 4254; x_wconf 91' lang='lat' dir='ltr'>uoce</span> <span class='ocrx_word' id='word_1_226' title='bbox 569 4187 801 4252; x_wconf 89' lang='lat' dir='ltr'>cnarrauimus.</span> <span class='ocrx_word' id='word_1_227' title='bbox 828 4188 933 4271; x_wconf 77' lang='lat' dir='ltr'>Super</span> <span class='ocrx_word' id='word_1_228' title='bbox 949 4207 1012 4271; x_wconf 90' lang='lat' dir='ltr'>quo</span> <span class='ocrx_word' id='word_1_229' title='bbox 1028 4187 1099 4252; x_wconf 85' lang='lat' dir='ltr'>Rex</span> <span class='ocrx_word' id='word_1_230' title='bbox 1123 4205 1196 4251; x_wconf 89' lang='lat' dir='ltr'>cum</span> <span class='ocrx_word' id='word_1_231' title='bbox 1222 4183 1289 4251; x_wconf 92' lang='lat' dir='ltr'>suis</span> <span class='ocrx_word' id='word_1_232' title='bbox 1305 4183 1509 4251; x_wconf 89' lang='lat' dir='ltr'>Barronibus</span> 
     </span>
     <span class='ocr_line' id='line_1_30' title="bbox 379 4291 1508 4380; baseline -0.002 -18"><span class='ocrx_word' id='word_1_233' title='bbox 379 4297 554 4362; x_wconf 88' lang='lat' dir='ltr'>clementer</span> <span class='ocrx_word' id='word_1_234' title='bbox 578 4293 763 4378; x_wconf 84' lang='lat' dir='ltr'>decernens,</span> <span class='ocrx_word' id='word_1_235' title='bbox 790 4294 907 4360; x_wconf 84' lang='lat' dir='ltr'>iterato</span> <span class='ocrx_word' id='word_1_236' title='bbox 925 4297 1021 4360; x_wconf 90' lang='lat' dir='ltr'>Petro</span> <span class='ocrx_word' id='word_1_237' title='bbox 1039 4292 1130 4360; x_wconf 90' lang='lat' dir='ltr'>dedit</span> <span class='ocrx_word' id='word_1_238' title='bbox 1152 4291 1340 4358; x_wconf 82' lang='lat' dir='ltr'>facultatem</span> <span class='ocrx_word' id='word_1_239' title='bbox 1360 4311 1508 4380; x_wconf 81' lang='lat' dir='ltr'>compro</span> 
     </span>
     <span class='ocr_line' id='line_1_31' title="bbox 378 4401 1507 4489; baseline -0.002 -21"><span class='ocrx_word' id='word_1_240' title='bbox 378 4401 499 4488; x_wconf 74' lang='lat' dir='ltr'>bandi,</span> <span class='ocrx_word' id='word_1_241' title='bbox 516 4403 737 4469; x_wconf 90' lang='lat' dir='ltr'>iudiciocuius</span> <span class='ocrx_word' id='word_1_242' title='bbox 754 4407 829 4468; x_wconf 85' lang='lat' dir='ltr'>aute</span> <span class='ocrx_word' id='word_1_243' title='bbox 842 4402 1085 4489; x_wconf 91' lang='lat' dir='ltr'>responsionem</span> <span class='ocrx_word' id='word_1_244' title='bbox 1096 4401 1272 4486; x_wconf 89' lang='lat' dir='ltr'>persoluto,</span> <span class='ocrx_word' id='word_1_245' title='bbox 1293 4401 1507 4486; x_wconf 88' lang='lat' dir='ltr'>probacionis</span> 
     </span>
     <span class='ocr_line' id='line_1_32' title="bbox 378 4507 1506 4594; baseline -0.002 -19"><span class='ocrx_word' id='word_1_246' title='bbox 378 4511 549 4576; x_wconf 90' lang='lat' dir='ltr'>terminum</span> <span class='ocrx_word' id='word_1_247' title='bbox 574 4515 708 4578; x_wconf 87' lang='lat' dir='ltr'>octauas</span> <span class='ocrx_word' id='word_1_248' title='bbox 734 4511 844 4576; x_wconf 87' lang='lat' dir='ltr'>Sancti</span> <span class='ocrx_word' id='word_1_249' title='bbox 870 4511 1002 4577; x_wconf 88' lang='lat' dir='ltr'>Martini</span> <span class='ocrx_word' id='word_1_250' title='bbox 1029 4507 1239 4594; x_wconf 86' lang='lat' dir='ltr'>assignando.</span> <span class='ocrx_word' id='word_1_251' title='bbox 1266 4509 1302 4573; x_wconf 93' lang='lat' dir='ltr'>ln</span> <span class='ocrx_word' id='word_1_252' title='bbox 1328 4527 1393 4592; x_wconf 89' lang='lat' dir='ltr'>quo</span> <span class='ocrx_word' id='word_1_253' title='bbox 1419 4508 1506 4574; x_wconf 91' lang='lat' dir='ltr'>idem</span> 
     </span>
     <span class='ocr_line' id='line_1_33' title="bbox 377 4613 1506 4706; baseline -0.003 -21"><span class='ocrx_word' id='word_1_254' title='bbox 377 4619 491 4685; x_wconf 89' lang='lat' dir='ltr'>Petrus</span> <span class='ocrx_word' id='word_1_255' title='bbox 507 4637 567 4684; x_wconf 88' lang='lat' dir='ltr'>uec</span> <span class='ocrx_word' id='word_1_256' title='bbox 582 4616 736 4686; x_wconf 90' lang='lat' dir='ltr'>iudicium</span> <span class='ocrx_word' id='word_1_257' title='bbox 752 4617 902 4706; x_wconf 88' lang='lat' dir='ltr'>instituit,</span> <span class='ocrx_word' id='word_1_258' title='bbox 928 4636 988 4686; x_wconf 92' lang='lat' dir='ltr'>uec</span> <span class='ocrx_word' id='word_1_259' title='bbox 1004 4621 1103 4686; x_wconf 87' lang='lat' dir='ltr'>testes</span> <span class='ocrx_word' id='word_1_260' title='bbox 1120 4613 1258 4682; x_wconf 85' lang='lat' dir='ltr'>adduxit</span> <span class='ocrx_word' id='word_1_261' title='bbox 1267 4640 1275 4700; x_wconf 78' lang='lat'>3</span> <span class='ocrx_word' id='word_1_262' title='bbox 1293 4614 1381 4682; x_wconf 88' lang='lat' dir='ltr'>undo</span> <span class='ocrx_word' id='word_1_263' title='bbox 1396 4615 1506 4702; x_wconf 89' lang='lat' dir='ltr'>ipsum</span> 
     </span>
    </p>
   </div>
   <div class='ocr_carea' id='block_1_3' title="bbox 0 0 1624 5184">
    <p class='ocr_par' dir='ltr' id='par_1_5' title="bbox 0 0 1624 5184">
     <span class='ocr_line' id='line_1_34' title="bbox 0 0 1624 5184; baseline 0 10"><span class='ocrx_word' id='word_1_264' title='bbox 0 0 1624 5184; x_wconf 95' lang='lat' dir='ltr'> </span> 
     </span>
    </p>
   </div>
  </div>
 </body>
</html>
