<?xml version="1.0" encoding="UTF-8"?>
<!DOCTYPE html PUBLIC "-//W3C//DTD XHTML 1.0 Transitional//EN"
    "http://www.w3.org/TR/xhtml1/DTD/xhtml1-transitional.dtd">
<html xmlns="http://www.w3.org/1999/xhtml" xml:lang="en" lang="en">
 <head>
  <title>
</title>
<meta http-equiv="Content-Type" content="text/html;charset=utf-8" />
  <meta name='ocr-system' content='tesseract 3.04.00' />
  <meta name='ocr-capabilities' content='ocr_page ocr_carea ocr_par ocr_line ocrx_word'/>
</head>
<body>
  <div class='ocr_page' id='page_1' title='image "./codexdiplomatic05wenzgoog_0544.png"; bbox 0 0 3238 5184; ppageno 0'>
   <div class='ocr_carea' id='block_1_1' title="bbox 897 297 1056 399">
    <p class='ocr_par' dir='ltr' id='par_1_1' title="bbox 897 297 1056 399">
     <span class='ocr_line' id='line_1_1' title="bbox 897 297 1056 399; baseline 0 -36"><span class='ocrx_word' id='word_1_1' title='bbox 897 297 1056 399; x_wconf 49' lang='lat' dir='ltr'><strong>joa-</strong></span> 
     </span>
    </p>
   </div>
   <div class='ocr_carea' id='block_1_2' title="bbox 410 490 1551 4136">
    <p class='ocr_par' dir='ltr' id='par_1_2' title="bbox 410 490 1551 4136">
     <span class='ocr_line' id='line_1_2' title="bbox 411 490 1546 582; baseline -0.011 -17"><span class='ocrx_word' id='word_1_2' title='bbox 411 498 529 566; x_wconf 86' lang='lat' dir='ltr'><strong>delicet</strong></span> <span class='ocrx_word' id='word_1_3' title='bbox 545 506 577 563; x_wconf 92' lang='lat' dir='ltr'><strong>et</strong></span> <span class='ocrx_word' id='word_1_4' title='bbox 588 497 729 564; x_wconf 87' lang='lat' dir='ltr'><strong>Wrobon</strong></span> <span class='ocrx_word' id='word_1_5' title='bbox 739 495 919 562; x_wconf 79' lang='lat' dir='ltr'><strong>Comitibus</strong></span> <span class='ocrx_word' id='word_1_6' title='bbox 935 493 1031 582; x_wconf 69' lang='lat' dir='ltr'><strong>(tgy),</strong></span> <span class='ocrx_word' id='word_1_7' title='bbox 1049 494 1083 560; x_wconf 91' lang='lat' dir='ltr'><strong>et</strong></span> <span class='ocrx_word' id='word_1_8' title='bbox 1098 493 1175 576; x_wconf 87' lang='lat' dir='ltr'><strong>filijs</strong></span> <span class='ocrx_word' id='word_1_9' title='bbox 1186 491 1300 560; x_wconf 90' lang='lat' dir='ltr'><strong>Bodnn</strong></span> <span class='ocrx_word' id='word_1_10' title='bbox 1316 490 1455 558; x_wconf 76' lang='lat' dir='ltr'><strong>Comitis</strong></span> <span class='ocrx_word' id='word_1_11' title='bbox 1469 507 1546 571; x_wconf 83' lang='lat' dir='ltr'><strong>nec,</strong></span> 
     </span>
     <span class='ocr_line' id='line_1_3' title="bbox 410 599 1546 690; baseline -0.008 -18"><span class='ocrx_word' id='word_1_12' title='bbox 410 627 476 674; x_wconf 92' lang='lat' dir='ltr'><strong>non</strong></span> <span class='ocrx_word' id='word_1_13' title='bbox 491 605 567 690; x_wconf 88' lang='lat' dir='ltr'><strong>filijs</strong></span> <span class='ocrx_word' id='word_1_14' title='bbox 577 605 687 670; x_wconf 81' lang='lat' dir='ltr'><strong>Abrae</strong></span> <span class='ocrx_word' id='word_1_15' title='bbox 703 609 735 670; x_wconf 89' lang='lat' dir='ltr'><strong>et</strong></span> <span class='ocrx_word' id='word_1_16' title='bbox 745 603 951 670; x_wconf 85' lang='lat' dir='ltr'><strong>Sereobimuz</strong></span> <span class='ocrx_word' id='word_1_17' title='bbox 968 600 1064 689; x_wconf 81' lang='lat' dir='ltr'><strong>(lgy),</strong></span> <span class='ocrx_word' id='word_1_18' title='bbox 1076 607 1222 668; x_wconf 87' lang='lat' dir='ltr'><strong>emerunt</strong></span> <span class='ocrx_word' id='word_1_19' title='bbox 1236 599 1404 687; x_wconf 87' lang='lat' dir='ltr'><strong>quandam</strong></span> <span class='ocrx_word' id='word_1_20' title='bbox 1420 606 1546 666; x_wconf 81' lang='lat' dir='ltr'><strong>terram</strong></span> 
     </span>
     <span class='ocr_line' id='line_1_4' title="bbox 411 705 1549 798; baseline -0.007 -18"><span class='ocrx_word' id='word_1_21' title='bbox 411 714 542 782; x_wconf 88' lang='lat' dir='ltr'><strong>nomine</strong></span> <span class='ocrx_word' id='word_1_22' title='bbox 557 712 656 778; x_wconf 83' lang='lat' dir='ltr'><strong>Belsa</strong></span> <span class='ocrx_word' id='word_1_23' title='bbox 670 733 731 798; x_wconf 92' lang='lat' dir='ltr'><strong>pro</strong></span> <span class='ocrx_word' id='word_1_24' title='bbox 747 711 957 796; x_wconf 84' lang='lat' dir='ltr'><strong>quatraginta</strong></span> <span class='ocrx_word' id='word_1_25' title='bbox 973 709 1091 778; x_wconf 86' lang='lat' dir='ltr'><strong>mareis</strong></span> <span class='ocrx_word' id='word_1_26' title='bbox 1110 709 1247 793; x_wconf 83' lang='lat' dir='ltr'><strong>argenti,</strong></span> <span class='ocrx_word' id='word_1_27' title='bbox 1267 715 1300 775; x_wconf 91' lang='lat' dir='ltr'><strong>et</strong></span> <span class='ocrx_word' id='word_1_28' title='bbox 1315 730 1374 794; x_wconf 94' lang='lat' dir='ltr'><strong>pro</strong></span> <span class='ocrx_word' id='word_1_29' title='bbox 1395 713 1484 774; x_wconf 86' lang='lat' dir='ltr'><strong>terra</strong></span> <span class='ocrx_word' id='word_1_30' title='bbox 1501 705 1549 772; x_wconf 78' lang='lat' dir='ltr'><strong>ad</strong></span> 
     </span>
     <span class='ocr_line' id='line_1_5' title="bbox 412 814 1547 904; baseline -0.008 -17"><span class='ocrx_word' id='word_1_31' title='bbox 412 825 550 904; x_wconf 90' lang='lat' dir='ltr'><strong>quatuor</strong></span> <span class='ocrx_word' id='word_1_32' title='bbox 560 825 671 886; x_wconf 89' lang='lat' dir='ltr'><strong>aratra</strong></span> <span class='ocrx_word' id='word_1_33' title='bbox 680 818 881 886; x_wconf 83' lang='lat' dir='ltr'><strong>sufficiencia</strong></span> <span class='ocrx_word' id='word_1_34' title='bbox 892 816 987 903; x_wconf 82' lang='lat' dir='ltr'><strong>(tgy),</strong></span> <span class='ocrx_word' id='word_1_35' title='bbox 1001 837 1099 900; x_wconf 90' lang='lat' dir='ltr'><strong>quam</strong></span> <span class='ocrx_word' id='word_1_36' title='bbox 1111 823 1229 882; x_wconf 84' lang='lat' dir='ltr'><strong>terram</strong></span> <span class='ocrx_word' id='word_1_37' title='bbox 1240 814 1547 902; x_wconf 85' lang='lat' dir='ltr'><strong>accepitKaminus</strong></span> 
     </span>
     <span class='ocr_line' id='line_1_6' title="bbox 412 921 1551 1013; baseline -0.008 -18"><span class='ocrx_word' id='word_1_38' title='bbox 412 927 538 1013; x_wconf 84' lang='lat' dir='ltr'><strong>Comes,</strong></span> <span class='ocrx_word' id='word_1_39' title='bbox 556 927 634 1012; x_wconf 87' lang='lat' dir='ltr'><strong>quia</strong></span> <span class='ocrx_word' id='word_1_40' title='bbox 649 925 693 992; x_wconf 91' lang='lat' dir='ltr'><strong>ad</strong></span> <span class='ocrx_word' id='word_1_41' title='bbox 708 947 802 993; x_wconf 90' lang='lat' dir='ltr'><strong>suam</strong></span> <span class='ocrx_word' id='word_1_42' title='bbox 812 927 924 992; x_wconf 86' lang='lat' dir='ltr'><strong>villam</strong></span> <span class='ocrx_word' id='word_1_43' title='bbox 940 925 1048 992; x_wconf 86' lang='lat' dir='ltr'><strong>vicina</strong></span> <span class='ocrx_word' id='word_1_44' title='bbox 1065 924 1214 1009; x_wconf 71' lang='lat' dir='ltr'><strong>iacebat,</strong></span> <span class='ocrx_word' id='word_1_45' title='bbox 1230 925 1346 990; x_wconf 89' lang='lat' dir='ltr'><strong>Petrus</strong></span> <span class='ocrx_word' id='word_1_46' title='bbox 1362 942 1442 990; x_wconf 84' lang='lat' dir='ltr'><strong>vero</strong></span> <span class='ocrx_word' id='word_1_47' title='bbox 1458 921 1551 987; x_wconf 88' lang='lat' dir='ltr'><strong>tilius</strong></span> 
     </span>
     <span class='ocr_line' id='line_1_7' title="bbox 414 1032 1550 1120; baseline -0.004 -20"><span class='ocrx_word' id='word_1_48' title='bbox 414 1035 502 1119; x_wconf 87' lang='lat' dir='ltr'><strong>Kayl</strong></span> <span class='ocrx_word' id='word_1_49' title='bbox 519 1053 619 1120; x_wconf 86' lang='lat' dir='ltr'><strong>super</strong></span> <span class='ocrx_word' id='word_1_50' title='bbox 634 1033 793 1119; x_wconf 78' lang='lat' dir='ltr'><strong>prefatam</strong></span> <span class='ocrx_word' id='word_1_51' title='bbox 818 1033 932 1100; x_wconf 81' lang='lat' dir='ltr'><strong>habuit</strong></span> <span class='ocrx_word' id='word_1_52' title='bbox 947 1032 1132 1100; x_wconf 85' lang='lat' dir='ltr'><strong>libertinum</strong></span> <span class='ocrx_word' id='word_1_53' title='bbox 1149 1032 1278 1100; x_wconf 89' lang='lat' dir='ltr'><strong>nomine</strong></span> <span class='ocrx_word' id='word_1_54' title='bbox 1294 1033 1427 1117; x_wconf 88' lang='lat' dir='ltr'><strong>erus,</strong></span> <span class='ocrx_word' id='word_1_55' title='bbox 1448 1051 1550 1114; x_wconf 85' lang='lat' dir='ltr'><strong>quern</strong></span> 
     </span>
     <span class='ocr_line' id='line_1_8' title="bbox 413 1139 1551 1226; baseline -0.005 -18"><span class='ocrx_word' id='word_1_56' title='bbox 413 1161 485 1208; x_wconf 88' lang='lat' dir='ltr'><strong>cnm</strong></span> <span class='ocrx_word' id='word_1_57' title='bbox 509 1139 636 1207; x_wconf 90' lang='lat' dir='ltr'><strong>duobus</strong></span> <span class='ocrx_word' id='word_1_58' title='bbox 665 1140 741 1225; x_wconf 87' lang='lat' dir='ltr'><strong>filijs</strong></span> <span class='ocrx_word' id='word_1_59' title='bbox 756 1141 927 1226; x_wconf 89' lang='lat' dir='ltr'><strong>liberauit;</strong></span> <span class='ocrx_word' id='word_1_60' title='bbox 952 1141 999 1206; x_wconf 91' lang='lat' dir='ltr'><strong>ita</strong></span> <span class='ocrx_word' id='word_1_61' title='bbox 1015 1147 1048 1205; x_wconf 85' lang='lat' dir='ltr'><strong>vt</strong></span> <span class='ocrx_word' id='word_1_62' title='bbox 1063 1142 1246 1224; x_wconf 80' lang='lat' dir='ltr'><strong>ubicunque</strong></span> <span class='ocrx_word' id='word_1_63' title='bbox 1272 1140 1324 1206; x_wconf 87' lang='lat' dir='ltr'><strong>vel</strong></span> <span class='ocrx_word' id='word_1_64' title='bbox 1347 1157 1551 1224; x_wconf 78' lang='lat' dir='ltr'><strong>quocunqne·</strong></span> 
     </span>
     <span class='ocr_line' id='line_1_9' title="bbox 412 1243 1550 1332; baseline -0.005 -18"><span class='ocrx_word' id='word_1_65' title='bbox 412 1250 535 1314; x_wconf 89' lang='lat' dir='ltr'><strong>vellent</strong></span> <span class='ocrx_word' id='word_1_66' title='bbox 559 1247 617 1332; x_wconf 90' lang='lat' dir='ltr'><strong>ire,</strong></span> <span class='ocrx_word' id='word_1_67' title='bbox 644 1249 802 1315; x_wconf 88' lang='lat' dir='ltr'><strong>baberent</strong></span> <span class='ocrx_word' id='word_1_68' title='bbox 819 1249 1015 1316; x_wconf 80' lang='lat' dir='ltr'><strong>facultatem.</strong></span> <span class='ocrx_word' id='word_1_69' title='bbox 1042 1249 1198 1315; x_wconf 89' lang='lat' dir='ltr'><strong>Preterea</strong></span> <span class='ocrx_word' id='word_1_70' title='bbox 1221 1267 1280 1314; x_wconf 91' lang='lat' dir='ltr'><strong>nos</strong></span> <span class='ocrx_word' id='word_1_71' title='bbox 1306 1245 1393 1312; x_wconf 85' lang='lat' dir='ltr'><strong>dieto</strong></span> <span class='ocrx_word' id='word_1_72' title='bbox 1411 1243 1550 1311; x_wconf 80' lang='lat' dir='ltr'><strong>Andree</strong></span> 
     </span>
     <span class='ocr_line' id='line_1_10' title="bbox 412 1352 1550 1442; baseline -0.005 -20"><span class='ocrx_word' id='word_1_73' title='bbox 412 1377 471 1442; x_wconf 92' lang='lat' dir='ltr'><strong>pro</strong></span> <span class='ocrx_word' id='word_1_74' title='bbox 487 1375 546 1424; x_wconf 88' lang='lat' dir='ltr'><strong>suo</strong></span> <span class='ocrx_word' id='word_1_75' title='bbox 562 1355 648 1422; x_wconf 85' lang='lat' dir='ltr'><strong>fideli</strong></span> <span class='ocrx_word' id='word_1_76' title='bbox 666 1356 815 1440; x_wconf 88' lang='lat' dir='ltr'><strong>seruicio,</strong></span> <span class='ocrx_word' id='word_1_77' title='bbox 842 1355 929 1438; x_wconf 86' lang='lat' dir='ltr'><strong>quod</strong></span> <span class='ocrx_word' id='word_1_78' title='bbox 944 1355 1038 1422; x_wconf 91' lang='lat' dir='ltr'><strong>nobis</strong></span> <span class='ocrx_word' id='word_1_79' title='bbox 1054 1355 1138 1422; x_wconf 81' lang='lat' dir='ltr'><strong>infra</strong></span> <span class='ocrx_word' id='word_1_80' title='bbox 1154 1357 1208 1423; x_wconf 92' lang='lat' dir='ltr'><strong>vel</strong></span> <span class='ocrx_word' id='word_1_81' title='bbox 1234 1361 1327 1420; x_wconf 85' lang='lat' dir='ltr'><strong>extra</strong></span> <span class='ocrx_word' id='word_1_82' title='bbox 1342 1355 1493 1438; x_wconf 81' lang='lat' dir='ltr'>Regnum</span> <span class='ocrx_word' id='word_1_83' title='bbox 1512 1352 1550 1416; x_wconf 93' lang='lat' dir='ltr'><strong>in</strong></span> 
     </span>
     <span class='ocr_line' id='line_1_11' title="bbox 413 1461 1549 1550; baseline -0.002 -22"><span class='ocrx_word' id='word_1_84' title='bbox 413 1462 584 1550; x_wconf 81' lang='lat' dir='ltr'><strong>legacione</strong></span> <span class='ocrx_word' id='word_1_85' title='bbox 600 1463 668 1530; x_wconf 90' lang='lat' dir='ltr'><strong>suis</strong></span> <span class='ocrx_word' id='word_1_86' title='bbox 693 1463 834 1548; x_wconf 90' lang='lat' dir='ltr'><strong>proprijs</strong></span> <span class='ocrx_word' id='word_1_87' title='bbox 851 1463 1003 1549; x_wconf 81' lang='lat' dir='ltr'>expensis</span> <span class='ocrx_word' id='word_1_88' title='bbox 1028 1463 1185 1546; x_wconf 88' lang='lat' dir='ltr'><strong>exhibuit,</strong></span> <span class='ocrx_word' id='word_1_89' title='bbox 1212 1463 1246 1528; x_wconf 89' lang='lat' dir='ltr'><strong>in</strong></span> <span class='ocrx_word' id='word_1_90' title='bbox 1262 1461 1549 1548; x_wconf 86' lang='lat' dir='ltr'><strong>recompensacio·</strong></span> 
     </span>
     <span class='ocr_line' id='line_1_12' title="bbox 413 1567 1546 1654; baseline -0.004 -16"><span class='ocrx_word' id='word_1_91' title='bbox 413 1589 488 1638; x_wconf 90' lang='lat' dir='ltr'><strong>nem</strong></span> <span class='ocrx_word' id='word_1_92' title='bbox 503 1591 633 1638; x_wconf 91' lang='lat' dir='ltr'><strong>suornm</strong></span> <span class='ocrx_word' id='word_1_93' title='bbox 656 1570 801 1637; x_wconf 84' lang='lat' dir='ltr'><strong>fidelium</strong></span> <span class='ocrx_word' id='word_1_94' title='bbox 827 1570 1045 1654; x_wconf 86' lang='lat' dir='ltr'><strong>seruiciorum,</strong></span> <span class='ocrx_word' id='word_1_95' title='bbox 1063 1571 1243 1637; x_wconf 82' lang='lat' dir='ltr'><strong>addictam</strong></span> <span class='ocrx_word' id='word_1_96' title='bbox 1268 1576 1390 1636; x_wconf 83' lang='lat' dir='ltr'><strong>terram</strong></span> <span class='ocrx_word' id='word_1_97' title='bbox 1415 1567 1546 1634; x_wconf 80' lang='lat' dir='ltr'><strong>addidi-</strong></span> 
     </span>
     <span class='ocr_line' id='line_1_13' title="bbox 414 1677 1546 1766; baseline -0.003 -21"><span class='ocrx_word' id='word_1_98' title='bbox 414 1699 486 1746; x_wconf 89' lang='lat' dir='ltr'><strong>mus</strong></span> <span class='ocrx_word' id='word_1_99' title='bbox 502 1677 665 1763; x_wconf 86' lang='lat' dir='ltr'><strong>quandam</strong></span> <span class='ocrx_word' id='word_1_100' title='bbox 676 1683 797 1745; x_wconf 88' lang='lat' dir='ltr'><strong>terram</strong></span> <span class='ocrx_word' id='word_1_101' title='bbox 807 1679 850 1745; x_wconf 89' lang='lat' dir='ltr'><strong>ad</strong></span> <span class='ocrx_word' id='word_1_102' title='bbox 866 1679 931 1746; x_wconf 88' lang='lat' dir='ltr'><strong>duo</strong></span> <span class='ocrx_word' id='word_1_103' title='bbox 948 1684 1067 1763; x_wconf 89' lang='lat' dir='ltr'><strong>aratra,</strong></span> <span class='ocrx_word' id='word_1_104' title='bbox 1085 1687 1266 1766; x_wconf 82' lang='lat' dir='ltr'><strong>exemptam</strong></span> <span class='ocrx_word' id='word_1_105' title='bbox 1282 1678 1546 1758; x_wconf 83' lang='lat' dir='ltr'><strong>deterraBelsa,</strong></span> 
     </span>
     <span class='ocr_line' id='line_1_14' title="bbox 415 1783 1549 1872; baseline -0.007 -18"><span class='ocrx_word' id='word_1_106' title='bbox 415 1795 448 1854; x_wconf 89' lang='lat' dir='ltr'><strong>et</strong></span> <span class='ocrx_word' id='word_1_107' title='bbox 464 1787 505 1852; x_wconf 87' lang='lat' dir='ltr'><strong>de</strong></span> <span class='ocrx_word' id='word_1_108' title='bbox 521 1787 691 1871; x_wconf 84' lang='lat' dir='ltr'><strong>Ketenten,</strong></span> <span class='ocrx_word' id='word_1_109' title='bbox 708 1786 797 1852; x_wconf 87' lang='lat' dir='ltr'><strong>etde</strong></span> <span class='ocrx_word' id='word_1_110' title='bbox 812 1785 921 1852; x_wconf 85' lang='lat' dir='ltr'><strong>Scina.</strong></span> <span class='ocrx_word' id='word_1_111' title='bbox 947 1783 1046 1852; x_wconf 76' lang='lat' dir='ltr'><strong>(iuius</strong></span> <span class='ocrx_word' id='word_1_112' title='bbox 1063 1792 1150 1852; x_wconf 93' lang='lat' dir='ltr'><strong>terre</strong></span> <span class='ocrx_word' id='word_1_113' title='bbox 1167 1787 1272 1872; x_wconf 89' lang='lat' dir='ltr'><strong>prima</strong></span> <span class='ocrx_word' id='word_1_114' title='bbox 1287 1793 1378 1852; x_wconf 84' lang='lat' dir='ltr'><strong>meta</strong></span> <span class='ocrx_word' id='word_1_115' title='bbox 1394 1783 1510 1868; x_wconf 80' lang='lat' dir='ltr'><strong>incipit</strong></span> <span class='ocrx_word' id='word_1_116' title='bbox 1525 1803 1549 1846; x_wconf 85' lang='lat' dir='ltr'><strong>a</strong></span> 
     </span>
     <span class='ocr_line' id='line_1_15' title="bbox 415 1893 1547 1978; baseline -0.005 -18"><span class='ocrx_word' id='word_1_117' title='bbox 415 1893 551 1961; x_wconf 86' lang='lat' dir='ltr'><strong>termino</strong></span> <span class='ocrx_word' id='word_1_118' title='bbox 569 1893 675 1961; x_wconf 89' lang='lat' dir='ltr'><strong>ciuilis</strong></span> <span class='ocrx_word' id='word_1_119' title='bbox 691 1894 790 1978; x_wconf 89' lang='lat' dir='ltr'><strong>Bilsa,</strong></span> <span class='ocrx_word' id='word_1_120' title='bbox 808 1893 1020 1978; x_wconf 85' lang='lat' dir='ltr'><strong>superviam,</strong></span> <span class='ocrx_word' id='word_1_121' title='bbox 1041 1915 1103 1978; x_wconf 88' lang='lat' dir='ltr'><strong>que</strong></span> <span class='ocrx_word' id='word_1_122' title='bbox 1112 1894 1232 1960; x_wconf 86' lang='lat' dir='ltr'><strong>transit</strong></span> <span class='ocrx_word' id='word_1_123' title='bbox 1246 1895 1354 1960; x_wconf 88' lang='lat' dir='ltr'><strong>lacum</strong></span> <span class='ocrx_word' id='word_1_124' title='bbox 1372 1896 1491 1977; x_wconf 81' lang='lat' dir='ltr'><strong>Egrys,</strong></span> <span class='ocrx_word' id='word_1_125' title='bbox 1510 1897 1547 1954; x_wconf 86' lang='lat' dir='ltr'><strong>et</strong></span> 
     </span>
     <span class='ocr_line' id='line_1_16' title="bbox 415 1999 1548 2087; baseline -0.004 -18"><span class='ocrx_word' id='word_1_126' title='bbox 415 2000 802 2086; x_wconf 84' lang='lat' dir='ltr'><strong>vaditaduillaanoina,</strong></span> <span class='ocrx_word' id='word_1_127' title='bbox 820 2009 852 2067; x_wconf 93' lang='lat' dir='ltr'><strong>et</strong></span> <span class='ocrx_word' id='word_1_128' title='bbox 861 2001 937 2070; x_wconf 91' lang='lat' dir='ltr'><strong>inde</strong></span> <span class='ocrx_word' id='word_1_129' title='bbox 945 2001 1048 2069; x_wconf 86' lang='lat' dir='ltr'><strong>tendit</strong></span> <span class='ocrx_word' id='word_1_130' title='bbox 1058 2003 1100 2068; x_wconf 90' lang='lat' dir='ltr'><strong>ad</strong></span> <span class='ocrx_word' id='word_1_131' title='bbox 1112 2021 1264 2087; x_wconf 85' lang='lat' dir='ltr'><strong>magnam</strong></span> <span class='ocrx_word' id='word_1_132' title='bbox 1274 2003 1375 2086; x_wconf 87' lang='lat' dir='ltr'><strong>viam,</strong></span> <span class='ocrx_word' id='word_1_133' title='bbox 1394 1999 1477 2067; x_wconf 89' lang='lat' dir='ltr'><strong>etde</strong></span> <span class='ocrx_word' id='word_1_134' title='bbox 1490 1999 1548 2064; x_wconf 77' lang='lat' dir='ltr'><strong>via</strong></span> 
     </span>
     <span class='ocr_line' id='line_1_17' title="bbox 415 2107 1545 2196; baseline -0.008 -16"><span class='ocrx_word' id='word_1_135' title='bbox 415 2109 535 2196; x_wconf 84' lang='lat' dir='ltr'><strong>sclapit</strong></span> <span class='ocrx_word' id='word_1_136' title='bbox 549 2129 608 2196; x_wconf 91' lang='lat' dir='ltr'><strong>per</strong></span> <span class='ocrx_word' id='word_1_137' title='bbox 624 2129 700 2175; x_wconf 89' lang='lat' dir='ltr'><strong>rura</strong></span> <span class='ocrx_word' id='word_1_138' title='bbox 716 2127 814 2194; x_wconf 86' lang='lat' dir='ltr'><strong>super</strong></span> <span class='ocrx_word' id='word_1_139' title='bbox 831 2109 1024 2182; x_wconf 83' lang='lat' dir='ltr'><strong>monticulos</strong></span> <span class='ocrx_word' id='word_1_140' title='bbox 1038 2111 1081 2176; x_wconf 87' lang='lat' dir='ltr'><strong>ad</strong></span> <span class='ocrx_word' id='word_1_141' title='bbox 1091 2110 1264 2194; x_wconf 77' lang='lat' dir='ltr'><strong>Rolchart5</strong></span> <span class='ocrx_word' id='word_1_142' title='bbox 1281 2111 1356 2175; x_wconf 90' lang='lat' dir='ltr'><strong>inde</strong></span> <span class='ocrx_word' id='word_1_143' title='bbox 1373 2107 1545 2175; x_wconf 84' lang='lat' dir='ltr'><strong>descendit</strong></span> 
     </span>
     <span class='ocr_line' id='line_1_18' title="bbox 415 2215 1546 2303; baseline -0.003 -19"><span class='ocrx_word' id='word_1_144' title='bbox 415 2217 460 2284; x_wconf 89' lang='lat' dir='ltr'><strong>ad</strong></span> <span class='ocrx_word' id='word_1_145' title='bbox 475 2235 628 2300; x_wconf 82' lang='lat' dir='ltr'><strong>magnam</strong></span> <span class='ocrx_word' id='word_1_146' title='bbox 644 2218 741 2303; x_wconf 84' lang='lat' dir='ltr'><strong>viam,</strong></span> <span class='ocrx_word' id='word_1_147' title='bbox 759 2224 851 2284; x_wconf 83' lang='lat' dir='ltr'><strong>otest</strong></span> <span class='ocrx_word' id='word_1_148' title='bbox 867 2225 963 2302; x_wconf 84' lang='lat' dir='ltr'><strong>meta,</strong></span> <span class='ocrx_word' id='word_1_149' title='bbox 981 2237 1044 2301; x_wconf 89' lang='lat' dir='ltr'><strong>que</strong></span> <span class='ocrx_word' id='word_1_150' title='bbox 1055 2217 1172 2284; x_wconf 88' lang='lat' dir='ltr'><strong>diuidit</strong></span> <span class='ocrx_word' id='word_1_151' title='bbox 1187 2224 1276 2284; x_wconf 88' lang='lat' dir='ltr'><strong>terra</strong></span> <span class='ocrx_word' id='word_1_152' title='bbox 1291 2215 1377 2303; x_wconf 86' lang='lat' dir='ltr'><strong>(igy)</strong></span> <span class='ocrx_word' id='word_1_153' title='bbox 1389 2217 1546 2282; x_wconf 86' lang='lat' dir='ltr'><strong>Bolehart</strong></span> 
     </span>
     <span class='ocr_line' id='line_1_19' title="bbox 416 2322 1544 2408; baseline -0.004 -18"><span class='ocrx_word' id='word_1_154' title='bbox 416 2331 449 2390; x_wconf 91' lang='lat' dir='ltr'><strong>et</strong></span> <span class='ocrx_word' id='word_1_155' title='bbox 464 2324 579 2407; x_wconf 82' lang='lat' dir='ltr'><strong>Socol;</strong></span> <span class='ocrx_word' id='word_1_156' title='bbox 605 2331 638 2389; x_wconf 92' lang='lat' dir='ltr'><strong>et</strong></span> <span class='ocrx_word' id='word_1_157' title='bbox 653 2322 730 2389; x_wconf 92' lang='lat' dir='ltr'><strong>inde</strong></span> <span class='ocrx_word' id='word_1_158' title='bbox 746 2323 839 2390; x_wconf 86' lang='lat' dir='ltr'><strong>vadit</strong></span> <span class='ocrx_word' id='word_1_159' title='bbox 863 2322 906 2388; x_wconf 88' lang='lat' dir='ltr'><strong>ad</strong></span> <span class='ocrx_word' id='word_1_160' title='bbox 928 2324 1086 2408; x_wconf 80' lang='lat' dir='ltr'><strong>arborem,</strong></span> <span class='ocrx_word' id='word_1_161' title='bbox 1113 2324 1173 2390; x_wconf 92' lang='lat' dir='ltr'><strong>sub</strong></span> <span class='ocrx_word' id='word_1_162' title='bbox 1190 2344 1255 2408; x_wconf 89' lang='lat' dir='ltr'><strong>qua</strong></span> <span class='ocrx_word' id='word_1_163' title='bbox 1279 2332 1356 2390; x_wconf 88' lang='lat' dir='ltr'><strong>sunt</strong></span> <span class='ocrx_word' id='word_1_164' title='bbox 1380 2332 1485 2406; x_wconf 85' lang='lat' dir='ltr'><strong>mete;</strong></span> <span class='ocrx_word' id='word_1_165' title='bbox 1511 2331 1544 2387; x_wconf 84' lang='lat' dir='ltr'><strong>et</strong></span> 
     </span>
     <span class='ocr_line' id='line_1_20' title="bbox 414 2428 1544 2518; baseline -0.001 -23"><span class='ocrx_word' id='word_1_166' title='bbox 414 2428 491 2495; x_wconf 90' lang='lat' dir='ltr'><strong>inde</strong></span> <span class='ocrx_word' id='word_1_167' title='bbox 507 2429 622 2496; x_wconf 89' lang='lat' dir='ltr'><strong>diuidit</strong></span> <span class='ocrx_word' id='word_1_168' title='bbox 637 2437 757 2497; x_wconf 87' lang='lat' dir='ltr'><strong>terram</strong></span> <span class='ocrx_word' id='word_1_169' title='bbox 767 2432 989 2518; x_wconf 82' lang='lat' dir='ltr'><strong>Scescbphani</strong></span> <span class='ocrx_word' id='word_1_170' title='bbox 1007 2432 1050 2498; x_wconf 85' lang='lat' dir='ltr'><strong>ad</strong></span> <span class='ocrx_word' id='word_1_171' title='bbox 1066 2453 1164 2498; x_wconf 88' lang='lat' dir='ltr'><strong>unum</strong></span> <span class='ocrx_word' id='word_1_172' title='bbox 1182 2440 1343 2516; x_wconf 82' lang='lat' dir='ltr'><strong>aratrum3</strong></span> <span class='ocrx_word' id='word_1_173' title='bbox 1364 2433 1443 2499; x_wconf 87' lang='lat' dir='ltr'><strong>inde</strong></span> <span class='ocrx_word' id='word_1_174' title='bbox 1451 2431 1544 2498; x_wconf 85' lang='lat' dir='ltr'><strong>vadit</strong></span> 
     </span>
     <span class='ocr_line' id='line_1_21' title="bbox 415 2539 1544 2627; baseline -0.003 -21"><span class='ocrx_word' id='word_1_175' title='bbox 415 2560 474 2627; x_wconf 89' lang='lat' dir='ltr'><strong>per</strong></span> <span class='ocrx_word' id='word_1_176' title='bbox 490 2540 617 2622; x_wconf 85' lang='lat' dir='ltr'><strong>siluam,</strong></span> <span class='ocrx_word' id='word_1_177' title='bbox 644 2545 677 2605; x_wconf 90' lang='lat' dir='ltr'><strong>et</strong></span> <span class='ocrx_word' id='word_1_178' title='bbox 692 2541 781 2608; x_wconf 85' lang='lat' dir='ltr'><strong>venit</strong></span> <span class='ocrx_word' id='word_1_179' title='bbox 796 2539 839 2606; x_wconf 88' lang='lat' dir='ltr'><strong>ad</strong></span> <span class='ocrx_word' id='word_1_180' title='bbox 855 2541 954 2626; x_wconf 88' lang='lat' dir='ltr'><strong>viam,</strong></span> <span class='ocrx_word' id='word_1_181' title='bbox 980 2561 1043 2624; x_wconf 88' lang='lat' dir='ltr'><strong>que</strong></span> <span class='ocrx_word' id='word_1_182' title='bbox 1063 2541 1151 2608; x_wconf 87' lang='lat' dir='ltr'><strong>ducit</strong></span> <span class='ocrx_word' id='word_1_183' title='bbox 1166 2541 1210 2607; x_wconf 91' lang='lat' dir='ltr'><strong>ad</strong></span> <span class='ocrx_word' id='word_1_184' title='bbox 1224 2540 1358 2624; x_wconf 80' lang='lat' dir='ltr'><strong>Enislre,</strong></span> <span class='ocrx_word' id='word_1_185' title='bbox 1383 2547 1417 2605; x_wconf 92' lang='lat' dir='ltr'><strong>et</strong></span> <span class='ocrx_word' id='word_1_186' title='bbox 1431 2541 1477 2605; x_wconf 94' lang='lat' dir='ltr'><strong>ibi</strong></span> <span class='ocrx_word' id='word_1_187' title='bbox 1494 2545 1544 2604; x_wconf 86' lang='lat' dir='ltr'><strong>est</strong></span> 
     </span>
     <span class='ocr_line' id='line_1_22' title="bbox 415 2645 1544 2736; baseline -0.001 -24"><span class='ocrx_word' id='word_1_188' title='bbox 415 2651 513 2731; x_wconf 87' lang='lat' dir='ltr'><strong>meta,</strong></span> <span class='ocrx_word' id='word_1_189' title='bbox 530 2652 562 2713; x_wconf 87' lang='lat' dir='ltr'><strong>et</strong></span> <span class='ocrx_word' id='word_1_190' title='bbox 577 2645 671 2712; x_wconf 86' lang='lat' dir='ltr'><strong>vadit</strong></span> <span class='ocrx_word' id='word_1_191' title='bbox 687 2648 730 2713; x_wconf 90' lang='lat' dir='ltr'><strong>ad</strong></span> <span class='ocrx_word' id='word_1_192' title='bbox 746 2667 832 2733; x_wconf 90' lang='lat' dir='ltr'><strong>rura,</strong></span> <span class='ocrx_word' id='word_1_193' title='bbox 850 2655 882 2714; x_wconf 90' lang='lat' dir='ltr'><strong>et</strong></span> <span class='ocrx_word' id='word_1_194' title='bbox 898 2655 946 2715; x_wconf 85' lang='lat' dir='ltr'><strong>cst</strong></span> <span class='ocrx_word' id='word_1_195' title='bbox 963 2657 1058 2736; x_wconf 89' lang='lat' dir='ltr'><strong>meta,</strong></span> <span class='ocrx_word' id='word_1_196' title='bbox 1080 2655 1113 2715; x_wconf 88' lang='lat' dir='ltr'><strong>et</strong></span> <span class='ocrx_word' id='word_1_197' title='bbox 1127 2647 1205 2715; x_wconf 87' lang='lat' dir='ltr'><strong>inde</strong></span> <span class='ocrx_word' id='word_1_198' title='bbox 1217 2648 1366 2735; x_wconf 89' lang='lat' dir='ltr'><strong>procedit</strong></span> <span class='ocrx_word' id='word_1_199' title='bbox 1380 2649 1443 2714; x_wconf 88' lang='lat' dir='ltr'><strong>sub</strong></span> <span class='ocrx_word' id='word_1_200' title='bbox 1453 2648 1544 2713; x_wconf 90' lang='lat' dir='ltr'><strong>curia</strong></span> 
     </span>
     <span class='ocr_line' id='line_1_23' title="bbox 415 2752 1542 2840; baseline -0.004 -18"><span class='ocrx_word' id='word_1_201' title='bbox 415 2755 529 2839; x_wconf 86' lang='lat' dir='ltr'><strong>Sceob,</strong></span> <span class='ocrx_word' id='word_1_202' title='bbox 546 2761 580 2821; x_wconf 87' lang='lat' dir='ltr'><strong>et</strong></span> <span class='ocrx_word' id='word_1_203' title='bbox 594 2752 640 2820; x_wconf 93' lang='lat' dir='ltr'><strong>ibi</strong></span> <span class='ocrx_word' id='word_1_204' title='bbox 656 2760 706 2820; x_wconf 86' lang='lat' dir='ltr'><strong>est</strong></span> <span class='ocrx_word' id='word_1_205' title='bbox 720 2761 819 2839; x_wconf 87' lang='lat' dir='ltr'><strong>meta,</strong></span> <span class='ocrx_word' id='word_1_206' title='bbox 841 2761 873 2822; x_wconf 91' lang='lat' dir='ltr'><strong>et</strong></span> <span class='ocrx_word' id='word_1_207' title='bbox 889 2755 982 2824; x_wconf 89' lang='lat' dir='ltr'><strong>vadit</strong></span> <span class='ocrx_word' id='word_1_208' title='bbox 997 2763 1082 2824; x_wconf 90' lang='lat' dir='ltr'><strong>retro</strong></span> <span class='ocrx_word' id='word_1_209' title='bbox 1099 2763 1202 2823; x_wconf 88' lang='lat' dir='ltr'><strong>ortum</strong></span> <span class='ocrx_word' id='word_1_210' title='bbox 1221 2758 1324 2824; x_wconf 87' lang='lat' dir='ltr'><strong>Scech</strong></span> <span class='ocrx_word' id='word_1_211' title='bbox 1340 2754 1385 2822; x_wconf 88' lang='lat' dir='ltr'><strong>ad</strong></span> <span class='ocrx_word' id='word_1_212' title='bbox 1400 2761 1542 2840; x_wconf 79' lang='lat' dir='ltr'><strong>pratum,</strong></span> 
     </span>
     <span class='ocr_line' id='line_1_24' title="bbox 416 2861 1544 2949; baseline -0.001 -20"><span class='ocrx_word' id='word_1_213' title='bbox 416 2868 449 2930; x_wconf 90' lang='lat' dir='ltr'><strong>et</strong></span> <span class='ocrx_word' id='word_1_214' title='bbox 464 2868 514 2929; x_wconf 87' lang='lat' dir='ltr'><strong>est</strong></span> <span class='ocrx_word' id='word_1_215' title='bbox 537 2868 642 2946; x_wconf 76' lang='lat' dir='ltr'><strong>meta,</strong></span> <span class='ocrx_word' id='word_1_216' title='bbox 668 2869 701 2928; x_wconf 92' lang='lat' dir='ltr'><strong>et</strong></span> <span class='ocrx_word' id='word_1_217' title='bbox 717 2863 808 2930; x_wconf 86' lang='lat' dir='ltr'><strong>vadit</strong></span> <span class='ocrx_word' id='word_1_218' title='bbox 824 2863 867 2929; x_wconf 88' lang='lat' dir='ltr'><strong>ad</strong></span> <span class='ocrx_word' id='word_1_219' title='bbox 882 2863 979 2949; x_wconf 86' lang='lat' dir='ltr'><strong>viam,</strong></span> <span class='ocrx_word' id='word_1_220' title='bbox 1007 2883 1069 2948; x_wconf 87' lang='lat' dir='ltr'><strong>que</strong></span> <span class='ocrx_word' id='word_1_221' title='bbox 1085 2864 1174 2931; x_wconf 87' lang='lat' dir='ltr'><strong>ducit</strong></span> <span class='ocrx_word' id='word_1_222' title='bbox 1194 2866 1238 2931; x_wconf 88' lang='lat' dir='ltr'><strong>ad</strong></span> <span class='ocrx_word' id='word_1_223' title='bbox 1261 2863 1395 2932; x_wconf 87' lang='lat' dir='ltr'><strong>fluuium</strong></span> <span class='ocrx_word' id='word_1_224' title='bbox 1411 2861 1544 2931; x_wconf 86' lang='lat' dir='ltr'><strong>Homad</strong></span> 
     </span>
     <span class='ocr_line' id='line_1_25' title="bbox 415 2969 1544 3057; baseline 0 -21"><span class='ocrx_word' id='word_1_225' title='bbox 415 2971 459 3036; x_wconf 87' lang='lat' dir='ltr'><strong>ad</strong></span> <span class='ocrx_word' id='word_1_226' title='bbox 474 2969 617 3057; x_wconf 87' lang='lat' dir='ltr'><strong>priorem</strong></span> <span class='ocrx_word' id='word_1_227' title='bbox 632 2977 762 3036; x_wconf 89' lang='lat' dir='ltr'><strong>metam.</strong></span> <span class='ocrx_word' id='word_1_228' title='bbox 790 2973 853 3036; x_wconf 93' lang='lat' dir='ltr'><strong>Pro</strong></span> <span class='ocrx_word' id='word_1_229' title='bbox 869 2990 934 3055; x_wconf 89' lang='lat' dir='ltr'><strong>qua</strong></span> <span class='ocrx_word' id='word_1_230' title='bbox 949 2991 1009 3038; x_wconf 89' lang='lat' dir='ltr'><strong>nos</strong></span> <span class='ocrx_word' id='word_1_231' title='bbox 1035 2972 1230 3057; x_wconf 82' lang='lat' dir='ltr'><strong>peticionem</strong></span> <span class='ocrx_word' id='word_1_232' title='bbox 1246 2973 1413 3057; x_wconf 83' lang='lat' dir='ltr'><strong>utriusque</strong></span> <span class='ocrx_word' id='word_1_233' title='bbox 1438 2971 1544 3056; x_wconf 80' lang='lat' dir='ltr'><strong>partis</strong></span> 
     </span>
     <span class='ocr_line' id='line_1_26' title="bbox 414 3077 1543 3163; baseline -0.001 -19"><span class='ocrx_word' id='word_1_234' title='bbox 414 3077 659 3146; x_wconf 81' lang='lat' dir='ltr'><strong>consencientes</strong></span> <span class='ocrx_word' id='word_1_235' title='bbox 675 3083 859 3163; x_wconf 85' lang='lat' dir='ltr'><strong>presentem</strong></span> <span class='ocrx_word' id='word_1_236' title='bbox 875 3078 1032 3163; x_wconf 82' lang='lat' dir='ltr'><strong>paginam</strong></span> <span class='ocrx_word' id='word_1_237' title='bbox 1048 3079 1149 3163; x_wconf 79' lang='lat' dir='ltr'><strong>sigilli</strong></span> <span class='ocrx_word' id='word_1_238' title='bbox 1158 3082 1260 3148; x_wconf 89' lang='lat' dir='ltr'><strong>nostri</strong></span> <span class='ocrx_word' id='word_1_239' title='bbox 1275 3080 1453 3147; x_wconf 86' lang='lat' dir='ltr'><strong>munimine</strong></span> <span class='ocrx_word' id='word_1_240' title='bbox 1468 3079 1543 3146; x_wconf 83' lang='lat' dir='ltr'><strong>feci·</strong></span> 
     </span>
     <span class='ocr_line' id='line_1_27' title="bbox 415 3185 1545 3275; baseline 0 -23"><span class='ocrx_word' id='word_1_241' title='bbox 415 3206 487 3252; x_wconf 87' lang='lat' dir='ltr'><strong>mus</strong></span> <span class='ocrx_word' id='word_1_242' title='bbox 502 3185 658 3252; x_wconf 82' lang='lat' dir='ltr'><strong>roborari.</strong></span> <span class='ocrx_word' id='word_1_243' title='bbox 676 3185 796 3251; x_wconf 91' lang='lat' dir='ltr'><strong>Datum</strong></span> <span class='ocrx_word' id='word_1_244' title='bbox 814 3203 871 3270; x_wconf 90' lang='lat' dir='ltr'><strong>per</strong></span> <span class='ocrx_word' id='word_1_245' title='bbox 889 3205 1005 3252; x_wconf 88' lang='lat' dir='ltr'><strong>manus</strong></span> <span class='ocrx_word' id='word_1_246' title='bbox 1015 3186 1141 3270; x_wconf 85' lang='lat' dir='ltr'><strong>Wgrini</strong></span> <span class='ocrx_word' id='word_1_247' title='bbox 1156 3187 1403 3275; x_wconf 88' lang='lat' dir='ltr'><strong>Arcbiepiscopi</strong></span> <span class='ocrx_word' id='word_1_248' title='bbox 1419 3195 1453 3254; x_wconf 88' lang='lat' dir='ltr'><strong>et</strong></span> <span class='ocrx_word' id='word_1_249' title='bbox 1468 3187 1545 3253; x_wconf 87' lang='lat' dir='ltr'><strong>anle</strong></span> 
     </span>
     <span class='ocr_line' id='line_1_28' title="bbox 414 3292 1544 3379; baseline -0.003 -17"><span class='ocrx_word' id='word_1_250' title='bbox 414 3293 515 3379; x_wconf 82' lang='lat' dir='ltr'><strong>Regis</strong></span> <span class='ocrx_word' id='word_1_251' title='bbox 525 3292 733 3376; x_wconf 79' lang='lat' dir='ltr'><strong>Cancellarij.</strong></span> <span class='ocrx_word' id='word_1_252' title='bbox 749 3295 843 3361; x_wconf 90' lang='lat' dir='ltr'><strong>Anno</strong></span> <span class='ocrx_word' id='word_1_253' title='bbox 860 3294 1285 3364; x_wconf 89' lang='lat' dir='ltr'><strong>Dominicelncarnaoionis</strong></span> <span class='ocrx_word' id='word_1_254' title='bbox 1301 3297 1346 3361; x_wconf 85' lang='lat' dir='ltr'><strong>bl⁰</strong></span> <span class='ocrx_word' id='word_1_255' title='bbox 1357 3293 1422 3361; x_wconf 78' lang='lat'><strong>00⁰</strong></span> <span class='ocrx_word' id='word_1_256' title='bbox 1432 3294 1544 3360; x_wconf 81' lang='lat' dir='ltr'><strong>XXX·</strong></span> 
     </span>
     <span class='ocr_line' id='line_1_29' title="bbox 414 3402 1546 3490; baseline -0.002 -20"><span class='ocrx_word' id='word_1_257' title='bbox 414 3403 460 3470; x_wconf 84' lang='lat' dir='ltr'><strong>II.⁰</strong></span> <span class='ocrx_word' id='word_1_258' title='bbox 488 3405 630 3471; x_wconf 88' lang='lat' dir='ltr'><strong>Roberto</strong></span> <span class='ocrx_word' id='word_1_259' title='bbox 656 3402 873 3487; x_wconf 83' lang='lat' dir='ltr'><strong>Strigoniensi</strong></span> <span class='ocrx_word' id='word_1_260' title='bbox 897 3402 1171 3490; x_wconf 88' lang='lat' dir='ltr'><strong>Archiepiscopo,</strong></span> <span class='ocrx_word' id='word_1_261' title='bbox 1206 3404 1341 3489; x_wconf 85' lang='lat' dir='ltr'><strong>Wgrino</strong></span> <span class='ocrx_word' id='word_1_262' title='bbox 1372 3402 1546 3472; x_wconf 79' lang='lat' dir='ltr'><strong>colocensi</strong></span> 
     </span>
     <span class='ocr_line' id='line_1_30' title="bbox 414 3507 1545 3596; baseline 0 -19"><span class='ocrx_word' id='word_1_263' title='bbox 414 3508 680 3595; x_wconf 86' lang='lat' dir='ltr'><strong>Archiepiscopis</strong></span> <span class='ocrx_word' id='word_1_264' title='bbox 697 3507 923 3594; x_wconf 83' lang='lat' dir='ltr'><strong>existentibus,</strong></span> <span class='ocrx_word' id='word_1_265' title='bbox 951 3510 1042 3577; x_wconf 84' lang='lat' dir='ltr'><strong>Oleto</strong></span> <span class='ocrx_word' id='word_1_266' title='bbox 1057 3511 1219 3595; x_wconf 82' lang='lat' dir='ltr'><strong>Agriensi,</strong></span> <span class='ocrx_word' id='word_1_267' title='bbox 1235 3511 1402 3596; x_wconf 88' lang='lat' dir='ltr'><strong>Stephano</strong></span> <span class='ocrx_word' id='word_1_268' title='bbox 1421 3513 1545 3596; x_wconf 77' lang='lat' dir='ltr'><strong>Zagra-</strong></span> 
     </span>
     <span class='ocr_line' id='line_1_31' title="bbox 414 3616 1546 3704; baseline 0.001 -21"><span class='ocrx_word' id='word_1_269' title='bbox 414 3617 531 3700; x_wconf 92' lang='lat' dir='ltr'><strong>biensi,</strong></span> <span class='ocrx_word' id='word_1_270' title='bbox 548 3616 776 3684; x_wconf 91' lang='lat' dir='ltr'><strong>Bartholomco</strong></span> <span class='ocrx_word' id='word_1_271' title='bbox 787 3617 1023 3702; x_wconf 87' lang='lat' dir='ltr'><strong>Bezprimiensi</strong></span> <span class='ocrx_word' id='word_1_272' title='bbox 1034 3617 1207 3704; x_wconf 81' lang='lat' dir='ltr'><strong>Episcopis</strong></span> <span class='ocrx_word' id='word_1_273' title='bbox 1223 3619 1389 3685; x_wconf 77' lang='lat' dir='ltr'><strong>Ecclesiae</strong></span> <span class='ocrx_word' id='word_1_274' title='bbox 1404 3617 1546 3686; x_wconf 84' lang='lat' dir='ltr'><strong>feliciter</strong></span> 
     </span>
     <span class='ocr_line' id='line_1_32' title="bbox 414 3723 1544 3812; baseline 0.002 -23"><span class='ocrx_word' id='word_1_275' title='bbox 414 3723 690 3808; x_wconf 72' lang='lat' dir='ltr'><strong>gubernantibus,</strong></span> <span class='ocrx_word' id='word_1_276' title='bbox 716 3723 830 3808; x_wconf 86' lang='lat' dir='ltr'><strong>Moyse</strong></span> <span class='ocrx_word' id='word_1_277' title='bbox 856 3723 1007 3790; x_wconf 90' lang='lat' dir='ltr'><strong>Palatino</strong></span> <span class='ocrx_word' id='word_1_278' title='bbox 1034 3725 1160 3792; x_wconf 82' lang='lat' dir='ltr'><strong>Comite</strong></span> <span class='ocrx_word' id='word_1_279' title='bbox 1185 3726 1353 3808; x_wconf 82' lang='lat' dir='ltr'><strong>existente,</strong></span> <span class='ocrx_word' id='word_1_280' title='bbox 1380 3727 1544 3812; x_wconf 81' lang='lat' dir='ltr'><strong>Dyonisio</strong></span> 
     </span>
     <span class='ocr_line' id='line_1_33' title="bbox 413 3828 1544 3918; baseline 0.004 -22"><span class='ocrx_word' id='word_1_281' title='bbox 413 3828 572 3913; x_wconf 81' lang='lat' dir='ltr'><strong>Magistro</strong></span> <span class='ocrx_word' id='word_1_282' title='bbox 583 3829 847 3916; x_wconf 84' lang='lat' dir='ltr'><strong>Tauarnioorum,</strong></span> <span class='ocrx_word' id='word_1_283' title='bbox 865 3830 1022 3900; x_wconf 85' lang='lat' dir='ltr'><strong>Ladizlao</strong></span> <span class='ocrx_word' id='word_1_284' title='bbox 1033 3832 1151 3900; x_wconf 71' lang='lat' dir='ltr'><strong>iudice</strong></span> <span class='ocrx_word' id='word_1_285' title='bbox 1167 3833 1242 3899; x_wconf 87' lang='lat' dir='ltr'><strong>aule</strong></span> <span class='ocrx_word' id='word_1_286' title='bbox 1253 3833 1354 3916; x_wconf 87' lang='lat' dir='ltr'><strong>Regis</strong></span> <span class='ocrx_word' id='word_1_287' title='bbox 1372 3834 1544 3918; x_wconf 82' lang='lat' dir='ltr'><strong>existente,</strong></span> 
     </span>
     <span class='ocr_line' id='line_1_34' title="bbox 413 3937 1545 4024; baseline 0.002 -20"><span class='ocrx_word' id='word_1_288' title='bbox 413 3937 509 4004; x_wconf 87' lang='lat' dir='ltr'><strong>Petro</strong></span> <span class='ocrx_word' id='word_1_289' title='bbox 526 3937 651 4004; x_wconf 82' lang='lat' dir='ltr'><strong>Gemite</strong></span> <span class='ocrx_word' id='word_1_290' title='bbox 676 3937 764 4002; x_wconf 90' lang='lat' dir='ltr'><strong>Noui</strong></span> <span class='ocrx_word' id='word_1_291' title='bbox 791 3938 908 4022; x_wconf 80' lang='lat' dir='ltr'><strong>Oastri,</strong></span> <span class='ocrx_word' id='word_1_292' title='bbox 935 3939 1006 4006; x_wconf 80' lang='lat' dir='ltr'><strong>Edo</strong></span> <span class='ocrx_word' id='word_1_293' title='bbox 1023 3939 1148 4008; x_wconf 83' lang='lat' dir='ltr'><strong>Comite</strong></span> <span class='ocrx_word' id='word_1_294' title='bbox 1174 3939 1378 4024; x_wconf 88' lang='lat' dir='ltr'><strong>Pcsonieusi,</strong></span> <span class='ocrx_word' id='word_1_295' title='bbox 1403 3940 1545 4009; x_wconf 82' lang='lat' dir='ltr'><strong>Nicolao</strong></span> 
     </span>
     <span class='ocr_line' id='line_1_35' title="bbox 413 4043 1545 4136; baseline 0.005 -24"><span class='ocrx_word' id='word_1_296' title='bbox 413 4045 480 4114; x_wconf 87' lang='lat' dir='ltr'><strong>lilio</strong></span> <span class='ocrx_word' id='word_1_297' title='bbox 496 4045 614 4112; x_wconf 90' lang='lat' dir='ltr'><strong>Burieh</strong></span> <span class='ocrx_word' id='word_1_298' title='bbox 629 4043 747 4112; x_wconf 74' lang='lat' dir='ltr'><strong>iudice</strong></span> <span class='ocrx_word' id='word_1_299' title='bbox 773 4045 870 4112; x_wconf 82' lang='lat' dir='ltr'><strong>Curie</strong></span> <span class='ocrx_word' id='word_1_300' title='bbox 885 4048 1010 4132; x_wconf 79' lang='lat' dir='ltr'><strong>Regina</strong></span> <span class='ocrx_word' id='word_1_301' title='bbox 1033 4049 1212 4132; x_wconf 72' lang='lat' dir='ltr'><strong>existento,</strong></span> <span class='ocrx_word' id='word_1_302' title='bbox 1238 4047 1313 4132; x_wconf 87' lang='lat' dir='ltr'><strong>alijs</strong></span> <span class='ocrx_word' id='word_1_303' title='bbox 1330 4066 1430 4130; x_wconf 88' lang='lat' dir='ltr'><strong>quam</strong></span> <span class='ocrx_word' id='word_1_304' title='bbox 1447 4051 1545 4136; x_wconf 90' lang='lat' dir='ltr'><strong>pluri·</strong></span> 
     </span>
    </p>
   </div>
   <div class='ocr_carea' id='block_1_3' title="bbox 282 4151 1422 4242">
    <p class='ocr_par' dir='ltr' id='par_1_3' title="bbox 282 4151 1422 4242">
     <span class='ocr_line' id='line_1_36' title="bbox 282 4151 1422 4242; baseline -0.002 -22"><span class='ocrx_word' id='word_1_305' title='bbox 282 4188 290 4198; x_wconf 89' lang='lat'><em>-</em></span> <span class='ocrx_word' id='word_1_306' title='bbox 413 4155 472 4220; x_wconf 91' lang='lat' dir='ltr'><strong>bus</strong></span> <span class='ocrx_word' id='word_1_307' title='bbox 488 4151 666 4220; x_wconf 79' lang='lat' dir='ltr'><strong>Comitibus</strong></span> <span class='ocrx_word' id='word_1_308' title='bbox 683 4153 907 4241; x_wconf 88' lang='lat' dir='ltr'><strong>existentibus,</strong></span> <span class='ocrx_word' id='word_1_309' title='bbox 925 4175 1010 4225; x_wconf 93' lang='lat' dir='ltr'><strong>anno</strong></span> <span class='ocrx_word' id='word_1_310' title='bbox 1026 4157 1133 4242; x_wconf 81' lang='lat' dir='ltr'><strong>Regni</strong></span> <span class='ocrx_word' id='word_1_311' title='bbox 1150 4157 1252 4224; x_wconf 93' lang='lat' dir='ltr'><strong>nostri</strong></span> <span class='ocrx_word' id='word_1_312' title='bbox 1268 4155 1380 4222; x_wconf 78' lang='lat' dir='ltr'>XXX?</span> <span class='ocrx_word' id='word_1_313' title='bbox 1420 4195 1422 4200; x_wconf 83' lang='lat'><em>·</em></span> 
     </span>
    </p>
   </div>
   <div class='ocr_carea' id='block_1_4' title="bbox 412 4312 1543 4564">
    <p class='ocr_par' dir='ltr' id='par_1_4' title="bbox 412 4312 1543 4564">
     <span class='ocr_line' id='line_1_37' title="bbox 414 4312 1543 4386; baseline 0.004 -18"><span class='ocrx_word' id='word_1_314' title='bbox 414 4315 448 4380; x_wconf 82' lang='grc' dir='ltr'><strong>(Δ</strong></span> <span class='ocrx_word' id='word_1_315' title='bbox 457 4312 544 4380; x_wconf 73' lang='lat' dir='ltr'><strong>jbeabi</strong></span> <span class='ocrx_word' id='word_1_316' title='bbox 557 4315 730 4367; x_wconf 77' lang='lat' dir='ltr'><strong>konnentnelr</strong></span> <span class='ocrx_word' id='word_1_317' title='bbox 744 4317 856 4367; x_wconf 74' lang='lat' dir='ltr'><strong>last-ki</strong></span> <span class='ocrx_word' id='word_1_318' title='bbox 870 4318 957 4378; x_wconf 83' lang='lat' dir='ltr'><strong>„feria</strong></span> <span class='ocrx_word' id='word_1_319' title='bbox 967 4319 1086 4369; x_wconf 85' lang='lat' dir='ltr'><strong>secunda</strong></span> <span class='ocrx_word' id='word_1_320' title='bbox 1098 4323 1221 4386; x_wconf 80' lang='lat' dir='ltr'><strong>proxima</strong></span> <span class='ocrx_word' id='word_1_321' title='bbox 1230 4327 1292 4386; x_wconf 81' lang='lat' dir='ltr'><strong>post</strong></span> <span class='ocrx_word' id='word_1_322' title='bbox 1304 4319 1479 4370; x_wconf 79' lang='lat' dir='ltr'><strong>Ascensionis</strong></span> <span class='ocrx_word' id='word_1_323' title='bbox 1489 4323 1543 4372; x_wconf 90' lang='lat' dir='ltr'><strong>Do·</strong></span> 
     </span>
     <span class='ocr_line' id='line_1_38' title="bbox 412 4401 1542 4476; baseline 0.004 -20"><span class='ocrx_word' id='word_1_324' title='bbox 412 4404 559 4456; x_wconf 55' lang='lat' dir='ltr'><strong>minutato</strong></span> <span class='ocrx_word' id='word_1_325' title='bbox 568 4401 828 4471; x_wconf 70' lang='lat' dir='ltr'><strong>atirattbbl,melyet</strong></span> <span class='ocrx_word' id='word_1_326' title='bbox 837 4422 930 4472; x_wconf 82' lang='lat' dir='ltr'><strong>ugyan</strong></span> <span class='ocrx_word' id='word_1_327' title='bbox 940 4423 957 4456; x_wconf 89' lang='lat' dir='ltr'><strong>a</strong></span> <span class='ocrx_word' id='word_1_328' title='bbox 963 4405 1052 4471; x_wconf 71' lang='lat' dir='ltr'><strong>jasnbi</strong></span> <span class='ocrx_word' id='word_1_329' title='bbox 1063 4409 1447 4469; x_wconf 78' lang='lat' dir='ltr'><strong>konvent1³9tl.„ieriasexta</strong></span> <span class='ocrx_word' id='word_1_330' title='bbox 1455 4411 1542 4476; x_wconf 79' lang='lat' dir='ltr'><strong>proxi-</strong></span> 
     </span>
     <span class='ocr_line' id='line_1_39' title="bbox 413 4491 1541 4564; baseline 0.004 -19"><span class='ocrx_word' id='word_1_331' title='bbox 413 4509 458 4545; x_wconf 85' lang='lat' dir='ltr'><strong>ma</strong></span> <span class='ocrx_word' id='word_1_332' title='bbox 467 4495 703 4546; x_wconf 80' lang='lat' dir='ltr'><strong>anteDominieam</strong></span> <span class='ocrx_word' id='word_1_333' title='bbox 713 4491 872 4548; x_wconf 84' lang='lat' dir='ltr'><strong>invocavit“</strong></span> <span class='ocrx_word' id='word_1_334' title='bbox 882 4497 961 4550; x_wconf 76' lang='lat' dir='ltr'><strong>ismbt</strong></span> <span class='ocrx_word' id='word_1_335' title='bbox 971 4495 1048 4564; x_wconf 72' lang='lat' dir='ltr'><strong>sitim,</strong></span> <span class='ocrx_word' id='word_1_336' title='bbox 1059 4514 1075 4550; x_wconf 85' lang='lat' dir='ltr'><strong>a</strong></span> <span class='ocrx_word' id='word_1_337' title='bbox 1086 4500 1169 4552; x_wconf 83' lang='lat' dir='ltr'><strong>budai</strong></span> <span class='ocrx_word' id='word_1_338' title='bbox 1179 4499 1205 4550; x_wconf 86' lang='lat' dir='ltr'><strong>k.</strong></span> <span class='ocrx_word' id='word_1_339' title='bbox 1218 4501 1341 4552; x_wconf 68' lang='lat' dir='ltr'><strong>kunarai</strong></span> <span class='ocrx_word' id='word_1_340' title='bbox 1350 4497 1541 4564; x_wconf 64' lang='lat' dir='ltr'><strong>levbltbrbsn.)</strong></span> 
     </span>
    </p>
   </div>
   <div class='ocr_carea' id='block_1_5' title="bbox 878 4659 1080 4674">
    <p class='ocr_par' dir='ltr' id='par_1_5' title="bbox 878 4659 1080 4674">
     <span class='ocr_line' id='line_1_40' title="bbox 878 4659 1080 4674; baseline 0 0"><span class='ocrx_word' id='word_1_341' title='bbox 878 4659 1080 4674; x_wconf 59' lang='lat' dir='ltr'><strong>m</strong></span> 
     </span>
    </p>
   </div>
   <div class='ocr_carea' id='block_1_6' title="bbox 0 0 1625 5184">
    <p class='ocr_par' dir='ltr' id='par_1_6' title="bbox 0 0 1625 5184">
     <span class='ocr_line' id='line_1_41' title="bbox 0 0 1625 5184; baseline 0 0"><span class='ocrx_word' id='word_1_342' title='bbox 0 0 1625 5184; x_wconf 95' lang='lat' dir='ltr'><strong> </strong></span> 
     </span>
    </p>
   </div>
  </div>
 </body>
</html>
