3200 5182
905 909 983 980 233.

379 1107 423 1174 ΙΙ.
439 1108 547 1176 erere
562 1108 670 1196 kirdly
693 1109 866 1176 uzerzdddae
882 1110 978 1177 Ziaai
991 1111 1085 1178 Pc'ter
1110 1110 1260 1179 uehaczei
1284 1112 1414 1201 dupeuel
1424 1163 1431 1193 ,
1456 1113 1508 1180 nui·

420 1215 482 1284 dtu
499 1239 520 1283 u
536 1241 578 1287 uz.
589 1216 703 1304 Jbldre
718 1217 845 1304 heseba,
862 1244 876 1286 s
902 1219 1090 1287 Velencadtdl
1105 1221 1236 1308 bajolcut
1253 1222 1356 1288 coele
1374 1225 1473 1288 1217.

485 1414 565 1483 Cum
583 1416 743 1504 inspirata
760 1415 895 1484 coelitus
912 1423 1044 1504 pectora
1060 1415 1246 1485 Christiana
1260 1417 1442 1486 niterentur
1450 1419 1509 1485 Dei

379 1522 619 1610 Omnipotentis
634 1524 777 1592 cultores
794 1523 837 1592 ad
863 1524 1088 1592 liberationum
1113 1531 1219 1592 terrae
1233 1528 1390 1612 Sanctae,
1415 1547 1508 1611 qnam

379 1630 496 1698 Passio
513 1629 633 1698 Christi
648 1630 853 1717 primitiauit,
874 1630 930 1697 ubi
956 1632 1046 1697 Deus
1071 1633 1141 1699 Rex
1165 1637 1274 1698 noster
1295 1638 1376 1700 ante
1402 1635 1510 1700 secula

380 1745 533 1827 operatus
550 1746 600 1806 eut
616 1739 754 1808 salutem
775 1739 809 1806 iu
827 1739 933 1807 medio
949 1745 1067 1826 terrae,
1083 1760 1180 1826 qnam
1195 1741 1338 1826 peccatis
1355 1741 1510 1826 exigenti-

380 1848 440 1914 bus
456 1845 648 1935 possidebat
664 1849 753 1916 uatio
769 1846 948 1917 Christiani
968 1847 1109 1916 nominis
1130 1847 1287 1932 emulans,
1313 1857 1346 1916 et
1373 1871 1434 1936 pre
1459 1848 1510 1916 Ja-

382 1955 511 2024 dertina
528 1963 616 2024 terra
632 1958 675 2026 lis
691 1965 723 2026 et
739 1957 958 2026 controuersin
978 1957 1062 2025 inter
1077 1958 1183 2041 Reges
1198 1957 1390 2042 Hungariae
1406 1957 1509 2023 hacte-

378 2083 439 2131 nns
455 2073 487 2131 et
503 2067 611 2132 Duces
627 2064 821 2133 Venetorum
837 2063 933 2134 luerit
948 2063 1073 2132 diucius
1090 2064 1227 2148 agitata,
1250 2062 1311 2129 viri
1329 2061 1461 2148 prouidi
1478 2069 1507 2127 et

378 2173 601 2260 circumspecti
627 2173 776 2260 P(ontius
793 2172 834 2240 de
855 2169 972 2260 Cruce)
998 2171 1091 2240 Prior
1117 2171 1240 2239 Domus
1265 2169 1452 2256 Hospitalis
1468 2177 1507 2236 to-

376 2280 440 2348 tius
456 2279 654 2366 Hungariae,
672 2286 705 2346 et
720 2280 908 2348 Alexander
923 2279 1131 2366 Praepositae
1148 2277 1390 2346 Transiluanac
1403 2278 1506 2345 Eccle-

379 2390 450 2456 siae
465 2390 582 2475 Legati
598 2391 727 2458 Domini
744 2387 924 2476 Atndreae)
944 2389 1006 2456 Dei
1026 2387 1134 2474 gratia
1153 2386 1291 2456 illustris
1310 2385 1508 2470 Regisllnn·

377 2497 491 2582 gariae
514 2503 723 2564 accesserunt
750 2495 793 2564 ad
820 2497 1041 2582 praesentiam
1067 2495 1188 2563 domini
1214 2493 1301 2562 Petri
1328 2495 1424 2560 Ziani
1446 2495 1506 2573 Dei

377 2603 485 2689 gratia
499 2603 618 2689 lnelyti
635 2603 845 2670 venetiarum
861 2603 973 2688 Ducis,
991 2609 1023 2670 ot
1039 2604 1069 2670 ei
1086 2604 1199 2671 literas
1215 2601 1361 2670 eiusdem
1390 2600 1506 2667 domini

377 2711 478 2796 Regia
499 2731 597 2780 aureo
618 2710 721 2798 ipsius
746 2711 856 2796 sigillo
881 2711 1058 2798 impressas
1083 2710 1275 2794 obtulerunt,
1302 2729 1443 2795 quarum
1468 2717 1506 2776 te·

377 2841 436 2889 nor
457 2830 539 2890 erat.

482 2932 522 2998 Α.
539 2930 601 2998 Dci
618 2931 726 3016 gratia
741 2931 1018 3016 HungariaeRex,
1030 2929 1136 2996 amieo
1148 2947 1206 2996 suo
1216 2947 1314 3012 quam
1329 2929 1502 3014 plurimum

375 3036 541 3125 diligendo
557 3039 653 3107 Petro
669 3039 794 3106 Illustri
804 3039 1015 3106 Venetiarum
1033 3036 1118 3103 Duci
1133 3035 1269 3102 salutem
1287 3040 1321 3101 et
1337 3055 1422 3102 suae
1437 3035 1508 3102 ami·

377 3149 473 3215 ciliae
489 3149 735 3216 incrementum.
752 3146 884 3214 Fideles
901 3154 933 3214 ct
950 3145 1087 3213 dilectos
1102 3149 1230 3211 nostros
1240 3143 1276 3210 P.
1288 3143 1437 3210 Priorem
1448 3145 1506 3210 De

375 3275 447 3322 mus
463 3255 647 3344 Hospitalis
663 3255 763 3324 totius
780 3254 982 3340 Hungariae,
999 3261 1031 3321 et
1045 3251 1267 3319 Alexandmm
1283 3251 1507 3337 Praepositum

375 3363 613 3431 'lbansilvanae
628 3363 796 3430 Ecclesiae
814 3382 874 3448 pro
890 3359 1037 3446 negocijs
1052 3358 1172 3426 nostris
1188 3356 1234 3426 ad
1247 3364 1390 3425 vestram
1409 3364 1507 3424 traus-

376 3470 531 3540 mittimus
554 3470 739 3550 amicitiam‚
767 3470 860 3538 uobis
877 3468 1094 3554 notificantes,
1120 3474 1152 3534 et
1169 3467 1302 3533 firmiter
1320 3465 1505 3551 promittcn‘

374 3585 435 3663 tea,
453 3579 539 3665 quod
556 3579 708 3664 quicquid
724 3599 795 3647 cnm
813 3579 861 3645 cis
885 3577 1106 3645 tractaueritis
1132 3594 1189 3643 seu
1216 3572 1446 3660 disposueritis
1462 3569 1506 3638 ra'

375 3692 441 3751 tum
467 3684 678 3772 babebimus,
704 3695 737 3754 et
752 3685 978 3753 inconcussum
994 3681 1260 3765 obseruabimus‚
1285 3685 1446 3764 tauquam
1461 3699 1506 3758 ea

376 3811 461 3876 quae
477 3793 572 3860 nobis
589 3794 815 3882 praesentibus
831 3793 970 3862 luissent
981 3798 1121 3861 tractata
1132 3797 1163 3859 et
1180 3788 1341 3872 ordinata,
1360 3787 1508 3873 quoniam

375 3921 487 3970 eorum
511 3900 699 3970 discretioni
719 3911 751 3970 et
770 3902 845 3970 fidei
872 3899 1010 3988 negocia
1026 3903 1139 3968 nostra
1163 3895 1386 3966 commisimus
1401 3914 1509 3981 goren-

376 4009 453 4077 daet
471 4009 704 4097 promonenda.

481 4117 626 4185 Praelati
644 4137 772 4204 qnoque
789 4117 918 4201 Legati,
942 4135 1013 4184 cum
1030 4121 1123 4182 tenor
1144 4112 1303 4181 dictarum
1330 4111 1507 4177 litteramrn

374 4225 488 4292 luisset
504 4224 683 4314 expositus,
699 4225 766 4294 tale
782 4230 915 4312 paetum
930 4243 1002 4290 cum
1019 4220 1190 4290 nominato
1208 4219 1339 4287 domino
1352 4217 1445 4283 Duce
1454 4215 1507 4280 Ve-

374 4332 534 4400 netiarum
553 4341 803 4420 composnerunt
815 4383 824 4419 ,
854 4329 1009 4398 uidelicet
1035 4347 1131 4416 super
1157 4324 1403 4409 controuersia,
1428 4341 1507 4406 qnae

373 4441 553 4510 habebatur
568 4442 651 4510 inter
667 4442 832 4511 dominum
848 4443 975 4525 Regem
993 4436 1199 4527 praedictum
1215 4442 1248 4503 et
1263 4428 1506 4521 praetatumdo·

374 4550 496 4618 minum
511 4553 635 4619 Ducem
652 4559 683 4618 et
698 4548 969 4637 praedecessores
995 4565 1107 4614 eorum
1133 4543 1175 4612 de
1200 4542 1337 4610 ciuitate
1362 4537 1464 4608 Jadra
1477 4543 1507 4602 et

373 4657 583 4745 pertinenciis
600 4659 688 4730 eius:
709 4657 858 4731 domiuus
876 4660 947 4726 llex
974 4657 1143 4744 praelatus
1160 4651 1256 4720 debet
1281 4651 1361 4716 dare
1381 4643 1504 4736 priuile-
