3164 5192
345 997 408 1064 111.
425 996 516 1066 lacte
532 995 687 1085 pdpduulc
713 995 806 1063 lovels
822 1019 860 1062 aa
873 998 968 1084 parisi
987 997 1130 1065 &neklan
1145 1021 1166 1064 a
1183 995 1325 1065 carleoli*
1336 997 1487 1086 puaputci

344 1105 469 1171 caethea
492 1103 673 1192 dtlelycaett
698 1107 831 1193 rupuauc'
848 1105 936 1170 bret
951 1107 1113 1194 jopaiuolc
1140 1105 1345 1173 tebintctcbbl.
1373 1107 1486 1170 1203.

454 1301 662 1370 Innocentius
673 1301 856 1388 Episcopus
867 1308 928 1368 etc.
940 1351 947 1366 .
960 1351 968 1368 .
980 1352 987 1367 .
998 1302 1197 1369 Eboracensi
1207 1299 1486 1388 Archiepiscopo.

347 1406 399 1474 Ad
415 1407 687 1494 supplicationem
703 1409 879 1476 instantem
895 1410 1093 1478 venerabilis
1113 1410 1223 1476 fratris
1240 1411 1342 1476 nostri
1355 1459 1362 1472 .
1375 1459 1404 1474 ..
1424 1411 1487 1472 Ar-

348 1514 549 1600 chiepisoopi
566 1516 735 1600 Rugusini,
753 1535 826 1582 eum
843 1537 864 1581 a
880 1536 958 1583 cura
968 1523 1001 1582 et
1016 1515 1245 1600 sollicitudine,
1264 1535 1331 1599 qua
1346 1515 1488 1581 teneba-

346 1634 399 1694 tur
415 1622 583 1689 Ecclesiae
600 1625 789 1707 Ragusinae
804 1623 956 1692 duximus
977 1625 1232 1706 absolvendum,
1257 1643 1296 1690 eo
1314 1623 1487 1705 videlicet,

350 1729 500 1814 quodibi
517 1751 581 1798 non
605 1739 734 1816 poterat
749 1750 863 1798 secure
880 1733 1001 1799 morari
1011 1783 1020 1816 ,
1047 1737 1088 1816 et,
1106 1732 1135 1798 si
1151 1748 1321 1798 accessum
1342 1730 1488 1796 baberet

350 1837 394 1904 ad
409 1837 510 1922 illam,
528 1839 641 1906 mortis
657 1839 721 1906 sibi
739 1840 917 1926 periculum
937 1841 1134 1907 imminebat.
1160 1840 1210 1904 Ne
1224 1859 1302 1906 vero
1319 1838 1408 1904 idem
1426 1839 1487 1901 Ar·

351 1943 578 2033 ohiepisoopus
594 1946 626 2012 in
643 1947 836 2033 vituperium
848 1948 1017 2015 ministerii
1033 1949 1135 2016 nostri
1156 1947 1316 2014 deiectum
1332 1947 1368 2012 in
1385 1945 1488 2011 rebus

353 2052 588 2139 temporalibus
605 2054 766 2138 patiatur,
791 2054 1029 2122 fraternitatem
1045 2065 1136 2123 tuam
1159 2073 1328 2123 monemus
1347 2059 1487 2135 attente

352 2183 391 2230 ec
407 2183 466 2248 per
480 2163 672 2250 Apostolica
687 2163 747 2230 tibi
764 2165 887 2251 scripta
903 2165 1116 2252 mandamus,
1137 2173 1318 2250 quatenus,
1337 2162 1428 2246 quod
1445 2161 1488 2226 de

353 2271 573 2338 munificentia
588 2279 621 2338 et
637 2272 835 2340 liberalitate
851 2273 1035 2341 charissimi
1051 2275 1085 2340 in
1099 2275 1227 2342 Christo
1244 2273 1301 2339 filii
1319 2272 1435 2358 nostri,
1454 2270 1486 2335 J.

354 2379 453 2463 Regis
469 2379 650 2462 Anglorum
666 2379 818 2465 illustris,
846 2401 885 2446 ac
901 2381 1111 2448 concessione
1127 2391 1184 2449 tua
1193 2432 1203 2468 ,
1231 2383 1263 2448 in
1280 2381 1487 2466 Episcopatu

355 2483 507 2569 Gerlach,
524 2495 557 2552 et
572 2487 720 2554 Ecclesia
735 2487 776 2554 de
792 2488 960 2555 Maleborn
978 2489 1092 2556 catilli
1110 2491 1273 2573 collatum,
1295 2489 1339 2554 ad
1356 2495 1487 2554 susten-

357 2591 511 2658 tationem
528 2613 700 2662 conserves
717 2594 831 2680 ipsius.
860 2595 928 2662 Nos
954 2595 1040 2663 enim
1055 2596 1086 2662 ci
1102 2595 1143 2662 de
1159 2595 1255 2662 Sedis
1272 2595 1488 2680 Apostolicae

357 2700 560 2784 benignitate
577 2703 814 2789 concessimus,
841 2703 924 2770 utin
942 2704 1012 2790 ipso
1029 2704 1247 2790 Episcopatu,
1275 2703 1402 2787 absque
1427 2721 1488 2769 usu

357 2807 460 2894 pallii,
478 2807 619 2876 officium
635 2811 833 2898 Episcopale
850 2812 960 2877 ualeat
986 2831 1147 2896 exercere,
1173 2812 1231 2878 tibi
1248 2818 1408 2895 tanquam
1423 2813 1487 2877 Με-

357 2918 556 3004 tropolitano
574 2919 788 2987 reverentiam
804 2927 837 2986 et
853 2919 1073 2986 obedientiam
1090 2921 1308 3004 impensurus.

727 3101 903 3168 (iligneam
918 3101 952 3152 Π.
967 3101 1022 3154 lrbt.
1037 3101 1080 3154 ⁶8.
1093 3101 1123 3170 l.)

841 3373 1060 3384 ...mun-...m

893 3837 968 3940 roa,

365 4023 552 4094 Joansitior
568 4021 678 4113 bclpctr
692 4023 913 4092 wulkodbnak
928 4023 1019 4092 lovels
1035 4027 1098 4090 III.
1114 4027 1202 4092 lucae
1212 4023 1373 4114 popellos,
1400 4017 1493 4110 mety-

513 4155 518 4166 ·
550 4129 613 4218 lyei
627 4135 736 4217 mopdt
751 4154 772 4197 a
786 4134 891 4198 canai
906 4133 1038 4198 salmis
1057 4131 1185 4198 elocuti.
1210 4133 1306 4198 1203.

477 4308 704 4396 calojoannes,
721 4307 903 4398 Imperator
919 4309 1146 4399 Bulgarorum,
1166 4311 1380 4381 sanctissimo
1397 4307 1495 4378 domi·

367 4439 429 4504 no,
457 4418 534 4486 fidei
551 4419 806 4486 Christianorum
824 4419 866 4487 ab
884 4419 1017 4488 Oriente
1033 4441 1134 4506 usque
1151 4422 1193 4489 ad
1210 4421 1422 4492 Occidentem
1439 4420 1495 4485 Pa·

365 4527 542 4616 blanchae,
559 4527 672 4615 Papae
681 4529 836 4600 Romano.
853 4529 923 4618 Ego
940 4531 1086 4600 chartam
1101 4535 1195 4602 mitto
1206 4533 1276 4619 tibi,
1293 4530 1451 4618 gaudens,
1467 4529 1494 4594 si
1543 4551 1544 4554 ¹
