3200 5182
598 287 759 388 *ms-

113 483 309 550 existentem
319 483 353 548 iu
369 482 537 568 prouincia
547 483 791 567 Zemplyuiensi
808 503 879 547 cum
890 489 979 548 terra
991 487 1023 545 et
1033 479 1130 546 fluuio
1141 480 1241 564 Tyra,

112 591 240 677 prefato
256 590 333 674 ldog
348 590 415 656 filio
432 589 613 656 Alexandri
638 590 770 674 suisque
793 590 968 656 heredibus
984 591 1059 672 jure
1085 596 1242 673 perpetuo

113 696 350 784 possidendam
373 695 512 784 dedisse,
530 698 701 766 denotaret
717 700 779 766 stb.

113 898 211 964 (Garsi
224 900 324 952 Miklds
338 897 479 951 nidoruulr
496 898 607 950 1409-11
621 893 839 958 1161611666161661,
859 896 983 962 melynclr
1003 893 1120 946 credolio
1134 909 1150 943 a
1163 893 1246 945 budai

416 989 467 1039 lrir.
482 988 605 1038 kamarai
619 985 790 1038 lovdltdrbau
803 986 948 1050 driatotik.)

557 1271 815 1283 -ι---

647 1732 725 1800 283.

114 1911 251 1980 Acdczi
275 1913 432 2000 kdptuluu
456 1912 728 1998 dlzonysdplecele,
754 1913 833 1998 luopy
855 1911 973 1979 Werobi
997 1911 1123 1976 Heracle
1148 1933 1244 1977 comcs

357 2021 514 2107 Harkyau
530 2020 668 2085 dicotur
683 2029 888 2106 meqszercztc.
914 2021 1011 2085 1227.

225 2215 382 2284 Omnibus
392 2215 513 2282 Christi
529 2214 681 2282 fidelibus
700 2214 904 2301 presencium
913 2213 1069 2281 noticiam
1084 2215 1243 2286 habituris

117 2321 660 2407 (166116166116616661666616616
682 2325 821 2391 salutem
837 2323 870 2388 iu
890 2343 966 2389 uero
992 2323 1138 2389 salutari.
1162 2323 1244 2389 Scri·

117 2435 212 2513 pture
228 2433 447 2499 testimouium
464 2432 618 2499 memorie
633 2432 841 2515 suffragatur,
868 2439 900 2497 et
916 2432 1095 2498 futurorum
1110 2430 1244 2498 mandat

117 2536 239 2602 6611616
255 2540 416 2623 presentis
431 2539 585 2626 temporis
601 2541 761 2606 acciones.
788 2539 914 2604 Exinde
931 2539 1092 2606 uniuersis
1106 2540 1244 2606 innotes-

116 2649 181 2726 cat,
208 2646 295 2728 quod
311 2649 503 2715 accedentes
527 2646 571 2713 ad
586 2655 730 2713 nostrum
753 2647 956 2733 presenciam
980 2647 1095 2714 Comes
1111 2647 1244 2714 Heuche

116 2753 204 2818 lilius
219 2753 378 2822 Zacharic
403 2757 445 2844 dp
461 2757 580 2823 Wercb
597 2757 639 2822 ab
655 2777 720 2822 unu
736 2761 847 2840 parte;
866 2755 909 2821 ab
926 2757 1031 2821 altera
1053 2775 1130 2821 uero
1147 2755 1244 2822 Choz-

117 2879 200 2944 mus,
218 2859 376 2948 Andreas,
394 2865 515 2948 Mikou,
532 2865 645 2930 Tarda
661 2864 850 2948 Yrasmeus,
873 2863 1026 2929 Barakou
1041 2863 1100 2948 filij
1116 2863 1243 2930 Turdus

117 2967 158 3033 de
175 2985 294 3050 genere
309 2971 411 3057 Zaah,
428 2993 499 3038 cum
516 2971 697 3056 Augustino
713 2971 779 3037 6116
797 2969 902 3035 Gumb
913 2969 1068 3035 fratruele
1083 2970 1240 3054 ipsorum,

118 3093 192 3140 cum
210 3075 335 3144 Oomite
350 3079 537 3146 Alexandro
564 3099 647 3145 cano
668 3079 709 3144 de
726 3079 832 3161 Pauly
856 3084 888 3142 et
902 3075 1057 3142 fratribus
1083 3078 1153 3142 suis
1167 3079 1243 3164 filijs

116 3181 336 3270 Constantiny
351 3186 533 3274 Leuuardo,
552 3189 658 3270 Petro,
685 3185 862 3270 Felyciauo
878 3194 910 3252 et
926 3183 1044 3264 Endre,
1069 3204 1142 3250 cum
1166 3185 1243 3270 filijs

116 3291 265 3359 Bereude
280 3295 413 3381 Vgriuo,
431 3295 542 3381 Gyure
568 3303 600 3362 et
615 3297 721 3380 Petro,
748 3295 894 3379 quisunt
917 3295 1131 3360 commetauei
1156 3294 1243 3360 illius

117 3407 214 3485 terre,
226 3401 327 3487 Keze;
349 3404 541 3470 Kazcmerio
557 3425 628 3471 cum
640 3403 766 3471 Comite
776 3401 897 3468 Wathu
908 3400 973 3468 6116
988 3401 1047 3468 061
1062 3401 1104 3466 de
1119 3403 1243 3488 Kesyu,

118 3527 194 3573 cum
208 3508 335 3594 Peuke,
360 3510 540 3596 Herraudo,
558 3511 683 3578 domito
709 3511 749 3576 de
765 3509 903 3596 Gerege,
928 3516 961 3576 61
982 3509 1055 3596 Vyd
1080 3529 1153 3577 cum
1178 3509 1244 3577 6116

117 3637 179 3682 666
195 3615 296 3683 1116166
311 3625 427 3683 vocato
444 3625 476 3684 ot
491 3618 566 3704 alijs
582 3618 738 3706 pluribus,
755 3638 836 3702 quos
855 3615 986 3702 quidem
998 3617 1244 3702 generacionem

117 3724 263 3809 ipsorum
279 3743 352 3792 6666
368 3725 531 3792 dicebant.
547 3727 598 3791 Ex
614 3726 792 3810 uoluntate,
812 3745 971 3794 66666666
988 3735 1020 3793 61
1031 3727 1245 3814 permissione

117 3829 337 3916 predictorum
353 3832 494 3900 virorum
520 3832 658 3918 predicti
674 3833 733 3918 filij
748 3833 877 3900 Turdus
903 3834 1143 3918 possessionem
1161 3836 1245 3921 ipso-

118 3957 191 4004 rum
206 3937 368 4024 Harkyau
389 3945 549 4024 uocatam,
575 3960 673 4024 quam
687 3961 728 4008 ex
748 3941 819 4006 iure
843 3939 1032 4007 hereditatis
1057 3922 1142 4006 iuter
1156 3941 1245 4027 ipsos

118 4043 281 4112 diuisione
296 4045 384 4112 facta
398 4047 549 4116 Andreas
565 4054 597 4116 61
613 4049 791 4115 Yrasmeus
806 4047 1038 4134 possidebant;
1064 4053 1097 4113 61
1112 4049 1244 4116 taudem

118 4153 292 4221 latrocinio
318 4155 503 4223 deficientes
530 4157 656 4243 sepcies
675 4156 888 4243 proclamati,
915 4157 999 4222 sicut
1014 4157 1112 4222 moris
1138 4158 1245 4222 estin

118 4266 246 4349 Regno,
271 4285 329 4350 per
344 4267 539 4352 Dyonisium
555 4267 741 4334 Palatinum
757 4268 877 4352 sepius,
903 4273 939 4332 ut
953 4265 1116 4348 dicebant,
1133 4269 1165 4329 et
1182 4283 1246 4329 ma-

118 4371 208 4438 xime
224 4393 283 4456 pro
300 4381 401 4439 morte
417 4375 551 4442 Naason
577 4375 765 4461 sacerdotis,
785 4375 955 4460 (lapellani
980 4373 1101 4441 domini
1116 4371 1246 4437 Andree

117 4477 261 4545 Illustris
286 4479 385 4563 Regis
410 4481 574 4568 Vngaric,
601 4482 760 4566 conuicti,
786 4484 878 4549 66166
904 4479 1083 4548 sacerdotis
1112 4484 1246 4545 mortem

119 4584 273 4652 Suudoclr
290 4588 441 4654 sacerdos
458 4589 559 4657 frater
576 4611 652 4658 suus
669 4613 778 4657 coram
794 4591 925 4660 dominc
942 4591 1093 4658 Palatino
1115 4585 1247 4668 requisi-
