3200 5182
606 347 768 448 ..Effl-

641 811 721 880 tat.

116 969 181 1034 III.
198 970 362 1037 Honorius
376 975 470 1060 pcipe
486 997 507 1039 a
521 975 620 1040 adnot
628 975 789 1062 pttspdkdt
804 999 843 1040 oz
859 977 1079 1062 apostolisatis
1096 979 1142 1048 etc
1156 981 1248 1048 idczi.

634 1083 731 1148 1217.

225 1241 385 1309 Honorius
401 1244 584 1332 Episcopus
600 1264 714 1312 seruus
739 1265 904 1312 seruorum
920 1247 982 1312 Dei
1007 1248 1247 1319 venerabilibus

114 1344 271 1414 fratribus
288 1399 294 1415 .
309 1399 336 1415 ..
354 1351 510 1436 Veglensi
525 1359 557 1419 ct
569 1403 576 1418 .
589 1401 617 1416 ..
634 1351 847 1436 Traguriensi
862 1352 1042 1440 Episcopis,
1062 1358 1201 1426 salutem
1216 1367 1248 1426 et

113 1454 338 1540 Apostolicam
363 1457 629 1526 benedictionem.
656 1461 804 1527 Dilectus
840 1461 925 1527 lilius
951 1462 990 1528 N.
1017 1463 1243 1534 Subdiaconus

113 1565 300 1632 Canonicns
314 1567 523 1656 Spalatentis,
549 1569 637 1658 apud
657 1567 774 1636 Sedem
794 1570 1016 1656 Apostolioam
1042 1574 1245 1658 constitutus,

113 1693 225 1739 coram
241 1675 361 1744 dilecto
378 1677 444 1744 lilio
460 1679 618 1762 magistro
635 1679 674 1746 G.
693 1678 871 1765 Capeliano
896 1688 1018 1766 nostro,
1044 1681 1109 1746 sibi
1126 1703 1146 1745 a
1163 1683 1245 1750 bone

113 1783 271 1850 memorie
287 1785 314 1850 1.
329 1783 421 1873 Papa
437 1784 687 1874 praedecessore
701 1793 822 1872 nostro,
849 1795 881 1854 et
895 1787 1135 1873 postmodumu
1152 1791 1246 1858 nobis

111 1888 262 1956 auditore
279 1911 442 1977 concesso,
457 1894 639 1980 proposuit,
656 1891 832 1977 quodcum
848 1893 881 1960 in
898 1893 1091 1981 Episcopum
1119 1896 1245 1965 Noncn-

111 2019 182 2066 sem
198 1999 354 2066 canonice
369 1999 485 2067 fuisset
501 2001 632 2086 electus,
650 2001 846 2068 venerabilis
872 2005 971 2068 irater
996 2010 1105 2070 noster·
1132 2004 1244 2071 Arolri·

112 2106 287 2194 episcopus
304 2109 506 2194 Spalatensis
523 2111 563 2177 G.
580 2109 892 2197 Archipresbiterum
910 2111 1151 2198 spoletensem,
1178 2134 1241 2179 non

111 2219 250 2284 electum
266 2237 287 2284 a
303 2217 431 2304 clerico,
448 2221 500 2286 vel
517 2241 537 2286 a
553 2222 673 2308 populo
694 2221 883 2306 expetitum,
908 2241 966 2305 pro
992 2240 1051 2287 sua
1075 2221 1242 2288 voluntate

108 2326 143 2392 in
159 2323 302 2408 quadam
327 2326 409 2393 villa
432 2327 532 2394 rurali
556 2329 752 2415 presumpsit
767 2329 799 2394 in
816 2329 1013 2414 Episcopum
1030 2326 1172 2412 predicte
1184 2328 1240 2393 Ec-

109 2432 210 2500 clesia
226 2453 435 2517 consecrare3
463 2445 495 2503 et
508 2435 585 2502 licet
599 2441 666 2501 tam
683 2436 885 2503 consecranti
902 2455 999 2517 quam
1016 2442 1203 2501 consecrato
1220 2456 1240 2501 a

108 2539 257 2627 predicto
274 2541 504 2630 predecessore
521 2550 638 2629 nostro,
658 2543 742 2610 siout
756 2541 952 2627 accepimus,
978 2541 1168 2610 mandatum
1194 2543 1238 2609 fn·

107 2649 180 2734 erit,
199 2655 233 2714 ut
249 2656 379 2736 propter
394 2651 455 2718 hoc
472 2671 507 2718 sc
523 2650 709 2736 Apostolico
727 2649 913 2734 conspectui
939 2657 1083 2735 tompore
1100 2648 1239 2716 Genera·

108 2757 152 2822 lis
169 2755 309 2823 concilii
326 2764 534 2842 presentaret,
554 2756 708 2838 vobisque
724 2754 912 2821 mandatum
931 2755 1029 2822 fucrit
1055 2755 1236 2840 abeodem,

107 2873 145 2932 ut
161 2861 352 2952 superdicti
369 2865 409 2930 N.
427 2863 594 2947 electione,
611 2862 767 2945 inquisita
783 2860 974 2946 diligentius
990 2863 1139 2949 veritate,
1151 2862 1237 2948 quod

108 2957 310 3060 inveneritis,
326 2975 464 3043 fideliter
480 2973 647 3040 referatis:
665 2972 743 3056 quia
760 2971 897 3059 predicti
913 2974 1187 3060 Archicpisoopus
1205 2983 1237 3041 ct

107 3085 293 3171 Episcopus
305 3093 448 3171 tempore
460 3081 632 3149 Generalis
644 3081 781 3149 Concilii
792 3081 1006 3168 apudSedem
1016 3081 1239 3166 Apostolicam

105 3191 271 3261 constituti
282 3191 322 3258 de
337 3189 412 3272 hiis,
430 3211 488 3275 pro
501 3190 616 3273 quibus
628 3190 816 3276 specialiter
830 3187 939 3255 vocati
952 3188 1089 3273 lucrant,
1099 3208 1163 3254 non
1179 3189 1235 3254 ha-

106 3302 176 3370 bita
201 3302 362 3368 mentione
386 3297 538 3366 recedere
563 3305 836 3386 presumpserant,
863 3295 949 3363 idem
975 3317 1067 3364 suam
1092 3295 1235 3364 nondum

107 3409 215 3497 potnit
246 3405 405 3475 iustitiam
438 3407 595 3472 obtinere.
631 3405 792 3486 Quocirca
823 3404 1017 3471 fraternitati
1048 3409 1156 3470 vestre
1179 3424 1239 3490 per

104 3516 294 3606 Apostolica
318 3515 441 3602 scripta
458 3515 667 3600 mandamus,
694 3520 852 3599 quatenus
878 3511 963 3578 dicto
989 3510 1134 3580 Nouensi
1161 3511 1236 3598 Epi·

105 3645 205 3712 scopo
221 3624 415 3692 auctoritate
431 3629 541 3690 nostra
557 3623 691 3690 tirmiter
707 3621 897 3706 iniungatis‚
915 3629 950 3688 ut
966 3622 998 3688 in
1015 3621 1097 3690 festo
1124 3621 1235 3688 Sancti

103 3735 192 3802 Luce
207 3733 355 3820 proxime
371 3739 506 3800 venturo
523 3751 633 3816 perse
650 3731 701 3798 vel
718 3737 957 3816 procuratorem
976 3729 1126 3798 idoneum
1151 3731 1235 3818 Apo-

105 3842 221 3912 stolico
237 3841 426 3928 conspectui
442 3863 477 3908 se
493 3847 666 3927 presentet,
683 3840 886 3910 exhibiturus
902 3848 1129 3928 ctrecspturos
1139 3861 1237 3929 super

102 3952 177 4038 hiis,
195 3950 281 4035 quod
296 3949 443 4037 postulat
459 3946 537 4015 ordo
550 3948 653 4032 juris:
672 3947 816 4032 alioquin
832 3971 873 4017 ne
886 3949 1079 4016 mandatum
1095 3951 1232 4035 Aposto-

103 4061 200 4128 licum
216 4059 336 4125 totiens
354 4057 489 4124 clusisse
505 4053 654 4124 videatur
670 4055 810 4142 impune,
827 4056 933 4142 ipsum
950 4063 1076 4140 extunc,
1102 4057 1231 4124 sublato

103 4167 277 4237 cuiuslibet
294 4163 558 4236 contradictionis
574 4173 607 4232 et
622 4165 851 4253 appellationis
871 4165 1048 4248 obstaculo,
1065 4165 1107 4230 ab
1126 4165 1232 4230 officio

102 4285 135 4348 et
150 4274 307 4344 beneficio
324 4271 541 4362 suspendatis.
570 4273 688 4340 Datum
704 4271 854 4359 Anagnis
871 4271 940 4338 VII.
957 4269 1117 4339 kalendas
1134 4273 1232 4358 Junii,

104 4383 316 4454 Pontificatus
333 4383 434 4452 nostri
450 4402 535 4448 anno
552 4381 667 4467 primo.

152 4549 291 4614 (Thetnsr,
303 4550 403 4604 Vetera
415 4550 591 4602 llonumonta
604 4546 746 4599 slavorum
758 4545 976 4598 Meridionalium
990 4545 1012 4596 1.
1026 4545 1083 4600 lot.
1102 4547 1142 4596 70.
1157 4545 1184 4608 l.)

550 4705 809 4722 W
