3200 5182
854 365 1014 468 ,Ψ-

371 561 577 646 presentibus
604 563 729 628 cetenis
755 561 830 628 lesti
848 562 939 627 Beati
965 561 1133 629 Michaelis
1150 563 1348 648 Archangeli
1368 561 1492 648 (1498.)

373 669 539 754 infigura
565 669 681 754 judieij
712 675 821 737 nostre
853 670 1038 737 Personalis
1065 671 1236 738 Preseneie
1267 669 1491 757 comparando,

372 781 486 844 contra
510 777 686 862 Egregium
712 777 909 844 Anthonium
935 777 975 843 de
992 779 1084 846 Pook
1109 781 1170 847 ath.
1198 781 1321 862 volens,
1347 779 1491 864 predium

371 885 465 952 Zaka
481 883 524 952 ad
549 886 727 972 predictum
744 887 977 954 Monasterium
994 887 1094 954 Beate
1110 888 1254 974 Virginis
1279 888 1394 972 vigore
1416 887 1493 953 litte

371 1011 481 1058 rarum
500 993 664 1059 metalium
691 993 829 1060 condam
846 995 968 1062 domini
984 995 1114 1063 Andree
1137 996 1236 1080 Regis
1251 995 1411 1080 legittime
1426 1015 1492 1080 per·

370 1099 473 1167 tinere
498 1099 635 1186 dehere,
663 1104 894 1189 comprobare,
927 1103 1074 1170 exhibuit
1090 1103 1194 1171 nohis
1219 1103 1380 1187 quasdam
1411 1103 1492 1168 litte·

373 1229 428 1277 ras
444 1209 588 1277 eiusdem
606 1212 728 1279 domini
745 1213 876 1279 Andree
891 1213 991 1297 Regis
1015 1212 1321 1296 confirmationeles,
1339 1211 1492 1279 hahentes

371 1317 403 1382 in
430 1335 467 1384 se
491 1316 693 1386 diuersarum
720 1320 901 1386 litterarum
929 1320 1066 1388 condam
1084 1320 1218 1390 Comitis
1232 1320 1312 1388 Bors
1336 1321 1396 1405 filij
1419 1319 1492 1387 olim

369 1423 532 1491 Dominiei
557 1423 694 1494 Comitis
720 1426 982 1495 donacionelium
1008 1428 1255 1513 continenciam,
1286 1427 1406 1512 quihus
1432 1447 1492 1492 me-

370 1533 536 1601 diantibus
561 1533 660 1619 ijdem
685 1535 865 1621 predictum
890 1539 1122 1604 Monasterium
1146 1537 1246 1604 Beate
1269 1537 1375 1603 hlarie
1391 1535 1491 1618 Virgi-

369 1641 420 1708 nis
446 1641 488 1706 de
513 1643 764 1710 Borsmonostra
792 1645 924 1728 dotasse
951 1651 1203 1730 agnoscerentur
1229 1645 1289 1711 sub
1316 1645 1385 1712 suis
1408 1643 1491 1711 veris

369 1787 628 1799 —————
645 1757 803 1819 metarum
819 1753 1086 1821 distinctionibus
1110 1761 1143 1819 et
1161 1752 1490 1821 remonstraeionihus

369 1879 454 1925 anno
471 1859 513 1924 ab
529 1859 761 1929 Ineamecione
777 1863 909 1930 Domini
934 1862 1106 1931 millesimo
1130 1861 1351 1930 ducentesimo
1376 1861 1489 1943 vigesi-

369 1987 420 2035 mo
435 1969 548 2052 quinto
564 1975 732 2038 emanatas
749 1973 809 2037 sub
835 1973 943 2056 sigillo
959 1971 1156 2058 impendenti
1173 1973 1206 2038 in
1225 1970 1363 2038 rotundo
1389 1967 1489 2036 eonsi-

367 2081 506 2162 gnatas,
523 2077 556 2143 in
572 2097 708 2162 quarum
733 2080 899 2147 tenoribus
915 2081 999 2146 inter
1015 2079 1082 2145 alie
1101 2078 1215 2166 predia
1231 2076 1368 2164 (quoad)
1388 2083 1488 2144 metas

368 2182 473 2267 predii
489 2183 584 2251 Zahe
599 2187 633 2250 in
650 2207 714 2252 vna
738 2188 913 2254 earundem
936 2188 1118 2254 litterarum
1143 2184 1405 2254 donacionalium
1430 2184 1487 2251 hec

366 2292 469 2358 verba
484 2292 624 2358 vidimus
648 2295 823 2361 contineri:
848 2295 942 2374 Quod
959 2296 1062 2363 eciam
1083 2295 1149 2362 tria
1164 2295 1278 2383 predia
1302 2293 1367 2360 sihi
1384 2293 1487 2361 conia·

366 2399 488 2484 ceneia,
506 2419 641 2482 quarum
658 2403 789 2470 nomina
805 2411 880 2470 sunt
896 2404 966 2490 hee,
983 2403 1098 2490 Whas,
1115 2403 1209 2470 Zaha
1224 2403 1386 2486 etheron,
1404 2401 1486 2468 diete

366 2504 512 2573 Ecclesia
527 2509 744 2592 prebuissent,
771 2513 865 2578 metis
882 2513 1099 2600 infrascriptis
1124 2512 1335 2597 circumdata,
1352 2531 1485 2595 quarum

339 2629 343 2646 ¹
367 2620 525 2680 metarum
541 2617 648 2702 prima
672 2618 787 2706 incipit
802 2640 916 2689 versus
942 2623 1126 2706 aquilonem
1142 2645 1163 2688 a
1177 2619 1274 2709 zylffc
1299 2621 1393 2686 iuxta
1407 2619 1484 2684 riuu-

365 2721 431 2786 lum
456 2725 665 2810 superviam,
692 2746 756 2811 que
780 2729 868 2796 venit
891 2731 932 2796 de
949 2730 1093 2817 Sopron;
1112 2728 1190 2796 inde
1205 2728 1374 2815 paululum
1399 2726 1486 2793 vadit

364 2847 421 2912 per
436 2829 543 2914 ipsam
561 2833 647 2899 riam
664 2853 777 2902 versus
794 2837 960 2904 meridiem
977 2838 1118 2906 adriam
1133 2835 1316 2904 tendentem
1332 2835 1367 2901 in
1383 2833 1483 2918 Wnd;

365 2934 484 3006 deinde
499 2939 585 3006 viam
611 2943 717 3028 ipsam
732 2965 796 3012 non
822 2945 978 3015 deserens
994 2967 1107 3014 versus
1131 2946 1287 3015 orientem
1303 2965 1363 3030 per
1379 2945 1484 3029 plures

363 3049 468 3111 metas
484 3049 592 3133 pergit
608 3053 652 3118 ad
667 3053 821 3121 terminos
832 3053 932 3140 Wud;
952 3054 1130 3122 inderedit
1145 3054 1188 3120 ed
1198 3073 1351 3138 magnam
1368 3059 1486 3118 metum

363 3154 425 3220 sub
442 3157 587 3246 meridie,
614 3162 669 3229 vbi
684 3164 814 3230 termini
840 3171 914 3230 sunt
928 3164 1013 3248 Syra
1028 3170 1061 3232 et
1075 3164 1219 3246 Ambus,
1244 3169 1361 3249 postea
1385 3163 1487 3228 tendit

362 3258 406 3324 ad
421 3267 489 3330 tres
505 3272 618 3352 metas,
635 3269 691 3336 vbi
716 3271 830 3358 incipit
855 3281 943 3339 terra
959 3273 1076 3339 Zakan
1092 3273 1184 3338 iuxta
1209 3269 1374 3356 quandam
1390 3271 1486 3353 viam,

363 3386 421 3451 per
436 3391 533 3455 quam
549 3385 704 3463 properat
730 3380 773 3446 ad
788 3387 855 3447 tres
873 3389 987 3464 metas,
1014 3387 1046 3447 et
1062 3380 1104 3446 ah
1121 3380 1182 3464 hys
1198 3398 1258 3465 per
1282 3377 1384 3444 aliam
1401 3379 1487 3444 nam

361 3495 475 3544 versus
485 3480 686 3550 occidentem
702 3485 810 3571 perdit
827 3487 913 3574 (lgy)
929 3487 973 3553 ad
984 3487 1206 3553 metamiuxta
1221 3493 1342 3552 murem
1354 3484 1486 3567 Gerolt3

361 3581 437 3649 inde
453 3606 567 3654 versus
578 3592 764 3674 aquilonem
781 3597 959 3682 perplures
978 3601 1079 3662 metas
1093 3595 1184 3662 vadit
1200 3595 1244 3662 ad
1260 3593 1485 3675 monticulum,

362 3689 480 3758 deinde
491 3693 661 3764 deseendit
676 3719 790 3768 versus
801 3701 1000 3770 occidentem
1018 3703 1062 3770 ad
1072 3708 1201 3785 metam,
1219 3721 1281 3787 que
1297 3701 1384 3768 iacet
1395 3701 1486 3767 iuxta

360 3799 447 3864 viam
473 3801 658 3872 tendentem
674 3808 707 3874 in
722 3805 854 3896 Gemit,
881 3811 957 3878 inde
972 3831 1032 3900 per
1057 3813 1167 3897 plures
1184 3817 1287 3877 metas
1313 3809 1487 3877 reuertitur

361 3925 473 3976 versus
484 3910 669 3994 aquilonem
685 3935 744 4000 per
757 3916 894 3985 eandem
911 3919 998 3984 viam
1016 3919 1060 3985 ad
1076 3918 1157 3986 duas
1174 3925 1287 4001 metas,
1304 3926 1336 3984 et
1352 3918 1397 3983 ab
1413 3920 1485 3985 istis

360 4035 473 4084 versus
498 4020 696 4089 occidentem
721 4024 890 4094 descendit
918 4029 961 4094 ad
986 4029 1074 4095 viam
1100 4028 1192 4094 iuxta
1216 4029 1372 4094 terminos
1400 4033 1484 4093 terre

359 4125 530 4214 Nygwen;
547 4129 623 4198 inde
640 4131 745 4200 denuo
760 4153 819 4220 per
835 4135 941 4220 ipsam
958 4135 1044 4202 viem
1060 4155 1173 4202 versus
1196 4135 1381 4220 aquilonem
1397 4135 1485 4202 lesti-

358 4238 417 4298 nat
432 4235 475 4302 ad
490 4239 646 4324 angulum
663 4240 834 4328 quendam,
851 4243 972 4310 vbi‘est
987 4253 1082 4330 meta,
1098 4264 1195 4328 quam
1215 4245 1402 4330 relinquens
1418 4250 1483 4311 ten-

359 4339 407 4410 dit
422 4363 481 4429 per
496 4347 584 4414 viam
607 4356 735 4417 euntem
751 4353 859 4418 Baran
876 4352 919 4418 ad
935 4371 1088 4438 magnam
1103 4359 1243 4438 metam,
1268 4353 1310 4420 ab
1325 4353 1390 4420 isto
1406 4373 1482 4420 vero

358 4469 488 4540 semper
512 4457 649 4525 rotundo
676 4478 770 4526 cursu
796 4461 856 4526 sub
880 4461 1080 4529 occidentem
1097 4460 1264 4528 deseendit
1288 4459 1483 4546 perplures

357 4566 462 4627 metes
479 4563 522 4629 ad
537 4563 685 4651 mucium,
702 4567 757 4633 ubi
773 4575 848 4635 sunt
863 4569 991 4636 termini
1001 4569 1152 4656 Margiud
1169 4575 1200 4636 et
1216 4569 1340 4638 Zohoth
1350 4568 1480 4654 Boram

358 4673 433 4749 post
457 4669 517 4736 hec
542 4671 649 4756 ipsum
675 4675 814 4743 naulum
839 4679 1004 4747 transiens
1030 4676 1178 4746 ascendit
1202 4679 1245 4745 ad
1261 4683 1365 4744 metes
1389 4679 1481 4744 iuxta
