3164 5192
825 331 974 436 Q

336 529 428 599 iuxta
437 531 524 615 quod
539 529 664 596 anobis
675 536 731 594 tua
740 529 896 595 nobilitas
911 528 1103 614 postulavit,
1121 527 1258 596 dilectos
1273 530 1358 596 filios
1371 530 1472 596 Joan.

338 658 413 707 nem
431 638 645 724 capellanum
662 642 694 702 et
709 638 884 722 Symonem
900 637 1144 704 Subdiaconum
1160 644 1311 722 nostros,
1339 638 1380 703 de
1396 657 1472 720 quo-

338 767 408 812 rum
424 744 561 812 scientia
576 753 608 812 et
617 744 779 831 probitate
794 765 855 810 nos
871 752 903 811 et
919 743 1038 812 fratres
1053 745 1157 812 nostri
1167 744 1299 830 plenam
1316 745 1473 811 fiduciam

337 853 540 938 optinemus,
568 852 608 917 de
624 849 761 917 fratrum
778 857 961 918 nostrorum
981 851 1118 918 consilio
1136 850 1179 918 ad
1195 861 1307 938 partes
1324 859 1400 917 tuas
1419 851 1474 916 du-

338 961 445 1026 ximus
462 959 660 1042 dirigendos,
679 958 939 1042 perApostolica
953 957 1014 1023 tibi
1031 959 1157 1044 scripta
1169 957 1373 1042 mandantes,
1396 978 1471 1042 qua-

338 1073 431 1132 tenus
457 1085 513 1135 cos
538 1073 706 1150 tamquam
721 1065 911 1149 Apostolioe
935 1063 1031 1130 Sedis
1055 1066 1197 1149 Legatos
1225 1065 1365 1150 benigne
1394 1065 1477 1131 reci-

341 1177 415 1261 pias
432 1174 610 1241 ethonestc
625 1180 815 1258 pertractes,
834 1179 866 1238 et
881 1193 944 1258 que
960 1173 1137 1240 secundum
1153 1175 1258 1240 Deum
1271 1175 1305 1240 in
1321 1173 1474 1258 partibus

341 1281 423 1366 ipsis
440 1281 593 1347 duxerint
608 1281 800 1364 statuenda,
817 1281 979 1365 suscipias
995 1281 1167 1366 humiliter,
1184 1291 1217 1349 et
1232 1282 1302 1349 sine
1328 1282 1474 1366 refraga-

341 1391 430 1456 tione
452 1410 634 1474 conserves,
659 1395 694 1454 ut
716 1411 788 1456 curn
805 1389 849 1455 ad
863 1409 934 1474 nos,
951 1391 1091 1457 Domino
1108 1391 1217 1474 dante,
1234 1391 1403 1474 redierint,
1421 1411 1474 1457 no·

341 1497 393 1562 bis
409 1496 530 1563 referre
546 1499 678 1564 valeant
696 1506 750 1564 tue
767 1497 950 1565 devotionis
966 1498 1128 1580 affectum,
1152 1506 1184 1564 et
1200 1501 1348 1566 Romana
1365 1499 1475 1564 Eccle

342 1605 393 1670 sia
408 1604 472 1669 tuis
499 1603 664 1671 efficacius
680 1607 785 1690 possit
800 1606 968 1673 intendere
988 1607 1205 1672 incrementis.
1232 1607 1301 1674 Nos
1318 1607 1408 1671 enim
1427 1607 1475 1671 eis

343 1711 490 1778 dedimus
508 1713 540 1776 in
557 1712 731 1797 mandatis,
755 1720 790 1780 ut
805 1713 1030 1802 Apostolicam
1046 1714 1080 1780 in
1097 1721 1129 1780 te
1146 1715 1375 1781 confirmantes
1403 1712 1472 1780 doc·

342 1819 471 1904 trinam,
497 1820 669 1888 reforment
685 1822 840 1906 quicquid
855 1823 1036 1889 invenirent
1059 1822 1318 1906 reformandum,
1344 1827 1380 1888 et
1397 1829 1476 1889 tam-

344 1948 442 2011 quam
468 1930 613 1996 membra
640 1931 740 2016 capiti
756 1932 944 2016 Apostolioe
965 1932 1042 1998 Sedi
1069 1931 1290 2015 conforment,
1317 1931 1350 1996 in
1368 1929 1475 2017 ipsius

344 2035 515 2103 devotione
542 2037 665 2120 pariter
692 2045 723 2102 et
749 2038 935 2105 obedientia
958 2039 1159 2122 solidantes,
1187 2057 1246 2124 per
1266 2057 1348 2122 qnos
1375 2037 1476 2103 etiam

343 2142 498 2228 pallium,
525 2143 761 2230 plenitudinem
786 2147 910 2212 scilieet
930 2147 1129 2214 Pontifioalis
1145 2144 1264 2230 officii,
1291 2143 1475 2212 venerabili

343 2249 436 2316 fratri
461 2257 572 2318 nostro
590 2299 597 2316 .
616 2303 623 2318 .
642 2299 649 2317 .
668 2253 846 2320 Diocliensi
862 2254 1117 2339 Archiepiscopo
1141 2252 1415 2337 transmittimus,
1440 2257 1474 2316 ut

345 2356 379 2422 in
405 2364 531 2442 partem
556 2365 664 2426 nostre
690 2361 918 2428 sollicitudinis
938 2369 1092 2428 evocatus
1117 2364 1188 2428 sine
1214 2360 1340 2428 defectu
1363 2357 1476 2428 valeat

346 2464 445 2532 officii
472 2467 522 2531 sui
540 2467 682 2534 debitum
709 2469 899 2554 adimplere.
927 2471 1048 2535 Datum
1075 2470 1228 2535 Laterani
1254 2471 1308 2535 VI.
1325 2468 1406 2534 Idus
1423 2469 1475 2535 Ja-

346 2591 463 2638 nuarn.

454 2682 617 2766 Scriptum
643 2691 693 2750 est
718 2705 815 2772 super
839 2685 949 2752 hocin
976 2685 1113 2752 eundem
1133 2685 1201 2754 fere
1226 2686 1355 2753 modurn
1384 2683 1475 2752 uxori

347 2787 490 2856 eiusdem
511 2791 621 2875 Regis.

454 2897 491 2961 In
509 2897 646 2964 eundern
663 2897 731 2964 fere
758 2899 888 2966 modum
905 2899 1005 2967 nobili
1022 2900 1092 2967 viro
1108 2903 1141 2966 S.
1158 2902 1279 2985 Magno
1296 2902 1429 2988 Jupano
1445 2907 1475 2968 et

347 3005 441 3072 uxori
458 3004 602 3072 eiusdem
619 3005 651 3072 S.
669 3007 782 3092 Magni
797 3007 928 3094 Jupani.

454 3116 493 3182 ln
517 3116 653 3182 eundem
679 3115 747 3182 fere
763 3118 893 3184 modurn
918 3168 924 3182 .
950 3167 958 3183 .
985 3169 992 3184 .
1017 3117 1196 3185 Diocliensi
1220 3117 1474 3204 Arobiepisoopo

347 3241 449 3307 usque
475 3224 661 3309 adimplere.
694 3223 820 3302 Quibus
846 3227 945 3290 etiam
971 3227 1064 3292 nobis
1090 3231 1123 3291 et
1153 3227 1398 3293 suecessoribus
1423 3247 1474 3291 no·

348 3332 423 3396 stris
450 3331 618 3398 fidelitatis
643 3333 878 3418 iuramentum,
907 3333 992 3418 quod
1009 3335 1068 3400 tibi
1092 3335 1152 3400 sub
1172 3335 1262 3400 bulla
1277 3341 1393 3402 nostra
1408 3335 1475 3401 mit·

347 3437 445 3502 timus
463 3438 692 3523 interclusum,
720 3439 836 3506 devote
853 3441 985 3506 studeas
1011 3449 1044 3508 et
1059 3441 1224 3508 humiliter
1248 3441 1414 3508 exhibere.
1439 3443 1474 3507 In

348 3544 486 3610 eundem
511 3544 580 3610 fere
606 3547 735 3613 modum
761 3549 1044 3634 Archiepisoopis,
1076 3549 1251 3635 Episcopis
1279 3549 1473 3631 Abbatibns‚

348 3651 566 3717 Ecclesiarnm
581 3653 721 3720 Prelatis
738 3662 770 3721 et
798 3657 873 3722 aliis
894 3657 1029 3724 (lleriois
1053 3675 1111 3742 per
1127 3655 1326 3722 Dalmatiam
1350 3665 1384 3723 et
1399 3657 1473 3722 Dio·

349 3755 445 3820 oliam
456 3756 487 3820 in
499 3757 611 3841 Regno
622 3759 788 3826 karissimi
805 3763 837 3826 in
848 3763 978 3829 Christo
995 3761 1053 3828 filii
1064 3763 1165 3830 nostri
1176 3763 1473 3831 Wuloanilllustris

347 3863 448 3948 Regis
463 3863 589 3930 Dioclie
605 3873 637 3932 et
654 3869 818 3936 Dalmatio
834 3871 1018 3938 constitutis
1032 3890 1135 3956 usquo
1151 3869 1341 3938 solidantes.
1396 3927 1400 3932 .

349 4059 461 4128 (Migns,
481 4062 634 4116 innocentii
647 4066 696 4119 111.
711 4069 824 4120 Romani
847 4069 986 4120 Pontificis
999 4086 1082 4136 opera
1094 4067 1115 4122 1.
1128 4071 1184 4122 kur.
1198 4069 1275 4120 Paris
1293 4070 1369 4122 1855.
1382 4067 1442 4120 481.
1454 4065 1471 4118 1.

347 4177 383 4188 —-
396 4152 520 4218 Thoinsr,
533 4155 633 4206 Vetera
648 4158 822 4210 Monumenta
835 4159 975 4212 slavorum
989 4162 1205 4214 Moridionalium
1223 4160 1309 4212 Roma
1324 4161 1401 4211 1863.
1415 4161 1440 4209 5.
1453 4158 1472 4225 l)

348 4239 429 4308 Pejor
442 4260 508 4297 eren
521 4242 603 4312 pipai
616 4246 741 4300 lerdlnelr
753 4247 908 4316 kironalptt
921 4251 984 4302 adta
995 4251 1059 4305 Ood.
1070 4251 1145 4319 Dipl.
1164 4252 1227 4304 Vll.
1241 4252 1297 4304 lrbt.
1312 4252 1337 4302 b.
1348 4265 1370 4301 r.
1385 4247 1471 4300 llll

774 4535 1043 4552 Q
