3268 5194
647 317 760 420 aa,

103 519 223 608 paravi
238 520 370 586 vineam
386 519 429 586 ab
443 518 516 606 ipso
533 517 696 606 inriano,
723 518 767 585 ad
784 519 870 586 riam
890 539 952 603 que
968 519 1056 588 ducit
1075 519 1118 587 ad
1135 519 1240 588 vicum

107 651 170 717 pro
186 629 257 694 III]
274 629 334 695 sol.
352 648 413 715 pro
430 629 494 694 tine
510 648 621 696 coram
641 628 800 694 Usemiro.

220 733 246 824 †
262 737 304 801 Et
318 737 383 801 emi
398 743 518 802 terram
534 736 589 802 ubi
605 735 723 802 dicitur
738 736 896 823 Apraszo,
920 755 983 820 que
999 736 1060 804 luit
1076 739 1151 804 avio
1168 754 1240 803 mco

110 845 288 928 Michazzo,
306 863 404 928 quam
427 841 575 908 vendidit
590 841 705 908 mulier
721 842 801 925 eius,
829 849 862 908 ct
877 863 939 926 ego
962 843 1086 910 redemi
1112 865 1185 911 eam
1201 865 1242 911 ex

110 953 242 1021 illorum
267 950 441 1037 nepotibus
457 949 512 1032 qui
536 939 609 1014 eain
624 955 897 1033 comparaverunt
906 999 914 1032 ,
941 949 1096 1016 videlicet
1111 971 1132 1016 a
1148 953 1242 1018 Vras-

110 1081 207 1144 cana,
223 1061 382 1141 Matazza,
399 1065 432 1124 et
448 1055 490 1122 de
505 1055 700 1123 consobrino
717 1057 788 1121 eius
799 1057 904 1122 Vilcai
921 1055 1158 1124 etAmichazza
1174 1059 1241 1125 filio

111 1168 228 1235 Jadrei
255 1187 313 1254 pro
329 1167 361 1232 X
377 1167 438 1231 sol.
456 1171 489 1230 et
504 1165 537 1230 II
562 1165 712 1248 argentei
736 1183 776 1230 ac
792 1163 824 1230 ΙΙ
840 1163 970 1248 galetas
995 1166 1062 1231 vini
1085 1187 1143 1252 pro
1168 1166 1241 1249 fine,

112 1297 226 1343 eoram
250 1275 379 1341 Astrizo
405 1272 577 1360 podsuppo
602 1278 636 1338 et
659 1271 856 1356 Togedrago
882 1271 1011 1338 cluzaro
1022 1323 1031 1356 ,
1057 1281 1090 1339 et
1105 1273 1243 1339 Vilcana

112 1386 266 1467 bravaro,
284 1384 447 1448 Damiano
462 1381 531 1447 tilio
546 1381 691 1465 Matana,
708 1383 852 1447 Potrana
866 1379 932 1447 lilio
942 1379 1121 1469 Scorpune,
1138 1381 1242 1465 Balla,

111 1495 256 1579 Duymo,
271 1490 453 1576 Dragaviti.

225 1603 306 1666 Post
320 1601 381 1666 heo
406 1617 483 1665 vero
505 1598 722 1664 Suinimir
746 1599 834 1664 Rex
858 1596 994 1663 dederat
1019 1600 1121 1666 Stresi
1147 1619 1244 1666 avun-

113 1709 180 1776 culi
196 1709 248 1776 sni
263 1715 350 1774 totas
365 1714 482 1790 terras,
499 1725 562 1790 que
579 1713 675 1772 erant
690 1706 725 1772 in
740 1705 894 1790 Masaro;
914 1714 947 1772 et
961 1706 1138 1793 incipiente
1153 1729 1173 1773 a
1189 1711 1244 1774 Sa-

114 1823 195 1887 lona
218 1837 322 1901 usque
338 1816 456 1900 Biaki,
481 1821 516 1880 ut
531 1816 603 1900 ipse
619 1814 750 1882 tolleret
774 1815 929 1880 tributum
954 1816 997 1881 ab
1013 1815 1071 1882 eis.
1099 1817 1246 1899 Denique

114 1927 252 1996 volebat
266 1925 345 1990 milri
361 1943 420 2010 per
435 1924 500 1990 vim
515 1923 631 1989 tollere
647 1929 861 1989 memoratam
877 1930 1008 2007 terram,
1031 1924 1079 1990 ita
1096 1923 1245 2008 dicendo,

115 2035 205 2119 quod
230 2041 340 2100 essent
355 2032 504 2117 Regales.
530 2031 617 2096 Nam
637 2050 698 2114 ego
726 2032 835 2098 statim
861 2032 904 2097 ivi
920 2031 964 2097 ad
987 2033 1197 2099 Suinimirum
1212 2031 1246 2096 in

116 2141 290 2224 Subcnoio‚
307 2147 340 2207 et
355 2140 433 2206 duxi
449 2157 575 2205 mecum
590 2137 819 2205 vendicatores
841 2145 957 2223 terrae,
973 2145 1006 2205 et
1023 2177 1067 2187 —
1083 2177 1127 2187 -
1143 2175 1187 2187 -
1202 2175 1246 2186 -

116 2255 218 2332 recta,
236 2249 322 2332 quod
338 2250 412 2334 ipsa
426 2255 515 2314 terra
530 2268 595 2314 non
611 2254 699 2313 essct
714 2246 856 2331 Regalis,
884 2245 948 2313 nisi
964 2267 1085 2330 eorum,
1103 2248 1156 2331 qui
1173 2265 1247 2312 eam

115 2357 356 2441 uendiderunt,
382 2363 448 2422 tam
464 2355 506 2422 de
521 2357 587 2422 ista
603 2361 707 2440 terra,
734 2375 831 2438 quam
847 2353 887 2421 de
903 2355 963 2422 illa
972 2406 981 2440 ‚
1008 2375 1105 2441 quam
1120 2375 1247 2440 compa-

115 2471 190 2534 ravi
207 2469 242 2534 in
258 2467 393 2534 Uranna
407 2465 560 2533 Acillava
574 2465 684 2532 niuva.
701 2465 797 2532 Unde
812 2465 891 2531 milri
908 2467 1109 2533 confirmavit
1125 2464 1248 2553 praela-

117 2585 171 2642 tus
182 2578 254 2643 Rex
271 2575 456 2641 nominatas
468 2581 583 2658 terras,
601 2573 754 2639 utnullus
768 2573 922 2660 deinceps
932 2573 1150 2658 querimonias
1166 2573 1249 2638 saoc-

117 2691 179 2766 ret,
195 2683 337 2750 etetiam
353 2680 614 2749 maledictionem
630 2679 721 2747 dedit
735 2681 895 2765 omnibus,
912 2683 967 2766 qui
978 2701 1051 2748 earn
1061 2681 1247 2765 quesierint,

119 2798 198 2857 ante
215 2789 424 2856 Laurentium
448 2787 736 2875 Archiepiseopum
746 2839 755 2873 ,
782 2787 944 2854 Abbatcm
957 2789 1068 2855 Sancti
1085 2788 1250 2855 Bartholo-

119 2900 198 2982 mei,
223 2897 388 2982 Duymum
413 2897 553 2982 priorem
578 2897 740 2963 Abbatem
765 2898 874 2964 Sancti
901 2896 1077 2984 Stephani,
1104 2897 1250 2962 Dabrum

119 3004 328 3087 Platichlebi,
345 3009 377 3070 et
393 3005 551 3071 Jacobum
571 3005 767 3090 Marslicum,
784 3006 961 3074 Davarado
980 3005 1177 3089 duornicum,
1196 3005 1249 3070 Ul-

119 3116 198 3180 eina
213 3111 439 3196 sagorstioum,
456 3111 674 3196 presbiterum
690 3112 820 3179 Petrum
840 3111 1049 3196 cardinalem,
1067 3111 1249 3179 Johanncm

121 3220 341 3306 capellanum,
357 3219 487 3305 Duymo
507 3218 722 3306 podsuppum.

232 3325 257 3415 †
271 3327 325 3394 Ad
339 3329 399 3395 hec
414 3329 478 3395 emi
502 3335 606 3396 terras
633 3349 654 3394 a
669 3329 746 3396 liliis
761 3329 875 3397 Viseni
890 3328 1008 3394 Desino
1033 3337 1066 3395 et
1081 3327 1250 3413 Boydano,

122 3445 155 3505 et
171 3439 247 3504 aliis
261 3437 437 3520 fratribus,
463 3437 496 3503 in
513 3438 586 3504 loco
603 3436 792 3504 ubidicitur
811 3436 995 3524 Podsplize,
1022 3442 1250 3522 cognomento

121 3547 247 3628 ilirino,
262 3553 351 3611 terra
365 3551 399 3610 et
414 3544 509 3627 silva,
536 3551 569 3610 et
585 3549 707 3630 petras,
724 3551 827 3612 totum
845 3544 932 3628 quod
950 3545 1048 3611 estin
1064 3545 1177 3612 Mirizo
1192 3564 1252 3631 pro

121 3655 170 3721 VI
187 3654 247 3720 sol.
263 3671 323 3739 pro
339 3651 403 3717 fine
419 3657 452 3717 et
467 3649 607 3716 medium
624 3651 779 3734 haeretic,
805 3671 916 3719 coram
931 3652 982 3718 his
1002 3653 1150 3736 testibus,
1167 3671 1253 3737 pres·
1340 3629 1346 3643 ’

122 3764 230 3830 bitero
247 3759 357 3826 Dabro
373 3758 441 3825 filio
458 3757 576 3824 Telina
585 3809 594 3842 ,
622 3759 759 3827 diacono
775 3760 884 3826 llicha
902 3759 922 3825 J
926 3779 999 3827 orre
1014 3759 1090 3845 lilio,
1116 3759 1253 3827 diacono

124 3871 268 3937 sternata
292 3867 380 3933 filius
395 3866 539 3932 Pradani
565 3869 687 3952 Pecce,
715 3867 853 3934 diacono
880 3867 992 3934 Dabro
1013 3867 1098 3934 filius
1123 3869 1253 3951 Potrici,

123 3979 243 4045 Ulcina
260 3977 345 4042 filius
361 3973 502 4059 Climini,
520 3976 630 4043 Grnbo
647 3976 713 4042 filio
733 3975 898 4062 Bipirelle,
915 3977 1019 4044 Paulo
1035 3977 1149 4059 Acina,
1175 3977 1254 4040 Dra-

125 4105 162 4154 se
178 4092 211 4152 et
237 4083 385 4151 Gauaulo
411 4101 516 4168 nepus
532 4084 641 4168 Zune,
667 4085 769 4150 Stano
795 4085 861 4151 filio
885 4085 1014 4152 Petrici.
1042 4084 1083 4150 Et
1107 4101 1168 4166 ego
1185 4081 1255 4146 Diti

125 4194 214 4260 filius
239 4191 399 4258 diaeonus
424 4191 535 4258 Dabro
561 4193 645 4258 sicut
674 4189 785 4258 audivi
811 4211 832 4258 a
856 4191 992 4278 prefatis
1019 4189 1175 4273 testibus,
1208 4188 1255 4253 sic

125 4301 254 4387 scripsi.

236 4405 261 4495 †
276 4409 427 4493 Denique
452 4409 517 4474 emi
534 4408 576 4474 de
592 4427 746 4493 germano
762 4429 821 4496 pro
837 4417 956 4494 nepote
971 4407 1100 4474 Tamali
1124 4406 1254 4473 tertiam

126 4524 254 4606 partem
278 4515 419 4583 ecclesie
435 4517 546 4583 Sancti
565 4517 697 4583 Martini
712 4537 777 4602 que
794 4524 844 4584 est
868 4517 931 4584 sita
946 4519 980 4582 in
996 4523 1105 4582 monte
1129 4534 1255 4601 grasso,

127 4632 161 4696 et
175 4621 264 4694 totas
273 4630 390 4709 terras,
408 4643 469 4708 que
480 4625 642 4714 pertinent
659 4625 699 4694 de
710 4627 839 4694 Tamali
855 4645 915 4714 pro
925 4625 974 4695 111
990 4626 1049 4694 sol.
1071 4630 1104 4692 et
1114 4623 1255 4696 medium
