3238 5184
667 323 732 388 553

122 524 239 582 -tanea
264 538 336 584 oum
352 519 433 584 villa
459 519 585 584 nornine
601 520 749 607 Musuny‚
776 521 853 589 inde
873 541 945 590 oum
962 524 1042 590 villo
1056 523 1182 611 Balasij
1200 527 1257 610 filij

138 625 231 710 Apa,
258 623 376 691 deinde
392 644 501 692 versus
527 628 779 712 septentrionem
795 629 886 696 vadit
911 629 954 696 ad
978 628 1099 698 diotum
1125 632 1259 700 fluvium

139 734 234 798 Raba
251 734 448 819 appositum,
474 735 568 816 uulgo
594 736 810 820 Gonoysreny
830 735 959 820 dieitur,
984 737 1094 821 ibique
1120 738 1259 807 tenendo

138 850 243 909 metas
260 863 333 908 oum
350 843 425 908 filiis
441 841 558 926 Simoy,
576 843 670 910 etsie
695 844 916 910 terminantur.
943 845 1011 910 Nos
1027 846 1127 928 igitur
1143 846 1214 912 rixo
1228 855 1260 914 et

140 950 342 1017 eontenoioni
360 949 515 1016 dictarum
530 950 674 1035 paroium
694 953 790 1018 finem
809 953 976 1037 imponere
1004 953 1179 1038 cupientes,
1196 974 1259 1020 me·

139 1065 192 1126 tas
217 1059 302 1124 dioto
326 1066 447 1124 terrea
464 1059 625 1127 nominato
641 1060 801 1125 Miohaele
825 1059 990 1142 elevatas,
1018 1059 1051 1126 in
1077 1067 1260 1148 presentem

139 1166 297 1253 paginam
313 1166 447 1234 lenimus
458 1169 614 1250 annotari,
632 1187 769 1250 eamque
780 1167 943 1262 duppliois
960 1167 1061 1252 sigilli
1078 1170 1180 1236 nostri
1196 1189 1261 1234 rnn-

138 1274 261 1342 nimine
277 1274 310 1340 in
326 1275 540 1342 testimouium
566 1275 640 1342 lidei
666 1275 820 1342 iussimus
837 1282 993 1362 perpetuo
1015 1275 1169 1345 roborari.
1197 1279 1261 1344 Da-

137 1387 205 1448 tum
221 1401 305 1448 anuo
315 1381 490 1448 Dominioe
504 1381 751 1448 lnoarnaoionis
767 1380 940 1448 millesimo
958 1380 1191 1466 ducentesimo,
1208 1385 1261 1451 tri-

137 1489 263 1572 gesimo
280 1497 394 1572 quarto
412 1487 550 1576 (1234),
574 1490 679 1575 Regni
696 1489 797 1556 nostri
813 1509 899 1556 anno
916 1489 1083 1573 trigesimo
1100 1490 1214 1576 primo.

373 1684 496 1751 (Maisolat
512 1703 528 1738 a
543 1687 624 1738 budai
639 1688 688 1740 lrir.
703 1689 825 1740 kamarai
839 1683 1025 1754 levbltr'uban.)

568 1973 828 1987 m

662 2425 739 2494 348.

137 2603 244 2668 Jatot
264 2606 419 2689 pronestei
442 2605 726 2691 biberant-pltapb'k
752 2610 783 2672 ts
803 2609 907 2693 pdpot'
933 2609 1081 2673 Moatrrek
1109 2608 1265 2696 obmo'nya

140 2711 283 2775 Demeter
298 2711 417 2798 tirolpt
442 2713 561 2777 advari
576 2713 712 2778 btrorrok
737 2715 1002 2800 aponuonbatmi
1027 2719 1106 2803 aptit
1130 2717 1161 2779 ria
1177 2718 1266 2801 nepai

142 2819 212 2882 lcb'at
236 2819 461 2906 mapellapitotl
485 2821 599 2885 rendre
622 2817 713 2903 (349.
740 2845 781 2885 aa.
808 2824 856 2907 a.)
885 2823 1053 2888 vorsatkoao'
1076 2823 1265 2888 inteaboddae

551 2929 734 3014 ta'rpyciban.
757 2930 855 2994 1234.

250 3105 390 3174 Jaoobus
415 3106 629 3173 miseracione
655 3106 778 3173 Diuina
798 3108 1009 3174 Prenestinus
1034 3109 1165 3178 Rleotus
1181 3109 1266 3198 Apo-

142 3213 256 3279 stolioe
272 3215 364 3281 Sedis
380 3216 521 3299 Legatos
546 3215 707 3281 vniuersis
724 3213 844 3282 Christi
861 3213 1020 3300 fidelibus,
1048 3215 1092 3282 ad
1111 3237 1192 3302 quos
1217 3219 1266 3285 lit·

142 3325 212 3387 tere
227 3321 347 3388 suerint
360 3321 468 3388 delate
483 3329 662 3408 presentes,
685 3325 824 3390 salutem
840 3325 873 3390 in
889 3343 966 3392 vero
990 3331 1124 3393 auetore
1139 3329 1265 3394 salutis.

142 3427 269 3494 Tenore
294 3431 496 3515 presencium
520 3437 633 3517 pateat
653 3431 823 3512 universis,
850 3451 910 3499 nos
933 3433 1060 3499 litteras
1084 3433 1188 3502 fidelis
1205 3435 1266 3500 viri

142 3537 299 3604 Demetrii
327 3539 399 3604 aule
424 3538 526 3622 Regio
551 3538 679 3606 Judiois
701 3539 895 3626 inspexisse,
923 3541 956 3607 in
982 3541 1098 3625 quibus
1123 3542 1266 3628 profeoto

142 3645 385 3728 continebatur,
413 3646 499 3730 quod
519 3647 717 3730 jobagiones
746 3654 778 3714 et
802 3650 915 3735 populi
940 3649 1132 3718 monasterii
1156 3650 1267 3718 Sanoti

142 3751 272 3817 Martini
289 3751 329 3818 de
338 3753 434 3819 Sauro
445 3754 554 3820 Monte
564 3753 735 3820 Pannonie
750 3775 815 3822 non
825 3755 1082 3823 obseruauerunt
1096 3757 1267 3824 arbitrium

142 3877 201 3924 seu
226 3859 358 3926 laudum
382 3860 482 3926 latum
498 3879 556 3946 per
582 3860 716 3928 fratrem
739 3862 851 3930 Enooh
869 3862 1001 3930 Ordinis
1020 3863 1266 3930 Predioatorum

144 3973 176 4032 et
190 3965 380 4050 Magistrum
390 3965 648 4052 Cognosoentem
660 3967 877 4054 Capellanum
895 3979 1052 4054 nostrum,
1069 3975 1145 4036 tuno
1159 3971 1267 4052 Inqui-

142 4071 275 4140 sitorem
299 4072 445 4140 Eoolesie
467 4075 578 4140 saneti
594 4074 744 4159 Martini3
771 4074 858 4160 quod
884 4075 960 4142 lieet
984 4075 1071 4142 idem
1096 4074 1268 4142 arbitrium

141 4199 200 4246 sen
214 4180 347 4247 laudum
373 4182 589 4268 approbatum
614 4181 713 4250 fuerit
728 4200 786 4267 per
810 4179 952 4266 eosdem,
978 4189 1012 4249 ot
1026 4187 1095 4249 tam
1122 4201 1181 4267 per
1198 4203 1266 4269 nos,

142 4306 240 4371 quam
254 4308 314 4374 per
339 4288 504 4358 dominum
519 4292 644 4374 Regem
668 4289 765 4356 fuerit
780 4288 1012 4374 confirmatum,
1036 4295 1146 4356 tamen
1170 4288 1269 4357 iidem

137 4394 332 4478 jobagiones
349 4403 381 4463 et
394 4397 507 4484 populi
522 4401 794 4465 contrauenerunt
811 4396 941 4466 domino
960 4399 1043 4480 Regi
1062 4397 1178 4464 iterum
1192 4417 1267 4481 que-

141 4502 291 4585 relando,
313 4503 404 4572 ¹vnde
430 4501 536 4570 dietus
553 4503 668 4570 Abbas
694 4510 727 4570 et
742 4501 1081 4573 conventurfuorunt
1105 4502 1181 4571 inde
1196 4523 1267 4574 oon-

142 4609 248 4692 qnesti
264 4608 370 4680 eidem
386 4611 517 4682 domino
532 4611 632 4698 Regi3
652 4608 789 4698 ideoque
804 4610 910 4680 dietus
925 4613 995 4682 Rex
1013 4631 1145 4683 oausam
1161 4612 1268 4700 ipsam
