3164 5192
842 339 860 346 ψ
886 245 954 344 ,1,θέ

360 455 454 520 cione
466 449 597 518 Domini
607 447 652 512 Μ’
663 445 700 512 0⁰
711 441 924 527 nonagesimo
934 441 977 506 ΙΙ.
989 439 1178 508 Venerabili
1188 438 1249 506 Job
1261 431 1483 522 Arehicpisco-

358 585 400 650 po
411 557 625 643 strigoniensi
638 555 807 624 existente.
825 551 925 618 Saule
941 548 1028 638 (igy)
1038 545 1484 630 Colocensidrehiepiscopo‚
1523 589 1524 648 ,

358 673 452 736 Petro
463 667 616 752 Agriensi
627 664 802 750 Episcopo,
819 662 954 746 Vgryno
966 657 1139 725 Geuricnsi
1148 657 1324 744 Episcopo,
1340 651 1484 720 Adriano
1523 651 1525 742 t

357 775 581 842 Vitrasiluano
598 773 775 858 Episcopo,
801 767 952 856 Crispino
967 765 1160 834 Senadicnsi
1176 765 1352 852 Episcopo,
1378 759 1486 828 Blasio

358 883 503 950 eiusdem
528 881 590 948 loci
607 879 746 946 Abbate.
774 879 852 962 Mog
868 875 1019 942 Palatino
1037 872 1163 940 Gemite
1178 878 1211 939 et
1232 869 1350 940 eodem
1366 867 1486 953 Bachy-
1526 914 1528 956 ,

359 993 447 1076 ensi;
466 989 636 1056 Dominico
651 986 774 1054 Curiali
785 985 921 1069 Gemite,
938 991 971 1051 et
981 983 1095 1052 eodem
1105 979 1343 1066 Budrigyensi;
1358 977 1487 1043 Andrea
1528 1001 1529 1030 r

359 1099 485 1167 Gemite
500 1097 690 1182 deSuprun,
707 1095 791 1161 Both
803 1093 928 1162 Comite
945 1092 986 1159 de
997 1093 1134 1180 Bychor,
1156 1087 1307 1158 Cornelio
1319 1084 1486 1154 Gauriensi
1528 1077 1530 1096 '

360 1207 495 1274 Gemite.

434 1367 484 1432 (Aa
497 1385 523 1418 u.
537 1383 562 1419 n.
576 1373 653 1418 vitriis
668 1367 805 1434 luitnyvboi
820 1383 836 1418 a
849 1365 1042 1432 pannonhalmi
1054 1361 1200 1432 idapdtsdg
1211 1353 1423 1423 leveltdrdban.)

798 1653 951 1662 ———--—-
957 1651 1056 1658 —-.--

366 2401 473 2468 Cduaa
489 2425 511 2464 a
526 2402 666 2488 spolatoi
681 2411 767 2466 ssent
783 2401 944 2466 Benedake'
960 2403 1061 2465 ze'rdo
1071 2401 1419 2488 faedatam-umorem,
1433 2395 1484 2459 Pd

368 2521 414 2571 tet·
436 2509 524 2572 c'rsek
540 2508 702 2573 ite'lctdnelc
720 2506 856 2594 folpta‘n
873 2507 988 2572 Aballo
1003 2511 1085 2570 nonii
1108 2509 1246 2573 tircotot
1268 2505 1393 2574 askttoel
1417 2501 1484 2568 tabi

795 2619 946 2702 corepitjo.
971 2618 1066 2680 1192.

474 2813 511 2876 In
525 2812 644 2878 Christi
659 2813 798 2879 nomine.
817 2811 911 2878 Anno
923 2811 1115 2879 Dominicae
1125 2810 1370 2877 Incamatiouis
1389 2809 1484 2890 1192,

367 2919 548 2986 Indictione
564 2940 640 2986 vero
657 2913 718 3004 XL,
745 2926 892 3005 tempore
908 2917 1096 2987 Grubessae
1116 2917 1269 3002 Comitis,
1299 2919 1382 2984 etin
1397 2915 1485 2982 Buca-

367 3033 441 3092 ratu
457 3027 514 3093 dlii
531 3026 683 3094 Garucuii
699 3029 759 3094 hoe
776 3034 883 3093 actum
899 3035 959 3112 est,
976 3028 1062 3111 quod
1078 3025 1247 3113 praedicto
1263 3007 1411 3112 tempore
1433 3023 1484 3088 cle·

369 3134 456 3200 deus
472 3135 549 3200 Vita
572 3136 684 3201 Sancti
703 3133 860 3220 Cypriani
886 3135 1065 3221 plebanus,
1091 3153 1194 3221 nepos
1217 3132 1362 3199 Mundizi
1385 3135 1486 3198 conns

370 3265 420 3310 me
432 3243 573 3308 Chazam
585 3243 695 3308 Sancti
705 3241 871 3308 Benedicti
882 3241 1092 3310 Abbatissam
1102 3243 1283 3326 insurgens,
1296 3247 1332 3306 ut
1345 3241 1385 3306 de
1397 3249 1483 3318 terra,

367 3370 452 3434 quae
468 3357 517 3415 est
533 3349 672 3432 Aballo,
697 3369 797 3434 quam
814 3348 891 3414 olim
908 3350 1049 3415 Mariula
1066 3349 1210 3415 Heelene
1229 3349 1426 3416 Monasterio
1440 3345 1484 3412 ob·

366 3459 495 3540 tulerat,
510 3477 618 3523 coram
630 3456 887 3542 Archiepiscopo
897 3456 1177 3543 responderemus,
1197 3457 1330 3524 assidue
1340 3455 1483 3523 instabat.

368 3565 551 3632 Constituto
577 3563 687 3646 itaque
714 3564 873 3648 termino,
900 3571 933 3629 et
948 3563 1001 3630 dic
1017 3585 1076 3649 pro
1104 3565 1280 3650 optinendo
1306 3556 1485 3633 Monastcrii

362 3675 437 3755 jure
462 3690 571 3735 coram
586 3671 682 3735 Petro
698 3671 975 3755 Archiepiseopo,
1001 3677 1033 3736 et
1048 3673 1201 3739 universo
1219 3671 1373 3758 Capitulo
1396 3670 1484 3735 ineu-

366 3777 441 3844 riali
457 3776 581 3862 palatio
605 3777 777 3844 astitimus.
804 3771 908 3860 Igitur
922 3777 1018 3842 nobis
1040 3778 1112 3861 jam
1137 3779 1241 3846 dietus
1266 3781 1402 3846 clericus
1418 3775 1482 3842 Vita

366 3887 407 3951 de
423 3882 589 3968 praedicta
606 3891 692 3949 terra
706 3882 876 3968 proposuit
890 3901 1061 3966 asserens,
1087 3883 1195 3969 ipsam
1211 3885 1324 3952 Sancti
1341 3881 1483 3970 Cypriani

367 4011 451 4059 esse.
476 3991 580 4058 Nobis
604 3993 714 4076 itaque
739 3991 783 4056 ad
801 3991 941 4058 invicem
968 3992 1248 4080 disceptantibus,
1276 4015 1373 4079 quam
1396 3995 1481 4075 longo

367 4107 547 4185 temporum
564 4098 722 4166 curriculo
748 4099 822 4183 ipsa
839 4105 927 4164 terra
938 4099 1012 4182 jure
1029 4100 1249 4168 haereditario
1264 4100 1482 4170 Monasterium

366 4226 445 4273 usus
462 4206 578 4288 fuerat,
603 4205 682 4274 mihi
697 4205 896 4274 Abbatissae
911 4205 1186 4295 Archiepiscopus
1201 4210 1298 4277 simul
1314 4231 1385 4277 eum
1400 4205 1482 4291 Capi-

372 4315 442 4380 tulo
460 4319 671 4396 sacramento,
689 4313 767 4397 quia
781 4313 932 4398 praefata
943 4321 1030 4380 tarra
1046 4337 1110 4382 non
1125 4319 1238 4384 Sancti
1253 4316 1417 4406 Cypriani,
1432 4311 1482 4382 sad

366 4424 468 4488 nostri
485 4420 675 4486 Monastarii
690 4427 750 4504 est,
769 4420 951 4505 judicavit,
980 4429 1012 4488 ct
1029 4443 1070 4490 ex
1086 4425 1164 4491 inde
1189 4425 1361 4494 diaconum
1377 4423 1482 4491 Salios.

366 4533 434 4592 tum
450 4527 543 4594 nobis
567 4527 790 4612 praestaldum
806 4527 935 4612 tribuit,
963 4531 1050 4613 quod
1065 4515 1304 4608 sacramentum
1325 4534 1374 4602 bis
1391 4531 1480 4600 soien-
