3200 5182
670 844 747 910 298.

137 1023 167 1088 A
188 1027 342 1090 croczmoi
358 1023 513 1110 kdplolon
536 1023 809 1110 bizonpodqlecela
834 1027 912 1109 luopy
929 1024 1110 1090 Germanus
1134 1050 1269 1109 corneas

137 1133 206 1196 Pru
222 1136 254 1197 do
270 1133 404 1219 Geryely
422 1132 560 1219 Ilydrrolc
577 1134 642 1217 fiai
657 1156 679 1195 o
695 1134 942 1197 Komanclra‘bon
957 1133 1059 1218 fckvd'
1076 1134 1269 1220 za'loylo'rtolc

356 1241 938 1327 lciodltu'sororrdzoemcyepyezlcedtelr.
958 1244 1052 1306 1229.

251 1437 319 1502 Nos
331 1434 518 1522 Capitulum
531 1437 760 1505 Chassmensis
775 1439 923 1504 Ecclesie
945 1439 1097 1504 memorie
1112 1437 1269 1506 corirmen-

139 1544 267 1630 damus,
294 1545 381 1628 quod
398 1545 513 1614 Comes
529 1546 711 1614 Germanus
728 1569 747 1613 a
764 1553 856 1632 parte
873 1568 947 1630 vna,
975 1548 1017 1612 ab
1034 1549 1140 1612 altera
1162 1557 1268 1614 autem

139 1654 265 1720 Paulus
281 1661 313 1719 et
329 1652 506 1738 Gregorius
522 1657 579 1742 lilij
597 1656 670 1742 llya
685 1656 901 1741 personaliter
917 1675 1024 1720 eoram
1046 1656 1139 1721 nobis
1156 1659 1270 1722 consti-

139 1762 225 1848 turi,
251 1748 338 1828 idem
359 1763 475 1830 Comes
501 1766 685 1832 Germanus
710 1761 875 1846 quandam
901 1769 1020 1828 terram
1047 1765 1077 1828 in
1103 1766 1271 1830 Kamaolm

140 1870 239 1934 sitam
256 1889 357 1955 prope
373 1870 555 1936 Ecclesiam
571 1871 671 1936 Beate
692 1869 836 1952 Virginis
852 1870 945 1936 iuxta
961 1891 1080 1954 aquarn
1104 1873 1271 1939 Kamaeha

142 1975 187 2041 ad
204 1976 311 2061 ipsum
335 1997 376 2042 ex
391 1984 485 2063 parte
511 1976 589 2042 dicti
604 1977 697 2042 Pauli
721 1997 779 2061 pro
807 1976 1064 2060 vigintiquinque
1090 1979 1208 2046 marcis
1225 2001 1272 2044 se-

143 2083 285 2148 cundum
304 2089 448 2150 tenorem
464 2087 643 2151 litterarum
660 2090 841 2150 nostrarum
866 2083 960 2150 titulo
980 2085 1126 2169 pignoris
1144 2086 1271 2186 deuolu-

142 2197 223 2272 tam,
240 2211 339 2274 quam
355 2190 441 2256 idem
452 2193 573 2257 Paulus
589 2192 623 2258 in
640 2193 777 2258 termino
790 2191 1027 2277 redempcionis
1038 2191 1193 2279 deputato
1208 2215 1272 2261 nou

145 2299 337 2383 redemerat,
354 2299 438 2364 sicut
453 2300 485 2366 in
504 2301 580 2385 alijs
597 2301 713 2366 litteris
729 2301 848 2368 nostris
865 2301 1055 2385 exprimitur
1067 2302 1184 2368 exinde
1201 2322 1273 2368 con-

143 2408 251 2495 fectis,
277 2407 457 2492 resignauit
473 2417 507 2474 et
523 2411 653 2492 reliquit
679 2431 787 2475 coram
807 2409 902 2476 nobis
928 2431 1039 2476 amore
1064 2411 1273 2495 cognacionis

145 2513 253 2582 eidem
272 2516 391 2599 Paulo;
419 2517 561 2601 quinque
588 2518 706 2583 marcis
730 2518 771 2583 de
788 2517 921 2604 propria
946 2519 1085 2602 pecunia
1104 2527 1136 2584 et
1160 2539 1273 2603 graua-

145 2624 243 2707 mine,
261 2623 348 2707 quod
364 2627 518 2691 intererat
532 2647 590 2711 pro
607 2626 957 2713 obmissionctermini,
978 2627 1145 2693 relaxatis.
1166 2631 1214 2694 lle
1231 2667 1273 2676 ——

146 2769 190 2778 -
207 2768 251 2781 -
267 2769 311 2780 -
327 2733 457 2816 quidem
473 2739 561 2800 terra
578 2755 635 2819 pro
653 2734 791 2800 residuis
809 2733 923 2817 viginti
945 2737 1063 2800 mareis
1080 2734 1178 2818 ijdem
1195 2737 1273 2800 Pau-

146 2839 208 2924 lus,
227 2846 259 2904 et
276 2840 454 2924 Gregorius
469 2840 571 2906 frater
588 2841 744 2923 eiusdem,
765 2845 883 2904 terram
900 2839 1110 2906 sufficientem
1128 2842 1263 2927 adquin

146 2967 210 3031 que
227 2955 338 3014 aratra
353 2967 424 3013 oum
441 2948 587 3015 sessione
603 2949 676 3031 Ilya
692 2948 796 3032 patris
813 2965 922 3012 eorum
939 2948 973 3012 in
990 2955 1108 3031 monte,
1125 2956 1157 3013 et
1173 2949 1273 3015 fundo

146 3053 243 3118 unius
259 3053 434 3120 molendini
460 3053 493 3120 in
513 3053 692 3138 Kamecha,
719 3052 857 3118 confessi
874 3059 949 3120 sunt
965 3054 1092 3138 pignori
1108 3055 1276 3137 obligasse

148 3161 320 3228 Dominieo
347 3161 414 3229 lilio
441 3162 543 3247 ipsius
560 3161 695 3227 comitis
712 3163 889 3245 Garmany,
911 3161 1026 3226 adata
1042 3162 1274 3246 pressenoium,

148 3269 301 3335 videlicet
315 3290 336 3334 a
350 3269 433 3336 festo
446 3269 689 3354 BeatiNieolay
705 3269 738 3334 in
749 3269 875 3334 decima
886 3271 1091 3337 reuolucione
1108 3269 1186 3337 anni
1202 3291 1274 3335 cum

148 3377 288 3462 hijsdem
299 3377 415 3463 viginti
433 3378 551 3444 marcis
562 3399 671 3443 coram
688 3377 782 3444 nobis
798 3377 1039 3462 redimendam;
1056 3377 1275 3462 itaridelioet,

149 3485 237 3568 quod
248 3491 325 3551 ante
338 3485 444 3572 ipsum
461 3486 632 3552 terminum
648 3485 747 3568 ijdcm
764 3483 821 3570 filij
834 3485 916 3569 llys,
935 3503 1125 3569 quecunque
1141 3485 1187 3550 eis
1205 3505 1276 3568 pos-

148 3591 292 3658 sibilitas
308 3593 447 3678 affuerit,
472 3595 525 3660 vel
542 3595 680 3679 proximi
696 3591 828 3680 eisdem,
848 3613 984 3678 quorum
1010 3614 1111 3660 causa
1127 3593 1275 3660 interlue-

149 3701 202 3783 rit,
219 3701 408 3767 facultatem
433 3701 518 3767 hano
534 3701 654 3767 dictam
670 3711 790 3767 terram
814 3723 886 3768 cum
903 3703 1050 3787 predicta
1074 3703 1212 3788 pecunia
1228 3724 1277 3769 oo·

149 3827 221 3873 ram
237 3808 331 3874 nobis
341 3808 519 3875 redimendi
535 3807 721 3896 (habeant);
740 3808 814 3896 ipsa
824 3815 932 3875 autem
949 3810 1090 3894 quinque
1107 3817 1218 3877 aratra
1234 3811 1276 3876 ei-

150 3916 225 3982 dem
242 3915 412 3982 Domlnico
428 3917 461 3982 in
479 3917 652 4002 montibus,
676 3918 779 4001 siluis,
804 3917 988 3984 nemoribus
1005 3927 1037 3983 et
1052 3919 1147 3982 terris
1174 3919 1278 3984 arabi-

150 4023 237 4090 libus
254 4025 417 4110 oomplere
442 4030 627 4092 tenerentur
653 4025 751 4108 ijdem
769 4026 825 4108 filij
842 4026 925 4108 llys,
952 4025 1035 4090 sicut
1058 4045 1166 4091 coram
1183 4025 1279 4092 inter-

150 4132 259 4198 cessit.
274 4132 394 4198 Verum
411 4133 676 4218 quiaprediotam
693 4140 809 4197 terram
828 4152 1059 4197 nuncroouam
1070 4151 1143 4197 esse
1160 4132 1280 4200 dixerit

150 4247 185 4306 et
201 4239 392 4326 desolatam,
419 4239 592 4306 interuenit
609 4261 717 4308 coram
734 4240 837 4326 nobis,
864 4240 951 4324 quod
970 4239 1127 4305 utilitates
1147 4248 1179 4306 et
1194 4241 1279 4306 edifi-

152 4349 214 4432 cia,
240 4367 321 4432 quas
346 4353 378 4414 et
394 4369 456 4433 que
482 4349 568 4414 idem
585 4349 774 4416 Dominious
800 4368 898 4433 super
913 4347 997 4413 facie
1023 4355 1107 4413 terre
1134 4347 1280 4433 predicte

153 4456 260 4524 medlo
284 4461 430 4541 tempore
456 4459 679 4542 construxerit,
697 4463 771 4543 post
802 4462 929 4541 tempus
955 4457 1006 4522 vel
1032 4457 1203 4522 terminum
1234 4476 1280 4521 re-

152 4563 354 4650 dempcionis
381 4563 525 4630 eiusdem
551 4585 649 4651 super
669 4566 783 4631 eadem
812 4562 993 4650 residendo,
1021 4583 1122 4650 usque
1144 4564 1186 4630 ad
1202 4563 1280 4628 anni
