3202 5190
598 343 775 445 aa.

133 536 277 620 potentis
293 537 355 602 Dei
371 545 404 602 et
421 537 637 604 Beatissimae
653 539 715 604 Dei
732 539 917 622 Genitricis,
940 547 973 605 et
988 561 1045 626 per
1059 542 1262 610 intercessio-

131 664 191 710 nes
209 645 400 711 Sanctitatis
417 645 562 729 Vestrae,
590 666 704 712 sanum
721 655 770 712 est
786 654 818 712 et
834 648 968 713 multum
988 649 1070 714 beno
1086 651 1261 718 cumomni

130 753 254 838 gaudio
274 761 306 818 et
330 755 557 820 exsultatione.
588 755 657 821 Hoc
684 763 792 820 autern
818 763 929 820 notum
955 757 997 820 sit
1011 757 1185 823 SanctItati
1201 759 1260 825 Ve-

130 869 230 944 strae,
248 867 341 946 pater
356 863 508 946 specialis
525 863 630 945 Regni
647 863 720 946 mei,
741 863 871 929 domiue
886 864 987 948 Papa,
1005 864 1092 948 quod
1108 864 1258 932 dominus

101 963 106 974 ’
128 971 217 1053 Leo,
234 971 379 1054 Legatos
395 971 605 1056 Apostolicae
621 972 737 1055 Sedis,
765 973 854 1038 venit
879 972 922 1036 ad
938 971 1114 1058 Imperium
1140 992 1257 1056 mourn,

129 1075 192 1140 sibi
209 1075 348 1142 afferens
366 1097 518 1143 coronam
535 1085 568 1144 et
584 1097 655 1142 eam
674 1077 879 1160 benedicens,
898 1097 997 1163 super
1012 1084 1111 1163 eaput
1125 1079 1257 1164 Imperii

128 1183 192 1248 mei
208 1182 359 1265 imposui,
371 1184 446 1248 etin
463 1183 612 1250 manibus
623 1183 703 1248 meis
720 1182 810 1249 dedit
825 1182 904 1247 mihi
918 1189 1082 1268 sceptrum
1091 1189 1189 1266 atque
1205 1203 1256 1250 vo-

125 1291 241 1358 xillum
252 1342 262 1374 ,
287 1295 319 1356 et
345 1292 511 1357 benedixit
535 1293 741 1359 sanctissimo
766 1292 977 1357 Patriarchae
1004 1292 1109 1375 Regni
1136 1293 1199 1358 mei
1224 1298 1257 1358 ot

125 1401 226 1467 totius
243 1401 420 1484 Bulgariae
445 1421 485 1466 ox
510 1409 687 1488 praecepto
705 1405 840 1468 Vestrae
865 1401 1077 1486 Sanctitatis;
1102 1408 1134 1466 et
1158 1400 1255 1468 valde

124 1507 197 1573 Deo
213 1513 246 1572 et
262 1507 479 1574 Beatissimae
496 1510 557 1574 Dei
575 1507 751 1592 Genitrioi,
777 1529 903 1576 necnon
920 1516 952 1575 et
973 1507 1254 1594 circumspectioni

124 1615 262 1679 Vestrae
286 1613 476 1680 Sanctitatis
502 1615 777 1698 glorificavimus,
803 1637 861 1698 eo,
886 1615 972 1698 quod
1001 1614 1177 1681 secuudum
1199 1636 1252 1701 pe-

125 1723 272 1789 titionem
288 1721 420 1806 Impcrii
446 1723 508 1787 mei
525 1723 688 1788 Sanctitas
706 1723 823 1788 Vestra
845 1729 946 1789 totum
972 1741 1064 1788 suurn
1089 1723 1174 1787 velle
1198 1723 1252 1788 ad-

124 1831 280 1916 implevit.
298 1832 340 1894 Et
352 1829 667 1913 universaBulgaria
683 1835 780 1914 atque
791 1829 936 1914 Blachia,
953 1835 985 1895 et
1001 1831 1104 1896 omnis
1121 1831 1252 1916 Imperii

123 1939 186 2002 mei
203 1935 410 2022 pertinentia,
427 1935 523 2002 valde
540 1936 733 2019 glorificavit
749 1927 945 2002 et'Vestram
961 1936 1171 2002 Sanctitatem
1187 1955 1252 2002 ma-

124 2044 288 2128 gnificavi.
314 2043 428 2110 Scribo
452 2049 559 2109 autem
584 2043 677 2110 vobis
693 2050 725 2109 ct
741 2045 781 2109 de
798 2045 954 2129 Ungaria,
979 2043 1132 2127 quoniam
1148 2042 1251 2130 Impo-

123 2152 206 2217 rium
224 2171 330 2216 meum
346 2170 412 2215 nou
438 2150 536 2215 habet
551 2151 696 2234 aliquam
712 2151 902 2217 societatem
922 2150 1101 2234 regionum,
1125 2151 1178 2216 vol
1193 2152 1250 2218 ali-

122 2281 221 2344 quam
237 2279 304 2324 rem
321 2279 392 2324 oum
407 2277 464 2340 eo,
491 2279 596 2341 neque
613 2258 642 2322 ei
659 2267 772 2342 nocet,
797 2260 863 2326 imo
880 2257 951 2344 ipse
975 2257 1192 2342 parvipendet
1217 2267 1250 2326 ot

122 2375 218 2434 nocet
242 2365 432 2450 regionibus
466 2367 598 2451 Imperii
624 2366 695 2431 mei.
731 2367 772 2430 Bt
797 2366 946 2432 dominus
970 2367 1036 2430 Leo
1064 2365 1249 2432 sarcinatis

123 2475 226 2559 vidit,
251 2482 283 2541 et
298 2475 436 2541 Vestrae
452 2473 623 2540 Sanctitati
641 2473 848 2539 annuntiabit
866 2473 991 2558 justum
1008 2475 1059 2539 vel
1083 2475 1247 2560 injustum,

91 2565 94 2570 ¹
122 2582 211 2667 quod
227 2590 277 2648 est
304 2583 346 2647 ab
363 2579 504 2667 Imperio
530 2603 601 2647 meo
612 2632 621 2665 ,
646 2586 703 2646 aut
718 2579 746 2646 si
766 2599 826 2664 ego
854 2578 1054 2666 parvipendo
1069 2581 1246 2666 ngarum,

121 2675 175 2756 vel
192 2689 220 2755 si
236 2689 308 2775 ipse
320 2707 424 2752 meum
435 2687 610 2771 Imperium
622 2685 839 2771 parvipendit.
857 2687 898 2752 ut
907 2685 1029 2753 scribat
1045 2687 1074 2752 ei
1085 2687 1248 2754 Sanctitas

120 2803 248 2884 Vestra,
265 2801 425 2880 quatenus
442 2796 540 2861 distet
555 2815 576 2860 a
592 2797 704 2880 Regno
721 2814 802 2878 meo,
823 2794 976 2880 qnoniam
993 2796 1168 2880 Imperium
1185 2815 1247 2861 mc-

120 2929 174 2974 um
191 2927 251 2972 nec
268 2925 342 2970 eum
358 2903 456 2970 habet
469 2903 717 2989 parvipendere,
735 2923 794 2968 nec
811 2911 925 2970 contra
941 2909 1047 2969 terras
1063 2903 1133 2986 ejus
1145 2903 1245 2970 abiro.

120 3017 156 3082 Si
170 3033 247 3082 vero
263 3013 336 3100 ipse
352 3012 476 3079 venerit
501 3017 612 3078 contra
627 3017 731 3078 terras
746 3011 880 3096 Imperii
896 3011 979 3094 mei,
1005 3015 1037 3076 et
1052 3011 1141 3076 Deus
1157 3009 1246 3093 adju-

119 3121 212 3204 verit,
229 3126 264 3186 ut
279 3118 439 3202 vincatur,
463 3139 528 3185 non
543 3118 664 3184 babeat
679 3117 843 3183 Sanctitas
859 3117 976 3182 Vestra
993 3115 1166 3200 Imperium
1183 3133 1245 3180 mo·

117 3251 171 3297 um
189 3234 386 3313 suspectum,
403 3226 462 3292 sed
476 3227 537 3294 sim
553 3226 646 3292 liber.
664 3227 714 3290 De
724 3225 850 3290 Latinis
863 3239 1000 3309 quoque,
1021 3223 1075 3306 qui
1088 3223 1245 3290 Constan-

116 3335 288 3422 tinopolim
303 3333 508 3417 introierunt,
525 3333 632 3400 scribo
649 3331 822 3397 Sanctitati
838 3333 986 3415 Vestrae,
1009 3337 1044 3395 ut
1059 3330 1107 3396 cis
1124 3328 1244 3395 scriba·

116 3447 169 3530 tis,
187 3452 346 3529 quatenus
357 3442 479 3510 distent
495 3442 538 3507 ab
547 3441 689 3528 Imperio
700 3461 781 3524 meo,
802 3449 843 3524 et,
861 3441 944 3506 sicut
953 3438 1126 3525 Imperium
1138 3457 1244 3504 meum

117 3553 242 3619 nullum
254 3549 530 3630 malameisfacit,
547 3569 653 3633 neque
668 3547 732 3635 ipsi
743 3547 1097 3634 nobisparvipendant.
1114 3545 1149 3612 Si
1159 3543 1244 3612 forte

115 3663 179 3750 ipsi
197 3659 306 3727 conati
321 3657 439 3724 fuerint
455 3665 570 3725 contra
585 3656 761 3742 Imperium
777 3676 901 3738 meum,
928 3660 960 3720 ct
976 3650 1244 3739 parvipenderint

114 3789 207 3852 eum,
233 3772 266 3832 et
281 3764 445 3832 occidetur
461 3785 502 3830 ex
518 3764 586 3848 cis,
610 3785 675 3831 non
691 3763 812 3828 habeat
827 3763 990 3829 Sanctitas
1007 3760 1126 3827 Vestra
1141 3759 1242 3844 Impe-

113 3879 197 3944 rium
213 3891 321 3940 meum
336 3879 542 3957 suspectum,
570 3871 628 3937 sed
645 3871 710 3936 sint
725 3870 878 3936 universa
900 3868 1016 3934 libera.
1043 3865 1118 3933 Misi
1135 3871 1243 3931 autem

111 3984 153 4050 ad
170 3990 261 4048 tuam
287 4000 441 4064 magnam
456 3979 669 4046 Sanctitatem
685 3995 804 4062 pueros
823 3975 923 4058 duos,
950 3993 1032 4040 unus
1048 3993 1126 4040 vero
1142 3971 1242 4039 nomi·

51 4145 54 4150 .
112 4099 210 4158 natur
225 4089 379 4171 Basilius,
397 4087 483 4154 alius
499 4085 700 4170 Bitblebem;
727 4090 760 4150 et
775 4084 890 4150 dentur
905 4103 945 4148 ex
965 4089 1143 4167 praecepto
1159 4080 1240 4164 ojus,

111 4206 145 4266 ut
160 4197 336 4264 addiscant
351 4195 385 4261 in
402 4197 523 4262 sobolis
539 4194 666 4261 litteras
680 4191 826 4276 Latinos,
847 4189 1000 4274 quoniam
1011 4186 1064 4254 bic
1080 4205 1241 4271 gramma-

109 4310 196 4374 ticos
211 4324 277 4371 nou
293 4304 471 4388 babemus,
497 4301 552 4387 qui
569 4300 697 4386 possint
711 4297 857 4380 litteras,
884 4313 966 4380 quas
982 4292 1120 4375 mittitis,
1144 4293 1240 4358 nobis

110 4415 312 4498 transferre,
338 4419 371 4479 et
386 4417 559 4498 postquam
575 4411 639 4498 ipsi
656 4406 873 4490 addiscerint,
898 4402 1103 4470 remittantur
1122 4400 1165 4466 ad
1180 4399 1242 4466 Im-

113 4523 241 4607 perium
266 4541 383 4587 meum.
408 4521 484 4587 llisi
508 4525 616 4585 autem
643 4518 686 4584 ad
710 4532 866 4603 praesens
889 4513 923 4577 iu
947 4511 1041 4594 siguo
1056 4527 1179 4595 parvae
1194 4525 1241 4574 re

116 4627 318 4697 cordationIs
343 4627 487 4694 examita
514 4625 597 4712 duo,
617 4623 755 4711 episima
771 4621 891 4708 dupla,
916 4637 1016 4686 unum
1031 4621 1082 4683 est
1096 4615 1241 4698 ruboum,
