3200 5182
579 379 730 480 Q

85 580 199 662 disse;
225 581 503 664 supranominatis
529 601 607 646 nero
624 580 660 644 E.
679 587 711 644 et
728 577 766 642 Ο.
788 577 942 643 fratribus
968 578 1087 658 omnia,
1115 597 1215 658 quea

84 689 254 774 sepedicto
266 689 302 752 B.
321 689 520 771 dicebantur,
535 688 622 754 falsa
633 707 707 753 esse
724 686 956 770 asserentibus,
971 687 1056 751 idem
1067 687 1103 749 B.
1121 683 1214 766 dixit,

86 818 122 864 se
138 799 205 863 iam
232 798 337 862 altera
351 798 422 862 uice
447 817 556 864 coram
577 797 715 863 Nicolao
742 795 906 878 quondam
922 795 1074 861 Palatino
1092 794 1216 860 Comite

85 905 320 992 predecessore
335 912 446 971 nostro
464 927 484 970 a
501 904 626 971 Comitc
640 906 678 970 R.
695 912 808 969 oontra
824 902 998 987 quemdam
1013 903 1142 968 nomine
1159 901 1213 965 Mi-

86 1016 244 1098 chaelem,
272 1016 384 1096 quiex
401 1021 554 1099 precepto
570 1013 725 1098 Episcopi
746 1012 928 1077 Waciensis
949 1019 1069 1076 terram
1085 1012 1217 1094 impctc-

86 1121 147 1186 bat
162 1121 311 1204 eandem,
327 1120 429 1186 fuisse
445 1121 663 1203 constitutum,
688 1125 802 1186 contra
818 1139 912 1201 quem
930 1119 1075 1202 legitime
1098 1118 1215 1198 euicit,

87 1235 121 1294 et
136 1247 235 1314 super
250 1230 311 1295 hoc
327 1229 421 1296 nobis
439 1229 565 1294 litteras
576 1227 739 1313 pretaxati
757 1229 797 1292 N.
809 1226 943 1294 Comitis
959 1226 1099 1311 duplicis
1116 1225 1217 1308 sigilli

87 1335 140 1402 sui
155 1336 333 1402 munimine
349 1337 520 1404 roboratas
536 1337 683 1422 porrexit
705 1335 926 1403 continentes:

197 1444 239 1509 N.
256 1445 317 1510 Dci
342 1446 450 1528 gratia
476 1446 646 1511 Palatinus
662 1451 695 1511 ct
711 1443 828 1510 Comes
848 1442 889 1510 dc
909 1446 1037 1530 Suprvn
1065 1451 1216 1510 etoctera.

89 1550 142 1616 Ad
159 1551 314 1618 noticiam
330 1551 473 1618 omnium
493 1559 643 1618 etcetcra.

200 1657 321 1724 Contra
334 1678 429 1742 quem
439 1660 475 1723 Ε.
494 1665 527 1724 et
543 1658 581 1725 Ο.
598 1659 726 1725 litteras
737 1659 881 1724 eiusdem
893 1658 933 1722 N.
951 1657 1091 1722 Palatini
1108 1657 1217 1740 sigillo

91 1768 182 1833 annli
199 1768 250 1833 sui
265 1771 406 1835 munitas
432 1777 671 1854 presentarunt,
688 1769 855 1852 inquibus
873 1767 1107 1849 continebatur,
1132 1763 1218 1848 quod

90 1875 220 1960 priores
245 1877 364 1959 littere,
390 1897 471 1959 quas
496 1880 532 1944 B.
560 1884 761 1962 porrexerat,
787 1897 851 1944 non
877 1875 1031 1941 deberent
1057 1871 1216 1938 exaudiri.

90 1985 160 2049 Nos
176 2003 254 2048 vero
270 1989 441 2066 utrumque
466 2005 526 2069 par
543 1985 724 2051 litterarum
742 2002 800 2068 per
817 1984 979 2049 hominem
1003 1989 1148 2048 nostrum
1174 1980 1217 2044 ad

93 2091 252 2160 Comitem
262 2093 302 2157 N.
320 2095 513 2178 remisimus,
531 2102 566 2159 ut
582 2095 698 2176 quibus
710 2095 812 2160 maior
828 2091 908 2157 fides
924 2099 1010 2158 essct
1021 2089 1217 2171 adhibenda,

92 2200 186 2268 nobis
209 2201 383 2268 intimaret.
410 2205 485 2289 Ipse
501 2211 611 2269 autem
636 2203 764 2268 litteras
781 2201 902 2287 duplici
918 2192 1027 2285 sigillo
1054 2218 1112 2264 suo
1128 2197 1218 2262 robo-

93 2316 183 2374 ratas
208 2309 401 2376 iustificatos
424 2311 519 2377 nobis
545 2308 688 2394 remisit,
715 2309 842 2374 litteras
865 2327 943 2373 uero
967 2307 1064 2372 anulo
1090 2324 1148 2370 suo
1164 2303 1219 2368 im-

94 2437 239 2503 pressas,
266 2437 329 2499 que
345 2422 459 2483 contra
483 2415 607 2501 priores
623 2415 751 2480 fucrant
775 2419 970 2499 presentatc,
997 2412 1125 2498 penitus
1146 2430 1220 2476 can-

95 2525 236 2609 cellauit,
253 2525 373 2610 dicens,
400 2545 456 2592 eas
469 2525 555 2590 salsa
568 2523 779 2607 suggestione
803 2523 905 2588 fuisse
920 2521 1124 2606 impetratas.
1149 2518 1218 2583 Nos

95 2633 194 2717 igitur
210 2635 306 2700 finem
322 2633 433 2700 litibus
449 2633 616 2718 imponere
631 2632 788 2716 uolentes,
810 2650 851 2696 ne
867 2630 1037 2713 quisquam
1053 2627 1218 2694 hominum

96 2741 230 2808 ulterius
255 2741 455 2826 sepedictum
470 2742 506 2806 R.
525 2739 683 2806 Comitem
698 2759 796 2825 super
814 2737 930 2805 cadem
950 2745 1038 2802 terra
1052 2739 1220 2819 presumat

95 2849 279 2930 molestare,
304 2849 431 2915 litteras
447 2845 708 2934 praedecessoris
733 2844 834 2912 nostri
848 2842 1021 2931 priuilegio
1037 2849 1147 2910 nostro
1164 2837 1219 2905 du-

95 2957 192 3042 plicis
211 2956 319 3041 ‘sigilli
343 2957 445 3024 nostri
477 2957 652 3023 munimine
677 2953 828 3022 roborato
860 2953 996 3020 fecimus
1024 2949 1216 3016 confirmari.

95 3067 189 3132 Anno
206 3067 249 3132 ab
258 3063 490 3131 lncamacione
501 3062 631 3130 Domini
644 3060 816 3129 millesimo
827 3058 891 3126 CC'
901 3059 1054 3126 vicesimo
1071 3055 1218 3143 septimo.

96 3264 235 3328 (Eredetie
248 3259 422 3332 bdrhdrtyan,
436 3264 546 3330 rnelyrb'l
561 3278 577 3312 a
591 3267 669 3313 vdrds
683 3263 758 3312 saintl
772 3261 997 3326 selyemasinorcn
1006 3258 1115 3324 filggdtt
1128 3255 1220 3322 pecsdt

94 3355 234 3413 elvoszetu
258 3353 369 3404 abndci
384 3354 434 3404 lrir.
449 3353 571 3405 kamarai
591 3347 768 3402 lovdltdrban.
787 3348 886 3400 Miklds
899 3344 990 3400 Nidor
1010 3343 1221 3399 intdukeddscrdl

428 3457 459 3492 aa
472 3439 602 3505 olrmanyt
614 3455 675 3506 meg
688 3455 748 3490 uem
761 3434 904 3505 taltltom.)

527 3730 786 3740 ψ*-
