3238 5184
837 299 992 402 AEAE„

355 495 538 580 assignarit
553 503 710 582 perpetuo
726 501 762 563 ct
775 493 1289 580 inreuocabiliterpossidendem.
1306 497 1425 561 Datum
1440 495 1473 560 in

356 602 438 672 leste
454 605 548 671 Beati
559 605 729 672 Michaelis
739 600 939 688 Archangeli
955 623 1042 670 anno
1059 604 1190 672 Domini
1205 605 1250 670 lli⁰
1261 601 1473 688 nouum)

355 801 493 868 (Eredetia
512 817 528 854 a
547 799 710 870 Coeperlnyi
730 803 874 856 Oodexben
893 818 910 853 a
928 820 962 854 m.
976 801 1120 854 alrademia
1138 797 1346 867 kbnyrtirdualr
1363 797 1476 850 kizinti

781 888 1045 958 gynjtemtnytben.)

780 1183 1045 1208 Q..-

873 1622 949 1692 als.

354 1824 499 1909 Tropaea
515 1822 615 1886 truc-i
637 1820 818 1906 pttspb'knelr
832 1820 960 1886 leceleu
979 1819 1119 1909 opulntoi
1142 1822 1362 1910 laptuloulrcz,
1379 1822 1473 1908 mely-

350 1932 405 1997 ben
417 1931 548 1996 Produc
562 1929 738 1994 lraaouokot
747 1928 855 1992 annot
867 1927 1101 2014 pcirtfopdadba
1111 1931 1248 2017 ajdnlju.
1266 1933 1362 1996 1230.
1371 1931 1474 1995 lodrttl.

457 2145 535 2211 Viro
551 2142 730 2210 venerabili
754 2147 787 2207 et
812 2141 917 2208 amico
933 2141 1110 2207 karissimo
1127 2140 1161 2210 O.
1179 2141 1243 2208 Dei
1268 2143 1378 2227 gratia
1393 2145 1472 2228 Spa-

349 2252 469 2318 latensi
485 2250 720 2317 Arobidiaeono
746 2254 779 2315 ct
794 2249 942 2333 eJ'usdem
967 2248 1137 2315 Ecclesiae
1153 2248 1303 2334 Capitale
1328 2250 1470 2334 Tragoe-

297 2433 300 2440 .
349 2378 410 2424 nus
435 2357 646 2442 permissione
671 2355 794 2421 Divina
811 2355 1039 2439 Traguriensis
1065 2355 1233 2422 Ecclesiae
1254 2356 1402 2422 Minister
1416 2358 1471 2422 hu·

349 2464 444 2546 milis,
462 2483 572 2531 eorum
583 2461 731 2529 subditus
741 2467 773 2527 et
789 2462 922 2546 amicus,
939 2462 972 2528 in
982 2482 1060 2529 vero
1075 2462 1213 2530 salutari
1228 2464 1376 2533 salutem.
1394 2466 1470 2532 Uni-

347 2569 535 2638 versitatem
545 2575 699 2652 vestram,
715 2568 757 2634 de
773 2588 840 2653 qua
855 2587 933 2653 gero
950 2577 982 2635 et
997 2569 1088 2654 gessi
1105 2589 1233 2656 semper
1251 2572 1468 2638 indubitatam

346 2677 507 2760 fiduciam,
533 2676 714 2760 rogandam
730 2675 808 2742 duxi
833 2677 1028 2763 propensius
1053 2685 1087 2743 et
1111 2679 1280 2764 orandam,
1309 2687 1468 2762 quatenus

288 2837 291 2843 .
345 2805 487 2852 meorum
503 2783 730 2868 obsequiorum
745 2783 872 2868 intuitu,
898 2783 927 2849 si
944 2791 1108 2868 onasum,
1134 2787 1187 2850 vel
1203 2786 1296 2852 robis
1319 2787 1468 2870 aliquali-

344 2901 393 2961 ter
409 2895 595 2962 necessaria
612 2912 685 2960 esse
709 2898 870 2978 poterunt,
886 2891 1074 2959 Prodauum
1098 2894 1291 2960 servientem
1310 2901 1467 2978 nostrum,

344 3001 444 3068 filium
469 3007 502 3068 et
527 3000 782 3068 concanonicum
801 3000 835 3065 in
855 3003 931 3083 jure
956 2999 1193 3084 beneficiorum,
1219 3023 1241 3066 a
1266 3001 1468 3086 benignitate

343 3117 454 3180 vestra
469 3110 532 3176 sibi
558 3107 809 3174 misericorditer
834 3107 1037 3192 collatorum,
1063 3116 1279 3196 manutenere,
1306 3111 1419 3178 lovere
1435 3118 1467 3176 et

339 3221 456 3304 jurare
471 3216 668 3302 dignemini,
695 3223 730 3281 ut
745 3216 816 3301 ipse
838 3223 947 3282 vestro
968 3215 1079 3284 lavore
1104 3218 1329 3285 resistentibus
1355 3220 1465 3286 valeat

343 3323 505 3394 contraire
530 3323 706 3410 optinendo
721 3343 895 3408 concessa5
922 3331 954 3389 et
970 3343 1031 3407 ego
1047 3325 1080 3390 iu
1095 3323 1166 3408 boc,
1185 3326 1324 3408 qualiter
1346 3347 1398 3393 me
1418 3327 1464 3392 di·

342 3433 456 3518 ligitis,
474 3433 603 3499 valeam
619 3451 826 3516 cognoscere,
843 3439 875 3499 et
886 3432 1237 3500 Universitativestrae
1253 3452 1369 3498 serena
1383 3451 1462 3500 sem·

342 3559 400 3623 per
415 3539 580 3606 voluntate
596 3540 776 3623 gratiarum
796 3539 980 3627 expendere
996 3540 1149 3607 rationes.

581 3735 696 3802 (Parieti
708 3738 848 3806 Illyricum
861 3737 972 3791 Sacrum
984 3735 1032 3788 IV.
1045 3737 1102 3788 kur.
1115 3739 1176 3788 388.
1188 3737 1218 3801 l.)

775 4017 1032 4036 —u—-ffl
