3238 5184
338 515 450 600 nonie,
468 523 535 580 tarn
562 531 620 598 per
636 531 768 594 aquam,
793 530 893 594 quam
910 531 969 597 per
985 517 1103 578 terram
1128 529 1224 576 nemo
1239 509 1281 576 de
1297 506 1426 574 salibus
1442 507 1477 572 in

341 623 408 690 illis
426 621 529 688 tribes
555 619 693 685 nauibus
709 616 828 684 delatis
845 620 1001 686 tributum
1022 617 1165 702 exigere,
1192 617 1245 684 uel
1270 617 1386 701 aliqua
1410 615 1479 682 alia

240 739 248 754 ¹
342 729 540 816 dampnifica
550 727 725 795 exaccione
740 727 861 794 audeat
876 747 933 795 eos
943 726 1111 814 impedire.
1128 729 1170 794 ut
1186 746 1245 794 nos
1257 724 1477 812 postmodum,

340 856 476 920 quornm
501 835 645 917 interest,
671 853 735 902 non
753 835 858 902 solnm
885 840 1019 920 paterne
1045 832 1257 916 hereditatis,
1283 831 1344 899 sed
1370 833 1476 898 eciam

341 963 414 1010 esee
430 940 688 1008 Christianitatis
713 940 861 1025 heredes,
887 941 1024 1008 eandem
1041 942 1254 1010 elemosinam
1275 961 1297 1005 a
1311 947 1407 1026 patre
1422 959 1477 1006 no·

342 1055 410 1117 stro
427 1049 581 1116 collatam
597 1047 703 1114 eidem
715 1050 922 1133 Monasterio,
939 1050 1000 1114 snb
1017 1049 1164 1115 eiusdem
1180 1047 1343 1114 libertatis
1360 1055 1476 1114 tencre

341 1163 499 1244 perpetuo
516 1155 754 1222 confirmamus.
780 1157 822 1222 Et
838 1157 916 1239 quia
930 1157 963 1222 in
979 1157 1050 1241 ipso
1066 1157 1138 1224 loco
1155 1155 1330 1222 salifodine
1346 1153 1475 1240 predio-

341 1273 408 1332 tum
424 1265 657 1332 Monasterium
674 1264 767 1330 Beati
778 1264 910 1330 Martini
927 1264 1033 1330 minus
1049 1265 1152 1330 libere
1172 1269 1386 1332 consueuerat
1403 1281 1475 1347 pre-

341 1371 445 1440 dictos
470 1371 557 1438 sales
573 1373 733 1458 accipere,
760 1379 792 1438 et
808 1393 829 1440 a
845 1371 1083 1440 salifodinariis
1104 1372 1157 1438 nel
1173 1371 1250 1441 aliis
1275 1391 1374 1458 super
1389 1369 1475 1457 ipsis

342 1479 468 1546 salibus
493 1479 693 1546 multimodis
721 1478 951 1546 exactionibus
976 1480 1128 1564 fatigari,
1161 1501 1199 1547 eo
1225 1478 1312 1564 quod
1335 1477 1474 1544 libertas

342 1587 416 1672 ipsa
439 1585 637 1654 Monasterio
662 1592 771 1654 uestro
797 1606 954 1654 concessa
980 1585 1012 1651 in
1036 1585 1211 1672 priuilegio
1237 1585 1341 1671 patris
1368 1585 1472 1652 nostri

341 1698 447 1762 minus
462 1695 610 1781 plenarie
626 1701 695 1762 erat
715 1715 892 1781 expressa;
914 1696 954 1762 de
964 1702 1076 1764 nostra
1085 1697 1264 1780 largicione
1280 1695 1389 1762 eidem
1405 1695 1472 1759 blo-

341 1805 482 1872 nasterio
498 1805 735 1890 expressiorem
746 1804 965 1871 concessimus
976 1805 1181 1872 libertatem:
1199 1807 1243 1872 Ut
1252 1801 1400 1890 predicte
1416 1821 1471 1866 na-

341 1931 399 1977 ues
415 1911 527 1976 Sancti
542 1911 675 1978 Martini
698 1932 758 1998 per
774 1912 883 1980 omnia
899 1932 971 1978 eam
994 1912 1178 1978 libertatem
1193 1911 1346 1994 babeant,
1372 1929 1472 1993 quam

342 2019 535 2084 Bistriensis
552 2025 584 2086 et
595 2019 786 2087 Orodiensis
797 2020 1020 2088 Ecclesiarum
1036 2041 1137 2088 naues
1153 2022 1346 2086 habuerunt.
1364 2016 1471 2094 Quam

341 2125 553 2193 oollaoionem
570 2134 602 2193 et
618 2127 804 2192 libertatem
819 2147 841 2192 a
856 2132 951 2212 patre
965 2133 1087 2213 nostro,
1111 2134 1144 2193 et
1159 2127 1289 2193 anobis
1309 2127 1470 2194 bionaste-

341 2233 389 2298 rio
406 2241 514 2300 uestro
541 2253 738 2318 concessam,
765 2253 850 2300 nunc
866 2235 947 2301 etin
963 2234 1102 2302 futurum
1127 2243 1231 2303 ratam
1251 2236 1421 2317 habemus,
1438 2238 1471 2298 et

340 2357 380 2403 ex
397 2347 488 2405 certa
503 2341 646 2407 sciencia
662 2341 908 2426 confirmamus,
935 2343 1160 2427 promittentes
1177 2363 1235 2430 per
1250 2362 1310 2408 nos
1326 2347 1467 2409 nostros·

340 2465 403 2529 que
427 2464 643 2532 successores,
661 2468 701 2515 ea
726 2450 836 2515 omnia
860 2451 1046 2535 obseruare,
1072 2471 1135 2535 que
1150 2450 1299 2537 superins
1325 2454 1401 2516 sunt
1416 2468 1469 2513 cx-

341 2572 466 2638 pressa,
492 2559 525 2619 et
540 2556 573 2621 in
588 2555 772 2642 priuilegiis
797 2558 879 2624 iuris
902 2559 1053 2626 similiter
1078 2559 1293 2627 continentur.
1319 2557 1361 2622 Et
1376 2555 1469 2621 iuxta

340 2659 623 2746 composicionem,
648 2682 712 2746 que
728 2663 814 2729 inter
830 2665 994 2731 dominum
1009 2664 1169 2733 Jacobnm
1191 2666 1338 2732 Electum
1352 2664 1467 2728 Prene-

340 2767 472 2852 stinnnr,
488 2767 678 2853 Apostolioe
702 2767 795 2836 Sedis
813 2769 971 2854 Legatum
996 2791 1037 2836 ex
1062 2792 1128 2838 una
1153 2779 1258 2858 parte,
1283 2776 1316 2838 et
1340 2790 1399 2837 nos
1424 2789 1465 2834 ex

341 2875 454 2961 altera,
481 2874 617 2960 prouide
632 2874 826 2958 intercessit,
852 2878 936 2944 banc
951 2879 1067 2946 damus
1087 2881 1180 2948 uobis
1206 2886 1239 2946 et
1254 2877 1372 2946 uestris
1399 2897 1466 2943 snc-

341 2981 524 3048 cessoribus
540 2981 743 3050 libertatem:
763 2986 806 3051 Ut
822 2985 862 3050 de
878 2985 1034 3071 predictis
1045 2987 1171 3053 salibus
1187 2985 1229 3052 ad
1250 3005 1328 3052 usus
1338 2991 1465 3051 uestros

341 3091 480 3158 teneatis
496 3097 630 3181 tantum,
657 3101 812 3177 quantum
829 3095 976 3178 Prolatus
991 3101 1100 3163 uester
1116 3096 1149 3161 in
1166 3096 1277 3162 anima
1301 3114 1363 3162 sua
1379 3093 1465 3159 dixe·

340 3199 384 3266 rit
399 3200 565 3267 salinariis
581 3200 720 3286 nostris,
738 3202 836 3268 ceteri
849 3221 935 3286 uero,
952 3204 1006 3269 uel
1023 3224 1099 3290 pars
1109 3205 1264 3289 ipsorum,
1281 3223 1354 3270 cnm
1370 3201 1465 3267 uobis

338 3305 459 3374 inerint
483 3309 652 3392 persoluti,
677 3308 781 3375 libere
804 3313 836 3374 et
851 3309 976 3394 absque
992 3311 1061 3378 ulla
1084 3311 1342 3378 contradiccione
1365 3316 1399 3377 et
1413 3308 1465 3373 tri·

338 3414 416 3481 buto
432 3413 466 3481 in
490 3415 587 3482 domo
612 3421 731 3500 uestra,
758 3416 818 3482 sub
835 3416 944 3500 sigillo
972 3418 1199 3486 salinariorum
1224 3425 1407 3485 nostrorum
1432 3424 1465 3482 et

338 3520 460 3586 Prelati
472 3522 582 3606 uestri,
602 3523 655 3604 qui
672 3544 729 3607 pro
742 3527 889 3610 tompore
903 3524 1011 3608 fuerit,
1029 3527 1241 3610 deponentur,
1259 3525 1464 3612 depositione

338 3636 508 3693 seruentur
530 3629 691 3711 usquead
716 3637 851 3699 octenas
868 3632 980 3698 Sancti
1006 3634 1165 3719 Stephani
1184 3635 1303 3719 Regis,
1330 3640 1362 3700 et
1387 3639 1464 3700 tunc

337 3734 380 3799 ab
396 3734 452 3801 illo
477 3735 531 3802 die
547 3755 649 3821 usquc
672 3737 716 3804 cd
732 3740 945 3808 N'atiuitatem
961 3741 1063 3808 Beate
1078 3741 1223 3825 Virginis
1238 3741 1341 3807 blarie
1366 3739 1462 3807 facie·

338 3862 409 3908 mus
434 3843 529 3910 uobis
554 3844 638 3912 solui
653 3855 824 3930 argentum
849 3869 907 3934 pro
924 3849 1060 3932 salibus,
1089 3869 1171 3933 quos
1196 3858 1271 3915 tunc
1295 3849 1384 3934 apud
1402 3869 1463 3915 nos

336 3951 476 4036 habetis,
492 3973 557 4038 pro
567 3953 712 4037 quolibet
726 3955 840 4024 timino
858 3956 977 4024 salium
993 3955 1218 4041 aquaticorum
1234 3963 1306 4024 octo
1322 3975 1462 4022 marcas.

337 4059 388 4142 ut,
405 4061 434 4125 si
449 4059 483 4125 in
498 4061 555 4128 illo
579 4062 715 4131 termino
731 4083 790 4130 nos
808 4073 865 4130 aut
890 4064 1041 4131 salinarii
1067 4064 1171 4131 nostri
1187 4064 1274 4132 sales
1288 4063 1378 4149 ipsos
1395 4083 1461 4130 non

335 4185 527 4251 emeremus,
554 4173 587 4234 et
611 4168 705 4236 uobis
728 4175 761 4236 et
783 4169 932 4236 Ecclesie
957 4176 1065 4238 uentre
1090 4177 1260 4255 argentum
1284 4169 1462 4236 seeundum

335 4275 577 4342 estimaoionem
602 4276 782 4361 predictam
806 4299 870 4346 non
887 4277 1107 4363 solueremus;
1134 4285 1252 4348 extunc
1273 4279 1359 4346 omni
1384 4285 1461 4344 tem·

334 4400 413 4466 pore
429 4401 542 4450 omnes
557 4382 634 4452 illos
649 4383 846 4451 saleslibere
861 4384 895 4451 in
904 4386 1072 4472 proprium
1083 4407 1178 4456 usum
1187 4389 1333 4456 Ecclesie
1351 4397 1460 4456 nestre

335 4489 535 4576 percipiatis,
561 4497 593 4558 et
608 4491 758 4559 uendctis
781 4490 873 4558 iuxta
889 4500 998 4561 uestre
1014 4495 1184 4562 arbitrium
1202 4496 1400 4580 uoluntatis;
1428 4501 1459 4562 et

335 4615 431 4663 omne
456 4599 589 4686 luorum,
615 4600 703 4685 quod
728 4597 920 4670 deberemus
936 4623 1006 4690 nos,
1033 4607 1084 4676 uel
1100 4606 1185 4676 alius
1210 4607 1291 4692 Rex,
1318 4609 1373 4692 qni
1399 4623 1458 4696 pro
