3200 5182
815 262 972 362 ”db-‘2-

329 461 384 546 gia
401 465 582 546 pertractat
599 458 792 542 authoritas,
819 459 914 524 salua
930 475 1059 542 semper
1075 463 1107 520 et
1123 455 1317 524 inconcussa
1332 475 1457 540 perma-

326 588 404 636 nere
420 567 580 653 debeant,
610 567 654 634 ad
672 567 896 632 uniuersorum
913 562 1115 650 presencium
1132 567 1229 645 atque
1252 569 1457 649 posterorum

329 677 485 746 noticiam
511 677 693 742 clarescere
719 673 888 756 nolumus,
920 691 980 739 nos
1005 669 1037 736 in
1062 669 1354 737 commutacionem
1382 667 1460 734 nille

329 785 479 868 Terdec,
505 803 603 868 quam
619 781 739 850 uostris
755 781 905 848 fidelibus
921 779 1059 846 Paulino
1076 777 1193 845 domiti
1216 784 1248 844 et
1263 775 1394 844 Jacobo
1411 775 1461 840 de·

331 893 490 976 deramus,
519 897 551 956 et
567 890 773 978 postmodum
788 891 906 956 Sancte
923 885 1139 972 Strigoniensi
1156 885 1301 951 Ecclesia
1326 881 1462 952 contuli-

331 1017 413 1080 mus,
439 1003 560 1062 terram
586 996 664 1062 uillc
682 997 802 1079 Burin,
830 1014 893 1078 que
917 993 960 1060 ad
985 1000 1127 1058 castrum
1143 991 1345 1058 Posoniense
1372 991 1464 1076 prins

331 1104 523 1190 pertinebat,
540 1104 685 1188 exceptis
702 1101 932 1186 castrensibus,
952 1099 1280 1168 memoratoPaulino
1293 1097 1416 1167 comiti
1434 1104 1465 1162 et

332 1213 457 1280 Jacobo
474 1218 631 1280 eteorum
657 1212 832 1278 heredibus
857 1231 915 1298 par
931 1215 1076 1276 nostrum
1100 1209 1229 1275 fidelem
1246 1207 1463 1293 Lampertum

333 1320 434 1385 illium
460 1319 608 1404 Omodey
634 1320 667 1384 in
696 1325 889 1405 perpetuum
919 1317 1116 1400 contulisse,
1150 1317 1198 1382 ita
1222 1315 1399 1398 uidelicet,
1432 1318 1467 1380 ut

335 1427 418 1493 sicut
440 1427 675 1510 Strigoniensis
691 1426 841 1493 Ecclesia
866 1426 978 1492 uillam
994 1424 1121 1493 Turdos
1139 1423 1371 1491 iurisdiccione
1396 1440 1466 1508 per·

335 1545 435 1622 petua
460 1536 602 1621 suscepit
627 1533 879 1621 possidendam,
913 1533 1027 1601 eodem
1054 1533 1133 1599 iuris
1159 1533 1272 1599 ordine
1303 1528 1467 1617 sepedicti

336 1643 493 1710 Paulinus
511 1642 626 1709 Comes
643 1651 675 1710 et
691 1643 833 1710 Jacobus
860 1641 959 1707 irater
975 1641 1045 1706 eius
1062 1647 1220 1708 eteorum
1244 1657 1469 1718 successores,

338 1759 504 1838 tamqnam
521 1771 581 1818 sua
597 1751 795 1838 patrimonia
806 1749 998 1836 possideant
1014 1751 1047 1816 in
1064 1755 1257 1836 perpetuum
1267 1797 1276 1831 ,
1303 1748 1379 1812 sine
1397 1765 1469 1812 con-

335 1858 555 1943 tradiccione,
582 1861 641 1925 sub
668 1859 791 1925 eisdem
818 1857 911 1924 metis
928 1865 960 1924 ct
985 1857 1152 1940 terminis,
1179 1857 1296 1942 quibus
1320 1873 1470 1939 unquam
1574 1901 1577 1926 ,

340 1967 499 2054 plenarie,
516 1987 641 2036 necnon
658 1967 792 2054 pacifice
807 1966 873 2032 iam
890 1965 1010 2031 dictum
1021 1965 1221 2033 Posoniense
1236 1969 1381 2030 castrum
1401 1981 1472 2047 pos-

343 2075 480 2144 sidebat.
509 2077 608 2144 Cuius
625 2083 710 2144 terre
727 2075 976 2145 conterminales
998 2083 1073 2141 sunt
1087 2074 1152 2140 hii:
1177 2092 1291 2140 uersns
1308 2073 1472 2140 orientem

342 2185 482 2271 populus
498 2185 687 2253 Monasterii
704 2185 814 2252 Sancti
825 2183 957 2250 Martini
974 2184 1015 2250 de
1030 2183 1201 2250 Pannonia
1217 2183 1258 2248 de
1274 2183 1378 2264 Sala;
1397 2179 1472 2244 hinc

344 2289 548 2377 procedendo
565 2291 817 2359 conterminatur
833 2292 1072 2376 nilleZemere·
1093 2291 1227 2357 hinc-
1244 2329 1287 2338 -
1304 2327 1348 2338 -
1366 2327 1414 2336 -
1434 2323 1472 2333 ·-

344 2415 457 2463 versus
473 2397 658 2480 meridiem,
682 2397 757 2463 hinc
773 2398 890 2466 transit
906 2419 1024 2483 aquam
1040 2398 1190 2494 Duduag,
1216 2403 1247 2465 et
1262 2397 1385 2464 transit
1401 2417 1471 2484 prc-

344 2503 488 2570 ccdendo
505 2505 595 2570 insta
611 2505 715 2572 Beren
733 2507 845 2572 uillam
862 2508 1031 2593 lloynolth
1047 2508 1242 2602 memorati,
1262 2507 1336 2566 bico
1354 2506 1401 2572 ad
1419 2504 1475 2570 nil-

343 2611 409 2676 lam
426 2611 488 2676 Zsr
497 2645 778 2662 -----
796 2613 827 2702 (s
812 2612 919 2700 s)iluis
936 2621 967 2681 et
991 2615 1156 2704 piscinis
1142 2614 1238 2698 Zela,
1264 2613 1346 2680 nilla
1354 2614 1473 2698 Buten

345 2715 556 2784 Posoniensis
582 2737 677 2785 suam
693 2719 792 2786 habet
814 2721 1006 2806 legittimam
1023 2721 1226 2807 porcionem,
1251 2721 1327 2808 lipc
1343 2720 1475 2805 pattici

345 2832 404 2914 pat
429 2831 532 2891 metas
556 2845 628 2892 cunr
652 2827 839 2895 vdvornicis
864 2829 963 2912 Regis
989 2849 1103 2900 uersus
1119 2866 1162 2876 -
1178 2865 1222 2875 -
1237 2866 1280 2875 —
1296 2865 1341 2879 -
1358 2828 1475 2894 uillam

347 2931 422 2998 Nelr
439 2933 662 3019 castrensium,
680 2940 712 3002 et
726 2933 803 3000 indc
829 2935 986 3002 circuiens
1003 2935 1093 3002 uenit
1116 2935 1160 3002 ad
1184 2936 1332 3024 predium
1348 2939 1475 3002 Berecn

348 3039 476 3109 domine
493 3033 674 3126 Bogosloe,
689 3049 721 3109 et
737 3042 937 3132 retransiens
954 3043 1118 3128 Dudnag
1113 3063 1223 3110 uersus
1239 3044 1317 3110 Sala
1333 3042 1476 3109 Abbatis

350 3185 608 3198 -----
624 3150 752 3217 nomine
766 3149 954 3244 Thumoy
977 3169 1047 3216 sus
1065 3123 1284 3236 occidentem
1310 3151 1387 3217 hinc
1405 3169 1477 3236 pro·

349 3255 435 3324 cedit
452 3256 493 3322 ad
508 3261 575 3324 tres
591 3257 749 3350 populos,
776 3249 808 3323 et
825 3257 952 3325 rediens
967 3259 1010 3324 ad
1025 3259 1179 3326 terminos
1198 3259 1395 3346 populorum
1412 3257 1478 3324 Ab·

349 3363 437 3430 batis
453 3365 564 3431 Sancti
580 3365 732 3448 Martini,
760 3365 848 3432 uenit
865 3365 907 3431 ad
923 3365 1063 3451 priorem
1080 3370 1210 3433 metam.
1236 3366 1279 3432 Vt
1293 3365 1394 3452 igitur
1416 3367 1479 3432 hec

349 3487 482 3557 pernes
498 3469 588 3537 facta
604 3470 760 3557 donacio,
786 3472 973 3558 pariterque
989 3471 1175 3559 disposicio,
1202 3449 1261 3559 per
1277 3473 1386 3540 omnia
1407 3492 1479 3539 snc-

350 3586 514 3644 cessotnm
530 3583 712 3644 nostrorum
726 3575 875 3664 tempora
893 3577 986 3644 salua
1002 3599 1129 3664 semper
1145 3587 1178 3646 et
1193 3581 1387 3648 inconcussa
1407 3601 1480 3666 per·

351 3688 492 3767 maneat,
508 3690 692 3768 presentem
716 3687 935 3754 concessimus
950 3685 1115 3772 paginam,
1136 3685 1242 3772 ,sigilli
1257 3687 1360 3753 nostri
1376 3687 1477 3752 muni-

351 3791 437 3860 mine
462 3790 495 3858 in
520 3799 711 3880 perpetuum
735 3796 931 3863 roboratam.
957 3795 1077 3860 Datum
1102 3815 1161 3881 per
1184 3814 1299 3861 manus
1326 3795 1481 3878 magistri

351 3899 490 3986 Hngrini
516 3902 589 3968 aule
615 3903 717 3988 Regio
744 3901 960 3988 Cancellarii,
986 3922 1071 3968 anno
1097 3903 1140 3967 ab
1156 3901 1395 3972 Incarnaoione
1416 3905 1482 3969 Do

352 4009 431 4075 mini
446 4009 618 4076 Millesimo
635 4009 696 4076 GC.
709 4049 746 4058 -
759 4047 803 4059 -
814 4011 858 4086 ΙΙ,ο
876 4010 1065 4078 Venerabili
1084 4009 1233 4078 Johanne
1251 4011 1481 4097 Strigcniensi,

355 4116 546 4184 Reverendo
566 4117 739 4184 Bartholdo
766 4116 936 4184 Colocensi
953 4117 1216 4205 Archiepiseopis
1245 4119 1480 4204 existentibus,

353 4221 482 4290 Kalano
499 4221 869 4310 Quinque-Ecclesiensi,
882 4225 1054 4292 Desiderio
1070 4225 1298 4314 Chanadiensi,
1309 4226 1480 4294 Willermo

353 4328 598 4417 Ultrasylrano,
614 4332 758 4418 Symone
772 4331 990 4418 Waradiensi,
1008 4334 1148 4401 Roberto
1162 4335 1411 4421 Uesprimicnsi,
1426 4337 1480 4401 Ja-

355 4438 644 4526 coboWaehiensi,
660 4443 758 4510 Petro
774 4438 959 4523 (lauriensi,
979 4441 1146 4526 Stephano
1157 4441 1382 4527 Zagrabiensi,
1398 4444 1480 4510 Tho·

355 4563 410 4613 ma
425 4543 576 4634 Αςιίθιιιί
591 4547 702 4618 Electa
719 4547 913 4642 Episcopis,
935 4544 1104 4616 Ecclesiae
1119 4546 1258 4616 feliciter
1272 4548 1481 4640 gubernanti·
