3238 5184
870 289 1025 394 Q

390 507 456 572 que
472 487 687 554 diminucione
703 487 848 574 plenarie
873 487 974 555 luisse
991 488 1200 574 persolutam.
1226 485 1278 553 Au
1296 485 1391 554 huius
1408 491 1510 556 eciem

388 595 434 662 rei
452 596 637 664 concionem
653 595 799 681 prelatus
815 597 854 662 N.
872 596 999 678 Comes,
1017 602 1051 662 et
1066 596 1235 679 Sulterins‚
1254 615 1274 661 a
1294 595 1389 663 nobis
1403 605 1511 681 postn-

388 704 497 768 lurunt
513 703 685 790 diligenter
701 712 733 771 et
749 713 881 788 attente,
904 713 938 770 ut
955 706 1050 771 huius
1067 704 1268 771 uendicionis
1284 713 1316 772 et
1331 703 1511 791 empcionis

388 811 505 878 seriem
531 813 721 882 cunctoritete
747 815 927 882 litterarum
952 821 1138 882 nostrerum
1164 812 1373 897 dignaremur
1399 814 1510 880 conlit-

387 939 486 985 mure.
513 921 656 1008 Quorum
681 921 895 1007 peticionibus
921 921 1014 988 iustis
1042 927 1074 988 et
1096 923 1240 989 honestis
1266 923 1369 1006 Regio
1395 922 1512 990 fauore

386 1026 690 1114 condescendentes,
715 1035 750 1094 nt
767 1049 818 1095 res
834 1035 930 1114 gesta
945 1029 1091 1113 legitime
1108 1049 1218 1098 eorem
1235 1029 1329 1096 nobis
1345 1029 1441 1096 duret
1455 1031 1511 1096 inr-

388 1142 562 1222 posterum,
587 1157 647 1204 neo
663 1157 804 1223 unquam
817 1140 938 1206 nostris
954 1138 1006 1204 uel
1022 1144 1204 1206 nostrornm
1223 1138 1425 1225 timporibus
1442 1159 1511 1206 snc-

385 1264 548 1313 oessorum
564 1254 662 1331 queat
681 1249 859 1332 retractari,
886 1247 918 1313 in
936 1255 1164 1330 argumentum
1188 1246 1322 1314 maioris
1345 1247 1511 1315 certitudi-

385 1353 435 1418 nis
451 1353 576 1420 litteras
592 1359 721 1421 nostres
747 1356 966 1424 concessimus
981 1355 1145 1442 dupplicis
1164 1355 1263 1440 sigilli
1289 1356 1392 1424 nostri
1409 1357 1511 1423 mnni-

386 1461 470 1529 mine
486 1464 664 1530 roboratus.
692 1465 811 1532 Detnm
828 1486 913 1533 enno
930 1464 1099 1532 Dominice
1118 1465 1362 1531 incarnacionis
1379 1464 1510 1532 millesi-

384 1589 436 1638 mo
453 1569 518 1636 00⁰
528 1571 636 1638 xxx⁰
646 1571 768 1666 quium,
787 1573 889 1658 Regni
906 1573 1006 1640 nostri
1024 1592 1109 1639 enno
1125 1571 1232 1638 xxx⁰
1248 1572 1402 1640 secundo.

429 1771 478 1832 (Ac
492 1771 591 1824 eredeti
607 1769 671 1824 utin
686 1773 756 1824 kituli
770 1769 839 1824 Ritir
855 1767 1283 1839 utrory,11msioumtnyctr1.
1299 1771 1354 1824 iniit.
1371 1773 1413 1822 ll.
1430 1773 1459 1833 l.)

810 2075 1078 2088 Ἥ

908 2487 986 2558 357.

381 2673 438 2738 ΙΧ.
458 2671 591 2760 Gcrqslp
611 2677 702 2761 pc'pa
729 2673 771 2737 II.
797 2673 901 2738 Ecdre
925 2693 1057 2758 mappas
1082 2671 1254 2760 leucippum,
1279 2673 1360 2760 kopp
1385 2674 1509 2753 auolat,

381 2782 437 2848 kik
452 2805 491 2845 oz
516 2779 610 2846 sileno
635 2782 736 2846 lrozott
753 2781 883 2867 epyrum·
899 2779 1014 2845 iteletet
1040 2781 1196 2862 tinctula,
1220 2803 1258 2846 cs
1273 2786 1385 2869 ury'tsm
1409 2784 1506 2847 1235.

491 2978 668 3064 Gregorius
684 2978 867 3064 Episcopus
893 2997 1006 3044 seruus
1022 2995 1190 3046 seruorum
1206 2977 1268 3044 Dei
1287 2977 1456 3046 carissimo
1472 2981 1505 3046 in

384 3090 511 3156 Christo
527 3088 593 3156 filio
674 3087 797 3154 Illustri
815 3088 899 3170 Regi
916 3087 1068 3171 Ungurie
1079 3088 1218 3154 salntem
1235 3095 1268 3154 et
1283 3087 1505 3174 Apostolicsm

384 3195 652 3265 benedictionem.
678 3195 750 3262 Non
767 3196 857 3262 vonit
875 3195 1067 3278 indubium,
1093 3195 1235 3279 qualiter
1251 3195 1294 3262 sb
1318 3196 1397 3262 olim
1413 3215 1505 3263 vene·

383 3305 497 3372 rabilis
512 3295 614 3372 freter
629 3311 738 3371 noster
756 3351 763 3367 .
779 3351 786 3366 .
805 3351 812 3366 .
829 3301 1063 3386 sorigoniensis
1079 3301 1373 3388 Archiepiscopus‚
1400 3302 1433 3368 in
1451 3301 1505 3369 mi·

382 3413 452 3482 nori
479 3413 585 3479 adhuc
610 3411 716 3480 officio
741 3411 953 3494 constitutus,
986 3409 1147 3478 sincerum
1172 3431 1289 3495 gerens
1320 3411 1505 3480 dilectionis

383 3523 534 3590 ellectum
559 3543 640 3608 erge
656 3521 771 3588 Sedem
788 3520 1011 3607 Apostolicem
1035 3527 1171 3586 matrem
1188 3539 1289 3603 suam,
1315 3521 1400 3589 adeo
1417 3519 1503 3607 apud

382 3651 455 3698 eum
471 3629 652 3700 devotionis
663 3627 776 3696 merito
792 3627 939 3715 proiecit,
960 3636 995 3694 ut
1010 3627 1150 3712 gretiam
1163 3630 1233 3696 eius
1249 3629 1427 3716 specialem
1444 3647 1504 3696 me·

381 3738 491 3822 ruerit,
509 3745 541 3804 et
558 3739 600 3802 eb
616 3736 690 3822 ipse
706 3737 927 3822 multipliciter
937 3736 1098 3804 honorari.
1114 3739 1201 3804 Sene
1217 3757 1288 3804 cnm
1305 3737 1504 3804 venerabilis

381 3846 482 3914 freter
497 3852 607 3912 noster
625 3896 632 3911 .
651 3897 658 3911 .
677 3895 684 3910 .
702 3845 877 3912 Bosncusis
895 3843 1077 3930 Episcopus
1100 3851 1131 3910 et
1147 3844 1273 3928 college
1289 3843 1339 3910 sni
1354 3843 1502 3928 depntsti

382 3963 491 4024 essent
506 3975 526 4021 a
542 3955 720 4020 vonerabili
731 3953 832 4020 lrstre
847 3959 1019 4022 nostro...
1036 3953 1243 4020 Prenestrino
1253 3953 1417 4037 Episcopo
1428 3961 1502 4018 tuno

382 4067 495 4148 electo,
522 4063 709 4148 Apostolice
725 4061 820 4128 Sedis
837 4061 972 4145 Legatn,
990 4062 1240 4129 denunciatores
1265 4062 1503 4130 sentenoiurunr

382 4191 513 4241 suorum
541 4170 882 4252 excommunicationis
906 4179 939 4236 et
954 4171 1126 4254 interdicti,
1143 4169 1295 4236 videlicet
1318 4191 1401 4254 ques
1420 4171 1454 4236 in
1472 4179 1503 4237 te

381 4280 624 4368 promulgarem
649 4280 746 4362 idem,
763 4277 847 4345 sicut
862 4279 1000 4346 relatum
1016 4279 1076 4344 luit
1093 4277 1369 4363 suetranensis,
1389 4297 1503 4364 propo-

383 4409 474 4474 nens,
492 4388 576 4475 quod
593 4395 726 4475 perotus
738 4407 811 4456 eras
827 4387 1027 4471 satisfecere,
1046 4386 1098 4454 cui
1109 4386 1333 4472 imputandum
1343 4407 1407 4455 non
1423 4393 1503 4470 erat,

386 4499 414 4566 si
431 4497 589 4566 officiales
604 4498 651 4564 tui
668 4497 699 4564 in
717 4497 778 4565 hoo
793 4497 920 4564 nomm
937 4495 1149 4582 negligentes,
1170 4515 1210 4562 oc
1225 4515 1283 4582 per
1299 4495 1360 4562 hoc
1374 4501 1408 4562 te
1423 4495 1502 4580 ligu-

384 4613 450 4674 tum
467 4627 533 4674 non
551 4626 623 4674 esse
638 4605 807 4673 sententiis
823 4603 1030 4692 supradietis.
1054 4604 1133 4672 Cum
1149 4611 1259 4672 emon
1274 4605 1339 4672 iem
1355 4604 1503 4673 incurris·
