3268 5194
712 354 733 416 3

644 445 802 454 ——-.-—-

153 547 239 630 sitis,
256 553 289 612 ot
304 546 389 612 inter
404 547 522 612 siluam
532 547 667 632 peltam,
685 548 738 614 vel
752 549 906 632 quiequid
923 551 955 616 in
971 553 1052 636 ipsis
1069 554 1160 622 silvis
1177 555 1287 620 babui-

153 673 246 735 mus,
277 659 382 722 totum
406 656 440 722 in
464 675 559 722 usum
583 656 741 740 praedioli
767 658 956 726 monasterii
986 662 1204 728 consedimus.
1236 663 1288 729 Ad

154 759 325 845 (irunoita,
342 763 495 846 quioquid
511 761 670 848 superfuit
684 763 781 832 hobis
797 766 947 850 quinque,
973 787 1056 850 ques
1072 768 1161 836 fideli
1176 777 1287 838 nostro

154 867 304 934 dedimus
320 869 473 955 Detrioo;
489 871 551 938 boo
567 877 641 936 sunt
656 871 760 938 bobas
776 872 814 936 L.
831 871 883 938 Ad
902 874 1084 960 Linbinam,
1108 875 1152 942 ad
1167 875 1287 944 Holun-

154 975 256 1041 bnroh
282 974 410 1042 tertiam
426 983 554 1060 partem
580 975 722 1044 civitatis
738 997 812 1043 oum
828 977 920 1044 vines
945 979 1043 1046 XXX
1059 987 1091 1046 et
1106 981 1201 1048 hobis
1226 983 1287 1048 XV

155 1081 229 1148 sine
241 1081 357 1148 eurtuli
371 1088 470 1148 terra.
487 1081 540 1148 Ad
549 1083 732 1150 Treisinam
749 1084 914 1152 civitatem
930 1091 963 1154 et
981 1085 1156 1153 eeclesiam
1175 1089 1286 1156 Sancti

156 1189 288 1256 Martini
311 1207 384 1254 enm
407 1188 553 1274 decima,
579 1197 612 1258 et
627 1210 755 1258 sursum
775 1192 808 1258 in
827 1192 965 1258 australi
989 1204 1087 1277 atquo
1112 1195 1285 1278 origentali

156 1303 251 1382 parte
274 1295 415 1360 fluminis
430 1295 611 1380 Treisima‚
638 1315 740 1380 usque
755 1297 798 1364 ad
814 1297 1111 1385 Potilinesprunnin
1120 1351 1129 1385 ‚
1156 1306 1189 1366 et
1204 1301 1287 1368 siout

156 1401 428 1486 Distriohespaob
452 1401 523 1468 fluit
549 1409 662 1470 eontra
687 1404 769 1472 duos
794 1423 948 1490 acervos,
975 1408 1030 1491 qui
1055 1407 1089 1474 in
1114 1407 1287 1492 origentali

157 1517 252 1594 parte
269 1509 377 1593 oampi
402 1509 502 1594 positi
518 1517 611 1598 sunt;
638 1516 671 1576 et
686 1511 804 1578 exinde
818 1531 921 1596 nsque
936 1515 1122 1582 Danubium
1146 1515 1180 1582 in
1196 1515 1288 1582 illurn

159 1617 285 1701 locum,
304 1619 361 1702 qui
375 1617 542 1702 Tripolim
557 1618 693 1702 dieitur;
719 1619 812 1688 etita
827 1639 955 1688 sursum
974 1643 1077 1708 prope
1091 1622 1287 1707 Danubium,

156 1747 231 1794 eum
246 1726 357 1811 agris,
374 1727 498 1812 pratis,
516 1727 611 1794 cultis
628 1729 814 1814 stimulus,
838 1733 937 1814 arnis,
962 1733 1043 1799 loeis
1059 1732 1286 1819 piscationum,

9 1901 15 1908 ,
156 1855 242 1918 quae
257 1834 398 1903 diutisoe
414 1836 582 1904 ariobsteti
607 1845 764 1906 vocantur
773 1888 782 1922 ‚
810 1845 843 1905 ct
857 1839 905 1905 ita
920 1858 1049 1906 sursum
1069 1857 1171 1922 nsque
1195 1837 1239 1904 ad
1254 1837 1289 1903 il-

156 1942 225 2008 lam
240 1944 416 2026 maroham,
434 1963 519 2026 quae
535 1943 822 2011 interl‘reisimam
838 1952 871 2012 et
885 1945 1095 2033 Holunpuroh
1114 1952 1286 2028 ustrasque

155 2068 208 2116 res
224 2050 436 2120 discernendo
460 2051 586 2120 dividit.
612 2051 664 2118 Ad
683 2053 914 2121 Penninovano
936 2051 1090 2138 quioquid
1114 2052 1160 2118 ibi
1175 2052 1286 2119 babui-

155 2178 240 2226 mus.
265 2159 318 2226 Ad
333 2159 514 2226 Eoelesiam
538 2160 695 2226 Anxonis.
721 2161 774 2227 Ad
792 2161 1041 2247 Witinesperoh,
1064 2160 1219 2246 quioquid
1241 2159 1286 2226 ibi

155 2267 339 2350 babuimus,
356 2273 492 2352 exeepto
508 2267 596 2350 quod
610 2267 845 2353 llosogovvoni
867 2268 1026 2335 dabamus
1042 2275 1176 2354 propter
1191 2265 1287 2334 fidele

155 2375 344 2457 servitium,
370 2374 431 2442 boo
447 2381 497 2440 est
511 2374 595 2443 hobe
612 2373 647 2440 Ο.
664 2375 717 2441 Ad
733 2374 935 2442 Aeeelesiam
950 2375 1078 2442 Ellodis
1093 2374 1286 2444 montesium

155 2481 343 2582 llinigonis·
356 2481 551 2566 presbyteri.
577 2479 629 2548 Ab
645 2479 927 2567 Guntpoldestlori
937 2479 1091 2566 quioquid
1113 2481 1160 2548 ibi
1175 2479 1286 2548 babui-

156 2607 240 2654 mus.
264 2589 317 2654 Ad
338 2588 512 2675 Rapum.
528 2589 582 2654 Ad
604 2588 838 2656 Sabariam
860 2588 1027 2656 civitatem
1042 2597 1075 2655 et
1090 2587 1285 2655 aeeolesiam

156 2717 231 2764 enm
246 2693 375 2762 decima
390 2701 422 2760 et
437 2694 607 2778 theloneis,
634 2694 749 2779 vineis,
765 2677 868 2779 agris,¹
882 2695 996 2780 pratis,
1017 2695 1160 2780 paeonis,
1187 2693 1285 2760 lores-

155 2805 256 2889 tibus,
272 2803 443 2887 montibus,
460 2803 648 2885 auratisque
665 2801 709 2866 ad
723 2801 862 2868 eandem
876 2802 1043 2870 oiuitatem
1055 2801 1144 2886 juste
1160 2809 1194 2868 et
1207 2800 1284 2885 legi·

156 2913 237 2978 time
251 2911 497 2997 pertinentibus.
513 2910 566 2976 Ad
589 2909 1021 2978 SieoamSabariam.
1046 2909 1098 2974 Ad
1115 2908 1285 2976 Peinin·

157 3019 312 3086 ababa.
329 3017 382 3084 Ad
403 3018 667 3086 Mosaburoh
683 3017 933 3101 Abbatiam‚
950 3016 1285 3084 ebibamus-Adria·

156 3147 219 3194 nns
236 3128 348 3192 martir
363 3125 483 3194 Obristi
499 3127 684 3210 requiescit,
701 3132 1032 3210 quamanteoessores
1047 3123 1149 3192 nostri
1165 3122 1208 3189 ad
1213 3125 1284 3208 jam

156 3235 279 3300 dietum
295 3235 528 3302 llonasterium
543 3234 748 3302 tradiderunt
756 3285 765 3319 ,
792 3241 824 3299 et
839 3253 899 3301 nos
915 3233 1090 3315 firmamus,
1117 3251 1157 3298 ae
1171 3237 1284 3296 nostra

157 3363 199 3408 ex
215 3349 310 3426 parte
334 3349 593 3427 augmentamus.
620 3343 748 3410 Nonam
772 3360 901 3426 quoque
923 3339 964 3404 da
988 3337 1139 3404 omnibus
1162 3336 1284 3403 nostris

157 3449 302 3516 curtibus
327 3450 408 3516 inibi
432 3469 504 3516 oum
519 3449 670 3516 theloneo
696 3449 730 3515 in
746 3449 879 3514 eluitate
895 3455 928 3514 et
951 3446 1078 3531 pisoina
1100 3443 1283 3529 edjieimns.

157 3557 210 3623 Ad
232 3557 510 3643 Salapiugin
533 3567 656 3626 curtem
680 3577 753 3624 eum
769 3556 1006 3638 Ollllrnansis,
1034 3551 1216 3620 ettotidem
1240 3553 1284 3617 vi·

158 3667 239 3748 nais,
249 3665 464 3749 velquiequid
474 3666 520 3732 ibi
532 3665 713 3732 habuimus.
725 3662 980 3730 Aeeolesiamad
996 3661 1055 3739 Qu
1066 3661 1242 3728 artinuh
1253 3680 1284 3724 a.

158 3773 421 3840 Aeeolesiamnd
444 3771 592 3840 Gensi.
617 3772 670 3840 Ad
694 3775 721 3840 V
744 3771 1013 3840 Aeoelesias
1037 3789 1109 3836 eum
1123 3767 1285 3836 theloneis

156 3901 197 3949 ae
212 3883 327 3966 vineis,
343 3879 529 3965 forestibus,
547 3889 579 3949 et
594 3900 666 3947 oum
682 3880 841 3963 omnibus,
867 3899 951 3963 quae
966 3880 1009 3945 ab
1025 3876 1285 3945 antecessoribus

157 3992 278 4057 nostris
293 3995 391 4057 antea
413 3987 606 4056 benefieiata
621 3985 760 4053 inissem
768 4037 776 4070 ,
802 3984 967 4054 firmamus
981 3987 1016 4051 in
1031 3985 1208 4070 proprium.
1233 3979 1286 4046 Ad

156 4096 380 4182 Rugineslelm
396 4095 548 4180 quiequid
563 4095 608 4162 ibi
623 4094 807 4161 habuimus.
831 4094 884 4161 Ad
898 4095 1065 4160 Durnawa
1081 4089 1284 4170 aeeclesiam,

156 4225 242 4289 quae
257 4213 308 4272 est
322 4211 508 4273 eonstruota
522 4205 556 4270 in
573 4204 695 4270 bonore
710 4204 823 4270 Sanoti
838 4201 1025 4286 Roudberti‚
1042 4207 1285 4278 oeterorumque

156 4315 346 4382 Sanctorum
361 4326 459 4396 qnam
475 4309 687 4396 plurimomm
704 4310 880 4394 martirum,
907 4327 979 4373 oum
995 4311 1102 4372 monte
1118 4305 1285 4368 Parauuoa

157 4421 335 4504 nominato,
361 4437 435 4486 enm
450 4419 574 4503 vineis,
602 4417 701 4502 agris,
727 4417 850 4502 pratis,
876 4415 968 4482 siluis
984 4419 1104 4480 etcum
1125 4408 1286 4490 omnibus,

157 4548 241 4613 quae
265 4529 313 4596 ibi
328 4526 479 4594 videntur
503 4527 624 4594 habere
649 4525 735 4592 eirea
759 4531 900 4592 montem
925 4521 1007 4589 sitis.
1033 4517 1086 4586 Ad
1105 4516 1287 4585 Pettouiam

159 4637 353 4703 aaeolesiam
370 4635 602 4718 bomissima,
619 4640 652 4700 et
667 4632 749 4698 duas
765 4640 875 4717 pentes
891 4628 1043 4710 ciuitatis,
1071 4647 1143 4692 eum
1159 4616 1287 4690 bannls‘

1090 4743 1123 4796 l*
