3202 5190
870 345 1014 446 ...iil
1051 425 1060 439 ,

383 537 534 622 pulsare,
559 537 740 604 oblationes
757 559 777 602 a
793 539 914 625 populo
930 539 963 606 in
980 519 1152 608 missarum
1173 541 1392 610 celebratione
1407 545 1499 616 susci·

382 665 471 732 pere,
488 644 666 730 baptizare,
685 651 717 711 et
726 645 945 730 parochianos
956 655 1083 716 vestros
1099 647 1141 714 ad
1152 647 1261 716 ollicia
1270 648 1391 718 Divina
1407 652 1499 718 susci-

383 773 471 838 pere.
489 753 724 822 Obeunteuero
740 755 888 840 ejusdem
898 757 998 824 vesbi
1014 758 1076 826 loci
1093 757 1233 841 Abbate,
1247 757 1357 826 nullus
1373 759 1419 826 ibi
1428 779 1499 844 qna·

382 861 463 928 libet
477 861 696 948 subreptionis
713 863 835 932 astutia
850 883 907 932 seu
918 865 1075 932 violentia
1085 873 1314 953 praeponatur,
1329 867 1394 936 nisi
1408 886 1498 951 qnam

381 970 501 1038 tratres
525 969 629 1056 ipsius
645 971 833 1038 monasterii
858 972 1019 1040 communi
1035 992 1183 1058 assensu,
1199 975 1252 1048 vel
1276 995 1354 1060 pars
1378 977 1501 1044 consilii

382 1078 523 1148 sanioris
540 1077 717 1146 seeundum
727 1080 831 1146 Deum
847 1087 878 1148 et
894 1080 988 1148 Beati
998 1082 1168 1150 Benedicti
1181 1085 1341 1168 Regulam
1360 1085 1501 1170 provide-

381 1187 446 1254 rint
461 1185 656 1272 eligendum.
673 1188 805 1256 Electus
822 1195 929 1256 autem
946 1191 990 1258 ad
1006 1193 1187 1259 Romanum
1202 1191 1394 1260 Pontificem
1413 1194 1502 1261 bene·

382 1293 539 1362 dicendus
555 1293 702 1361 accedat.
728 1297 815 1363 Sane
830 1296 920 1364 illam
937 1299 1094 1366 Toletani
1111 1297 1246 1366 Comitis
1265 1300 1373 1368 nobile
1390 1320 1502 1369 memo·

380 1403 429 1470 rie
444 1401 616 1470 Raimundi
633 1403 872 1472 abdicationem
890 1405 1084 1472 auctoritate
1099 1404 1194 1474 Sedis
1204 1407 1418 1494 Apostolicae
1433 1427 1501 1476 con·

381 1511 564 1593 firmamus3
588 1510 748 1594 siquidem
772 1510 888 1580 Comes
914 1514 986 1599 ipso
1002 1513 1140 1582 bonores
1165 1535 1277 1582 omnes
1302 1517 1346 1582 ad
1370 1517 1502 1583 neam

380 1617 554 1702 Aegidium
571 1615 768 1703 pertinentes
785 1619 902 1686 tamin
919 1620 1004 1689 valle
1020 1621 1200 1706 Flaviana,
1222 1643 1321 1707 quam
1339 1621 1373 1689 in
1390 1621 1502 1690 extrin-

380 1726 475 1810 secis,
486 1726 643 1810 quidquid
655 1728 806 1811 justovel
823 1728 942 1812 injuste
953 1727 1124 1796 videbatur
1138 1737 1257 1813 tenere,
1275 1749 1391 1798 omnes
1403 1735 1503 1797 reatus

381 1834 450 1902 sive
465 1853 587 1920 pravas
606 1835 875 1918 consuetudines,
899 1855 981 1919 quas
998 1836 1103 1922 ipsius
1119 1844 1345 1906 antecessores
1364 1839 1504 1924 antipae

380 1941 571 2025 babuerunt,
589 1942 631 2008 ob
647 1943 802 2009 honorem
813 1941 875 2008 Dei
891 1948 925 2008 et
933 1942 1027 2009 Beati
1042 1943 1172 2028 Aegldli
1188 1945 1409 2012 reverentiam
1420 1944 1503 2031 apud

380 2050 805 2134 NemausenseConoilium
815 2051 848 2117 in
859 2069 957 2118 manu
967 2051 1227 2137 praedecessoris
1237 2052 1340 2120 nostri
1356 2054 1502 2120 beatae

380 2159 624 2226 memoriae
640 2159 811 2226 Urbani
827 2161 1118 2246 Papaejnrans‚
1136 2161 1320 2229 Odiloni
1337 2160 1502 2228 Abbati

380 2275 413 2334 et
437 2268 508 2352 ejus
532 2267 689 2334 fratribus
712 2268 856 2336 noscitur
881 2267 1071 2352 reliquisse,
1095 2273 1127 2334 et
1149 2288 1185 2334 se
1212 2274 1309 2353 atque
1336 2271 1501 2336 uniuersos

379 2391 584 2442 successores
601 2393 688 2458 suos,
716 2375 744 2441 si
760 2374 844 2442 forte
860 2374 921 2443 hoo
938 2375 1057 2444 donum
1077 2375 1203 2444 irritum
1220 2375 1329 2442 lacere
1347 2383 1501 2462 pertenta-

384 2487 466 2566 rent,
484 2480 571 2567 quod
588 2482 779 2566 adsuerat,
797 2483 1006 2550 damnatione
1028 2503 1067 2550 ac
1084 2482 1311 2552 maledictione
1327 2483 1502 2564 muletavit,

380 2595 477 2675 atque
494 2611 515 2656 a
531 2590 680 2676 praefato
697 2597 905 2660 antecessore
930 2599 1041 2660 nostro
1061 2590 1407 2660 excommunicationis
1432 2590 1502 2658 inde

379 2697 572 2764 sententiam
583 2697 616 2764 in
628 2699 773 2766 Concilio
785 2699 857 2767 dari
872 2696 958 2766 lecit.
977 2698 1063 2776 Quia
1073 2718 1149 2768 vero
1162 2698 1330 2784 praefatus
1343 2699 1501 2766 Adrianus

378 2808 472 2892 Papa
483 2807 718 2892 praedecessor
731 2815 852 2892 noster,
870 2807 1033 2876 devotioni
1049 2808 1189 2895 praelati
1199 2807 1336 2876 Comitis
1347 2827 1499 2889 manens,

378 2915 570 3000 Apostolica
595 2917 788 2984 euomuitate
805 2917 981 3001 constituit,
997 2917 1158 2982 neminem
1185 2936 1412 2986 suceessorum
1436 2918 1501 3002 ejus

378 3022 503 3106 aliquid
530 3023 571 3089 de
587 3023 629 3090 iis
639 3074 648 3107 ,
675 3043 796 3108 qnaea
819 3023 987 3109 praedicto
1004 3024 1129 3091 Comite
1144 3024 1327 3092 Raimundo
1353 3023 1501 3111 praefato

378 3131 575 3200 monasterio
599 3131 711 3198 Sancti
727 3131 858 3216 Aegidil
883 3133 997 3200 relicta
1019 3140 1105 3216 sunt,
1132 3133 1198 3200 ulla
1223 3151 1320 3218 posse
1349 3132 1501 3220 temporis

377 3239 601 3326 longaevitate
616 3240 859 3326 praescribere,
884 3248 920 3308 ut
936 3239 1196 3308 maledictionem
1213 3247 1245 3306 et
1260 3239 1500 3310 damnationem

376 3347 534 3416 evadata
558 3345 707 3434 praelato
724 3347 850 3416 Gemite
876 3349 1104 3432 constitutam
1134 3347 1220 3431 quod
1236 3348 1279 3414 ab
1302 3367 1342 3412 eo
1371 3345 1501 3432 provide

376 3455 498 3523 lactum
514 3461 574 3540 est,
590 3456 785 3524 auctoritate
800 3457 991 3542 Apostoliua
1007 3456 1242 3524 confirmamus.
1259 3455 1311 3522 Ad
1325 3456 1413 3522 baec
1428 3453 1502 3539 adji-

377 3563 499 3630 cientes
515 3584 574 3648 pro
593 3563 744 3650 ampliori
760 3563 854 3632 Beati
872 3563 1001 3648 Aegidii
1016 3563 1225 3630 veneratione
1251 3561 1446 3645 statuimus,
1471 3567 1502 3628 nt

377 3669 462 3738 inira
485 3670 640 3740 terminos
666 3693 687 3738 a
710 3672 831 3740 nostris
856 3671 1163 3759 praedecessoribus
1191 3672 1386 3738 constitutos
1412 3691 1501 3736 nemo

378 3797 520 3864 prorsus,
544 3785 601 3846 aut
617 3799 714 3865 super
738 3781 845 3866 ipsam
861 3778 992 3865 Aegidii
1009 3777 1121 3845 villam
1147 3777 1438 3863 depraedationem
1453 3776 1502 3842 rel

378 3884 537 3952 assultum
547 3883 666 3968 facere,
678 3893 735 3954 aut
745 3887 928 3971 graviorem
940 3905 1099 3971 personae
1114 3883 1247 3952 cuilibet
1255 3881 1379 3952 inferre
1388 3882 1504 3952 audeat

380 3993 569 4062 laesionem.
596 3994 686 4060 Nulli
702 4013 781 4079 ergo
799 3995 928 4062 omnino
944 3995 1110 4062 bominum
1126 3992 1224 4058 lineat
1242 3991 1429 4078 praefatum
1444 4011 1502 4057 mo·

376 4102 556 4170 nectarium
581 4109 704 4170 temere
729 4104 940 4188 perturbare,
964 4108 1022 4168 aut
1037 4101 1106 4185 ejus
1123 4101 1349 4186 possessiones
1365 4097 1501 4179 ausura,

376 4211 430 4278 vel
445 4211 576 4278 ablatas
593 4210 753 4296 retinere,
778 4212 830 4280 vel
848 4211 1000 4292 minuere,
1018 4228 1075 4274 seu
1092 4207 1256 4292 aliquibus
1276 4206 1502 4275 vexationibus

376 4317 538 4404 latigare5
565 4319 623 4385 sed
639 4318 770 4385 illibata
793 4318 902 4386 omnia
918 4323 949 4382 et
973 4317 1101 4401 integra
1127 4320 1357 4384 conserventur
1382 4333 1501 4394 eorum,

377 4433 444 4510 pro'
455 4445 591 4510 quorum
607 4426 843 4511 gubernatione
860 4446 899 4492 ac
915 4424 1150 4492 sustentatione
1175 4443 1335 4491 concessa
1353 4429 1430 4490 sunt
1445 4419 1501 4488 usi·

377 4533 437 4600 bus
454 4532 649 4601 omnimodis
665 4533 844 4618 profutura.
862 4535 964 4602 Salva
977 4532 1073 4600 Sedis
1083 4531 1295 4619 Apostolicae
1312 4530 1500 4598 auctoritate

378 4647 411 4706 et
426 4639 699 4709 Dloeeesanorum
717 4641 954 4726 Episcopururn
978 4641 1012 4708 in
1026 4639 1241 4738 supradietis·
1252 4639 1387 4724 capetus
1410 4656 1499 4703 cano·
