3200 5182
842 267 999 368 Q

355 463 468 530 Abbss
493 461 630 546 singulis
657 462 788 530 unnisc
813 463 908 531 nobis
935 463 1087 550 pecierit;
1115 463 1240 530 scilicet
1266 463 1296 528 si
1311 462 1395 530 torte
1419 463 1483 548 ipsi

356 571 570 640 decimatores
595 571 766 640 occasione
793 571 966 640 dilectoris
994 571 1038 638 ad
1054 590 1120 656 eos,
1137 571 1311 655 dequibus
1338 571 1483 657 hospites

356 681 435 748 dicti
450 680 561 748 vinum
586 681 734 765 emerint,
761 681 808 748 ire
823 681 997 765 noluerInt,
1024 681 1078 748 uel
1093 681 1126 748 in
1143 681 1258 749 codem
1282 681 1355 749 Ioco
1375 699 1483 748 secun-

357 789 432 856 dum
457 795 581 856 certum
596 808 765 856 numerum
790 790 985 858 tunellarum
1002 789 1127 858 litteras
1143 797 1201 858 aut
1226 791 1389 874 ligaturas
1415 775 1484 856 sine

356 897 467 984 precio
484 896 517 964 in
533 897 652 982 sigillis
662 897 741 964 dure
753 898 997 982 denegsuerint,
1017 898 1204 968 testimonio
1214 897 1356 966 bominis
1372 898 1483 978 nostri,

357 1025 497 1074 necnon
514 1005 696 1074 collectoris
717 1007 953 1091 vicesimurum,
971 1013 1004 1074 et
1019 1009 1157 1076 eliorum
1176 1007 1369 1074 idoneorum
1384 1005 1482 1072 bomi-

357 1135 433 1180 num
449 1115 492 1181 ud
509 1115 570 1181 boe
585 1113 737 1183 inuocato
763 1116 865 1182 libere
881 1124 913 1182 et
928 1134 1041 1182 secure
1057 1114 1206 1183 deferent
1221 1118 1300 1182 vino
1319 1135 1382 1183 sua
1397 1134 1482 1199 emp-

356 1221 453 1306 ticiu;
480 1228 513 1288 ct
527 1219 673 1289 decimos
689 1221 730 1288 de
746 1221 832 1306 vino,
860 1222 946 1307 quod
962 1223 1108 1310 predicto
1134 1224 1229 1292 modo
1246 1223 1393 1305 emerint,
1421 1221 1482 1288 sol-

357 1347 431 1394 uere
448 1326 634 1396 nullatenus
648 1335 829 1395 teneantur.
845 1329 881 1396 Si
896 1336 1005 1396 cutem
1020 1331 1146 1414 absque
1156 1329 1265 1414 sigillo
1285 1328 1359 1413 quis
1376 1347 1481 1412 reper—

357 1445 408 1502 tus
424 1433 522 1502 fucrit
537 1456 640 1520 usque
665 1435 782 1504 festum
798 1437 891 1512 Beuti
907 1439 1038 1506 Martini
1055 1441 1164 1506 uinum
1188 1437 1355 1519 detulisse,
1380 1443 1482 1502 totum

358 1543 477 1629 vinum,
494 1551 527 1611 et
542 1564 604 1628 res,
631 1565 714 1630 ques
731 1545 815 1613 idem
842 1547 1001 1632 babuerit,
1029 1548 1168 1615 emittat.
1195 1547 1237 1611 Vt
1254 1551 1365 1611 cutem
1390 1544 1483 1610 huius

358 1651 404 1716 rei
422 1655 524 1720 series
550 1654 645 1720 salus
670 1674 798 1740 semper
815 1661 847 1720 et
870 1655 1061 1723 inconcusse
1077 1661 1274 1743 permaneat,
1296 1661 1483 1738 presentem

359 1762 578 1828 concessimus
605 1761 761 1848 peginam
778 1763 917 1850 duplicis
934 1764 1035 1848 sigilli
1051 1765 1154 1831 nostri
1175 1761 1350 1830 munimine
1366 1761 1400 1826 in
1416 1779 1481 1845 per-

359 1877 490 1953 petuum
522 1870 719 1936 roboratam.
752 1873 872 1937 Datum
900 1891 986 1940 anno
1012 1873 1055 1938 ab
1086 1870 1319 1938 lncarnscione
1351 1867 1481 1935 Domini

358 1977 405 2043 ItI.⁰
416 1976 481 2043 CO?
494 1975 632 2046 XXWI?
655 1979 758 2062 Regni
775 1978 877 2046 nostri
894 1999 978 2046 anno
995 1978 1134 2046 XX⁰III⁰

359 2183 392 2255 (Α
404 2171 597 2256 pennonhutmi
610 2187 752 2256 Idnpitsitg
762 2187 945 2244 Ievtlttribun
956 2193 1043 2244 drndtt
1053 2191 1079 2242 ti.
1089 2207 1115 2242 u.
1128 2185 1224 2256 „Iribor
1234 2192 1384 2244 Rubor-biit
1395 2194 1440 2244 dt.
1450 2193 1477 2253 Id

793 2490 1050 2502 ———-—-——

888 2978 963 3045 2⁷4.

361 3159 408 3224 11.‘
428 3158 533 3223 Euadne
549 3158 657 3246 leri-city
673 3159 852 3242 ortomdnyo
874 3158 975 3244 Uprio
994 3160 1176 3244 contorqueri
1192 3159 1278 3221 &seb
1298 3160 1484 3224 testrrtre'uek

787 3268 943 3332 ozdmeiro.
960 3267 1056 3330 1226.

469 3459 631 3546 (Andreas
659 3461 726 3525 Rex
743 3460 899 3546 Vngurie)
925 3461 1073 3527 omnibus
1098 3465 1266 3545 presentes
1292 3462 1419 3528 litterss
1441 3465 1485 3528 in·

362 3569 520 3653 specturis
537 3570 685 3652 salutem,
711 3577 743 3635 et
759 3589 854 3636 omne
874 3571 993 3638 bonum
1006 3607 1049 3619 -
1062 3610 1100 3616 --
1113 3607 1156 3618 -
1169 3606 1206 3616 -
1222 3607 1264 3616 -
1280 3571 1486 3655 presencium

361 3696 461 3760 quum
476 3675 654 3742 futurorum
665 3677 819 3745 noticiam
836 3679 984 3744 volumus
1000 3678 1179 3763 peruenire,
1202 3677 1378 3761 quodcum
1389 3717 1431 3728 -
1443 3715 1485 3724 —-

361 3820 405 3830 -
416 3821 459 3830 -
475 3783 610 3868 Vgorinj
636 3785 798 3870 quondam
816 3785 1062 3871 Arcbicpiscopi
1078 3784 1318 3870 strigoniensis,
1341 3806 1401 3870 pro
1418 3788 1485 3852 suis

362 3929 405 3938 —
422 3929 465 3938 -
482 3929 525 3938 —-
541 3931 583 3939 —-
605 3893 770 3978 serviciis,
797 3895 959 3960 continuis
986 3894 1085 3962 mutto
1112 3894 1271 3978 ampliore
1297 3900 1483 3976 mereretur,

361 4009 469 4068 tamen
487 4038 529 4049 —-
546 4039 588 4047 —
608 4039 648 4049 -
665 4001 775 4088 Yiner,
792 4004 824 4068 in
841 4002 1001 4068 Pcrocbis
1017 4000 1152 4068 Albensi
1174 4002 1215 4066 ad
1233 4000 1429 4066 Comitatunr
1445 4001 1485 4066 de

361 4107 454 4173 Bono
470 4108 635 4193 pertinens
651 4149 694 4158 —
705 4149 747 4157 —
758 4149 800 4157 —
817 4112 894 4176 VIII
912 4109 1135 4176 mansionibus
1152 4105 1273 4172 ibidem
1290 4107 1484 4190 degentibus

363 4218 392 4282 ei
409 4215 485 4282 VIII
501 4218 613 4301 vineys
639 4227 671 4283 et
687 4218 774 4284 CLX
800 4219 967 4304 iugeribus
991 4225 1076 4282 terre
1100 4219 1168 4282 iure
1194 4223 1348 4302 perpetuo
1375 4216 1484 4282 sibiet

362 4343 419 4407 per·
435 4341 507 4387 eum
522 4323 591 4389 suis
607 4323 782 4393 heredibus
808 4326 1000 4392 contulimus
1018 4322 1261 4411 possidendum,
1281 4323 1483 4408 presentibus

362 4429 482 4496 nostris
506 4429 696 4517 Beronibus,
724 4433 848 4499 (turicli
873 4433 997 4500 Gemite
1022 4438 1133 4500 nostro
1160 4429 1270 4498 Ocnzh
1293 4429 1426 4513 scilicet,
1453 4437 1483 4494 et

362 4539 459 4648 aliis,
463 4558 587 4604 necnon
597 4541 777 4628 Magistris3
796 4551 828 4609 et
843 4545 876 4610 in
892 4543 1132 4629 possessionem
1149 4539 1328 4627 predictum
1349 4539 1481 4605 fecimus
