3202 5190
640 859 718 929 cle.

111 1041 172 1105 m.
191 1041 281 1104 Iocze
295 1065 335 1106 oc
350 1039 529 1126 aitwpami
553 1040 723 1125 kdptclcut
738 1043 875 1119 sterili,
901 1041 981 1129 bcpp
1000 1067 1080 1110 uzon
1095 1045 1235 1132 cpyszks·

109 1145 198 1229 deoc,
223 1146 303 1233 moly
318 1171 357 1211 az
373 1147 557 1232 mctcrpcms‘
571 1149 602 1210 ds
616 1147 758 1211 latomus·
778 1147 904 1214 croht
919 1149 989 1215 ledet
1004 1173 1025 1215 α
1041 1173 1174 1236 mappa-r
1189 1151 1236 1213 le·-

109 1253 183 1339 rdty
208 1253 397 1319 koronctzun'
414 1259 495 1340 ,jope
512 1255 599 1318 iretur
625 1257 810 1338 lcclctleazctt²
826 1279 894 1340 coep
908 1280 976 1322 cern
993 1259 1109 1324 crdsiti.
1135 1261 1233 1324 1211.

221 1448 426 1516 Innocentius
436 1449 619 1535 Episcopus
635 1469 750 1516 seruus
766 1469 933 1518 serrorum
944 1452 1005 1518 Dei
1021 1452 1149 1520 dilectis
1162 1453 1236 1519 tiliis

110 1555 264 1643 capitulo
279 1556 495 1642 strigoniensi
520 1558 658 1624 salutem
674 1565 707 1624 et
722 1559 947 1644 Apostolicam
966 1559 1234 1628 benedictionem.

110 1662 1033 1751 Venerabilistraternostervesprimiensisspiscopmin
1043 1673 1235 1752 nostrapro·

110 1771 221 1857 posuit
238 1772 426 1857 praesentia
436 1771 641 1857 constitutus,
662 1773 831 1856 quodcum
847 1773 887 1839 de
898 1793 980 1858 pace
997 1777 1154 1858 perpetuo
1170 1779 1235 1838 sta·

108 1879 233 1946 tuenda
247 1879 332 1946 inter
341 1881 596 1964 Strigoniensem
611 1886 643 1945 et
659 1879 870 1948 colocensem
881 1879 1048 1946 Ecclesiae
1065 1879 1120 1945 diu
1135 1878 1233 1944 fuerit

110 1986 204 2052 robis
221 1987 440 2055 mediantibus
454 1991 638 2071 tractatum,
651 1987 784 2055 tandem
793 1988 992 2054 venerabilis
1008 1987 1108 2054 irater
1123 1991 1233 2053 nostor

111 2093 346 2178 Strigoniensis
361 2095 635 2179 archiepiscopus
651 2094 693 2161 de
707 2114 869 2162 consensu
885 2101 917 2162 ct
931 2094 1098 2161 voluntate
1113 2093 1233 2160 Suffra-

110 2218 289 2281 ganeorunr
315 2198 550 2284 strigoniensis
566 2200 754 2284 Ecclesiae,
780 2200 932 2267 videlicet
946 2199 1128 2286 sigmensis,
1152 2198 1233 2264 Geo-

109 2305 238 2390 mensis,
255 2313 288 2372 et
303 2304 444 2393 praelati
460 2307 722 2392 vesprumiensis
737 2309 973 2394 Episcoporum
993 2329 1033 2374 ex
1049 2313 1142 2393 parte
1158 2327 1233 2389 una,

108 2418 141 2479 et
157 2413 299 2479 dilectus
315 2413 400 2480 filius
417 2413 605 2487 Colocansis
621 2415 752 2481 Electus
771 2414 811 2481 dc
827 2415 993 2483 voluntate
1014 2414 1233 2500 suffraganeo-

108 2540 178 2585 rum
195 2519 383 2588 (tolosensis
398 2522 563 2606 Ecclesia,
581 2521 806 2588 Waradicnsis
822 2522 983 2609 videlicet,
1009 2522 1232 2606 cenadiensis,

107 2633 141 2692 et
156 2627 372 2695 Ultrasilvani
382 2630 618 2716 Episcopcrum
636 2650 677 2695 ex
693 2631 808 2713 altera,
825 2629 858 2696 in
871 2639 993 2697 certam
1008 2630 1145 2698 formam
1161 2649 1231 2696 con-

108 2733 240 2800 cordiae
251 2734 451 2820 devenerint,
468 2757 567 2820 quam
583 2757 641 2822 per
651 2736 817 2823 praefatos
828 2735 1039 2803 Georiensem
1051 2742 1084 2802 et
1094 2737 1232 2824 Vespro-

107 2841 264 2906 mieus'em
275 2842 455 2929 Episcopos
467 2843 572 2928 redigi
589 2843 826 2910 mandaverunt
841 2843 874 2908 in
890 2845 1036 2929 scriptis;
1053 2864 1125 2909 cum
1141 2843 1231 2910 illam

107 2949 287 3034 inscriptis
303 2950 470 3018 redactam
487 2952 519 3018 in
536 2951 678 3018 medium
689 2951 929 3036 produxissent,
947 2956 978 3016 et
994 2969 1142 3034 superea
1158 2950 1231 3016 fuis·

107 3063 157 3122 set
181 3055 302 3124 diutim
328 3058 548 3145 disputatum,
574 3060 706 3127 tandem
721 3061 769 3124 ita
794 3065 947 3124 correcta
964 3056 1088 3123 exstitit
1103 3063 1136 3122 et
1160 3076 1231 3124 con·

106 3164 239 3248 scripta,
256 3165 342 3249 quod
358 3185 431 3232 earn
443 3186 522 3252 pars
533 3165 731 3252 approbarit
747 3171 892 3254 utraque,
910 3169 942 3229 et
956 3169 1024 3230 tans
1035 3161 1231 3248 strigonien-

106 3271 152 3337 sis
162 3271 448 3361 Arcbiepisccpus,
466 3293 564 3358 quam
574 3272 763 3342 Ooloocnsis
774 3273 905 3338 Electus
922 3291 994 3336 cum
1012 3271 1230 3338 Ecclesiarum

106 3379 468 3464 suarumsuffragancis
478 3381 522 3448 ad
532 3387 648 3448 sancta
659 3381 721 3446 Dei
731 3379 913 3464 Evangelia
923 3380 1126 3464 juraverunt,
1143 3379 1230 3462 quod

106 3486 242 3552 sormam
258 3489 370 3572 pacis,
397 3509 480 3572 quae
496 3489 721 3557 continebatur
736 3489 768 3554 in
784 3489 840 3556 illo
857 3487 979 3572 scripto
998 3487 1105 3573 posito
1121 3507 1229 3554 coram

105 3595 164 3678 eis,
180 3592 313 3660 firmiter
329 3597 550 3682 observarent,
568 3601 600 3664 et
616 3597 805 3663 laborarent
821 3597 864 3663 ad
879 3594 1159 3662 boenihilominus
1176 3597 1229 3662 bo-

106 3719 149 3766 na
165 3701 239 3785 fide,
256 3709 292 3768 ut
307 3723 366 3770 nos
376 3704 644 3790 compositionem
660 3705 922 3772 confirmaremus
939 3701 1097 3769 eamdem.
1108 3702 1144 3768 P.
1156 3722 1230 3786 quo-

107 3826 169 3889 qne
186 3806 565 3894 Quinque-Ecclesiensis
583 3811 815 3896 Praepositae,
836 3811 879 3878 ab
899 3810 1062 3896 Episcopo
1082 3829 1140 3876 suo
1158 3812 1226 3876 mis-

106 3934 160 3982 sus
176 3937 235 4001 pro
254 3937 302 4003 eo,
320 3928 353 3986 ct
367 3920 561 3988 Benedictus
572 3921 784 4009 Praepositae
793 3920 905 3987 Sancti
914 3919 1070 4004 Thomas,
1091 3937 1149 3984 nec
1165 3939 1230 3984 non

111 4029 143 4088 et
158 4024 302 4091 lacobus
318 4028 539 4097 Scholasticns
554 4029 785 4114 strigoniensis
802 4049 862 4114 pro
877 4028 980 4110 vobis,
997 4026 1150 4108 aquibus
1169 4027 1229 4097 sub

106 4128 214 4197 debito
225 4132 406 4215 juramenti
423 4155 458 4202 se
473 4143 681 4204 asseruerunt
696 4136 818 4202 babere
835 4133 1040 4213 mandatum,
1059 4137 1091 4195 et
1106 4131 1228 4196 Hubal-

106 4235 166 4304 dns
182 4237 392 4308 Posoniensis
408 4241 620 4329 Praeposilus
632 4244 825 4328 juraverunt
839 4239 939 4306 etiam
956 4235 1037 4302 illud
1052 4235 1148 4301 idem.
1165 4235 1227 4302 Pro

106 4344 274 4412 colocensi
299 4367 376 4416 uero
402 4349 550 4418 Ecclesia
574 4350 718 4418 lacobus
744 4345 941 4429 eolooencis,
968 4351 1000 4409 et
1015 4343 1225 4410 Hosrnundns

104 4451 215 4518 Sancti
231 4453 399 4522 Laurentii
413 4456 598 4544 Praepositi
622 4456 854 4544 praestiterunt
879 4450 1047 4520 consimile
1061 4451 1226 4535 Jurameu-

7 4641 8 4648 ἵ
105 4563 180 4626 tum.
205 4559 300 4626 Unde
314 4561 483 4645 praelatus
500 4565 680 4656 Episcopus
696 4585 737 4630 ex
754 4567 849 4651 parte
866 4557 976 4626 dilecti
990 4558 1050 4626 tilii
1064 4547 1167 4626 r'rostri
1184 4560 1223 4627 Α.
