3218 5192
847 335 1006 436 —ma-

366 537 481 622 tionis,
509 541 541 600 ct
556 531 728 618 superbiae
744 531 932 596 calcaneum
957 537 1148 615 erexerunt,
1174 549 1232 616 per
1250 527 1492 596 inobedientiae

365 645 479 711 vitium
496 642 578 707 adeo
605 641 749 722 graviter
772 638 985 722 deliquerunt,
1011 638 1098 722 qnod
1114 637 1305 704 auctoritate
1321 637 1492 703 Romanae

366 751 535 820 Ecclesiae
551 755 583 814 et
598 767 659 814 sua
674 747 762 832 ipsos
779 745 1101 814 excommunicationi
1125 745 1270 812 subiecit.
1294 745 1360 812 Sed
1375 745 1442 831 ipsi
1457 746 1493 809 in

367 881 429 926 sua
445 856 663 924 obstinatione
679 854 822 920 indurati
846 853 957 920 delicti
974 855 1024 920 sui
1040 861 1167 920 reatum
1189 871 1422 938 recognoscere
1438 873 1493 919 no·

368 971 497 1034 luerunt
506 1016 516 1050 ,
542 983 602 1030 nec
619 963 663 1028 ad
679 961 936 1028 satisfactionem
960 961 1068 1027 redire
1085 967 1249 1027 curarunt.
1265 960 1361 1027 Unde
1377 961 1493 1026 merito

369 1077 409 1142 de
424 1075 507 1160 ipsis
518 1077 625 1159 potest
636 1071 719 1137 dici:
740 1069 1033 1154 ,computruerunt
1043 1071 1194 1154 jumenta
1204 1070 1236 1135 in
1248 1075 1389 1135 stercore
1400 1067 1492 1134 sno.“

368 1184 443 1249 Jam
459 1181 546 1248 enim
561 1179 710 1245 videntur
721 1176 812 1242 infixi
828 1178 861 1242 in
875 1178 951 1244 limo
967 1177 1127 1264 profundo
1144 1183 1177 1244 et
1192 1185 1308 1262 puteus
1324 1177 1441 1262 abyssi
1458 1195 1495 1242 os

369 1309 462 1356 suum
487 1307 584 1372 super
599 1304 654 1352 eos
680 1284 839 1350 clausisse
863 1284 1000 1350 videtur.
1027 1285 1114 1350 Sanc
1140 1284 1224 1351 scire
1244 1283 1380 1368 debent,
1407 1283 1496 1367 quod

369 1397 574 1464 obedientiae
590 1394 692 1460 virtus
718 1413 813 1458 omne
830 1393 1059 1460 sacrificiorum
1079 1411 1181 1478 genus
1197 1391 1497 1477 incomparabiliter

371 1503 552 1577 antecedit;
581 1509 612 1566 et
627 1520 685 1586 per
701 1499 806 1584 ipsam
831 1499 971 1585 primum
988 1499 1160 1584 hominem,
1187 1499 1243 1583 qui
1259 1505 1425 1566 corruerat
1441 1497 1497 1562 mi-

369 1609 554 1677 serabiliter
569 1625 627 1693 per
642 1605 847 1691 superbiam,
874 1603 1085 1688 Omnipotens
1102 1605 1190 1670 Deus
1214 1603 1410 1670 mirabiliter
1426 1625 1498 1672 coc-

369 1717 444 1798 lesti
459 1715 582 1799 gloriae
598 1712 772 1798 reparavit.
799 1711 893 1778 Unde
917 1731 978 1778 nos
1003 1731 1061 1797 per
1083 1711 1273 1797 Apostolica
1297 1711 1345 1777 cis
1371 1711 1498 1798 scripta

371 1820 607 1902 mandavimus,
626 1824 658 1882 et
674 1817 708 1884 in
724 1818 842 1883 virtute
858 1817 1064 1885 obedientiae
1079 1819 1313 1904 praecepimus,
1333 1825 1498 1902 quatenus

371 1930 568 2018 apraedicto
580 1927 834 2014 Archiepiscopo
848 1928 985 2010 absolvi,
1004 1945 1076 1993 cum
1093 1927 1179 1993 omni
1195 1927 1377 1993 humilitate
1393 1935 1427 1994 et
1441 1949 1499 2014 pa-

371 2039 486 2106 tientia
501 2035 684 2121 postulent,
714 2042 745 2100 et
761 2033 824 2098 sibi
841 2041 873 2098 et
888 2034 1055 2100 Ecclesiae
1080 2053 1159 2100 suae
1171 2035 1244 2119 jure
1260 2034 1499 2119 metropolitico

371 2144 561 2232 suppliciter
579 2151 612 2206 et
628 2141 744 2206 devote
769 2139 987 2208 obedientiam
1004 2141 1147 2208 debitam
1164 2147 1196 2206 ct
1211 2145 1425 2208 reverentiam
1440 2143 1499 2208 im·

370 2252 525 2341 pendant.
553 2247 678 2324 Quodsi
694 2283 1097 2296 -------
1114 2249 1287 2335 superbiae
1306 2255 1337 2315 et
1353 2249 1500 2316 inobedi-

371 2361 478 2426 entiae
495 2354 564 2422 dati
581 2354 614 2419 in
629 2355 803 2438 reprobum
829 2375 960 2420 sensum
977 2355 1139 2442 deponere
1154 2357 1326 2442 noluerint,
1353 2357 1422 2423 Nos
1438 2355 1499 2423 Lc-

372 2473 469 2553 gato,
495 2481 590 2547 quem
607 2463 676 2527 Deo
701 2461 833 2529 favente
859 2463 902 2528 ad
919 2470 1030 2550 partes
1045 2465 1122 2532 illas
1148 2465 1337 2551 dirigimus,
1364 2465 1501 2530 tirmiter

372 2569 618 2652 mandavimus,
644 2575 679 2634 ut
694 2570 889 2636 sententiam
905 2571 1152 2662 Archiepiscopi
1168 2574 1358 2642 inconcusse
1383 2571 1499 2656 faciat,

373 2687 405 2746 et
420 2677 651 2748 inviolabiliter
676 2679 864 2766 observari,
893 2683 1005 2750 etalio
1023 2684 1118 2751 modo
1128 2735 1137 2769 ,
1164 2685 1192 2750 si
1208 2705 1268 2750 uec
1292 2684 1339 2750 sic
1354 2687 1498 2771 resipue-

373 2789 446 2872 rint,
463 2787 497 2851 in
510 2786 599 2870 ipsos
616 2785 745 2852 studeat
756 2787 932 2854 vindicare.
950 2789 1050 2856 Vobis
1061 2791 1388 2859 antemnihilominus
1404 2811 1499 2877 prae-

373 2893 523 2978 cipiendo
540 2890 742 2978 mandamus,
759 2901 795 2960 ut
811 2895 989 2981 praedictis
1005 2897 1187 2984 Episcopis,
1204 2899 1306 2966 donec
1322 2899 1354 2963 in
1372 2917 1499 2965 excom-

241 3067 250 3084 ·
373 3000 589 3068 manicatione
613 3002 834 3086 perstiterint,
861 3003 994 3070 filialem
1018 3005 1221 3073 devotionem
1248 3011 1304 3072 aut
1328 3006 1501 3090 subjectio-

374 3127 447 3173 nem
472 3108 616 3192 aliquam
641 3110 729 3176 uullo
756 3111 851 3179 modo
877 3113 1079 3198 exhibeatis,
1106 3133 1167 3179 nec
1190 3133 1246 3180 eos
1273 3113 1500 3196 revereamini,

375 3232 540 3298 quousque
549 3213 803 3302 Archicpiscopo
819 3224 975 3303 tanquam
990 3221 1240 3307 metropolitano
1257 3239 1316 3287 suo
1332 3220 1500 3305 studeant,

374 3319 408 3384 in
424 3318 475 3385 his
491 3339 575 3402 quae
590 3320 653 3385 Dei
669 3328 753 3410 sunt,
771 3323 933 3390 humiliter
949 3327 1089 3393 obedire.

484 3425 604 3492 Datum
620 3423 796 3496 Beneventi
813 3432 867 3496 VI.
884 3432 1045 3500 kalendas
1061 3433 1221 3501 Januarii.

747 3630 898 3696 (cgysmu
910 3629 957 3682 vr.
973 3633 1028 3685 aaa.
1042 3635 1085 3684 ar.
1099 3632 1128 3698 1.)
