3164 5192
581 327 735 430 —a—or—

86 521 220 588 nuntius
236 540 327 590 meus
343 523 488 589 inveniet
505 527 541 588 te
557 521 675 590 sanum
691 530 724 589 et
740 525 872 608 laetum,
891 545 962 592 oum
984 527 1146 614 omnibus,
1172 527 1227 613 qui

86 638 161 694 sunt
185 635 312 714 teonm,
338 637 371 696 et
386 628 542 696 omnibns
563 631 840 716 consanguineis,
865 641 897 698 ot
912 634 1028 700 amieis
1053 637 1128 701 tuis.
1155 635 1226 718 Ego

87 757 188 804 sanus
216 757 288 804 sum
304 757 363 824 per
393 738 545 804 virtutem
561 739 715 823 Domini,
741 747 773 806 et
790 739 914 807 Beatae
930 741 1093 826 Virginis,
1121 747 1153 807 et
1168 761 1227 827 per

86 845 256 912 orationes
273 845 465 912 Sanctorum
480 845 569 912 Petri
593 854 625 913 et
640 846 736 913 Pauli
752 846 1003 934 Apostolorum,
1031 858 1063 916 et
1078 869 1136 936 per
1153 869 1226 916 san-

87 959 158 1019 etas
175 953 341 1021 orationes
357 959 443 1020 tuas.
460 953 614 1040 Intelligo
631 973 692 1040 ego
705 956 934 1040 Calojoonnes,
955 958 1137 1042 Imperator
1152 957 1225 1022 Bul-

86 1079 256 1144 garorum,
272 1060 359 1144 quod
370 1065 404 1126 tu
421 1061 525 1128 habes
537 1067 733 1145 potestatem
750 1062 851 1130 aDeo
865 1061 1000 1148 ligandi,
1018 1071 1052 1131 et
1064 1065 1223 1150 solvendi,

85 1168 172 1233 sieut
182 1167 299 1234 habuit
309 1166 430 1233 Beatos
440 1168 752 1255 PetrusApostolus,
764 1170 816 1234 oui
825 1168 907 1236 dixit
914 1170 1083 1237 Dominus:
1097 1171 1224 1256 „Quod-

86 1293 215 1358 eunqne
232 1273 388 1357 ligaveris
405 1294 504 1360 super
519 1276 658 1341 terram“
678 1281 740 1342 eto.
759 1275 873 1363 (lieth.
890 1277 1002 1365 XVI),
1017 1279 1065 1344 sio
1076 1281 1136 1346 tibi
1152 1300 1223 1348 oon-

83 1381 161 1448 tulit
178 1382 271 1447 Deus
287 1381 430 1465 gratiam
446 1382 563 1468 istam,
590 1383 686 1466 unde,
703 1401 800 1465 quem
815 1383 992 1468 ligaveris,
1019 1385 1140 1471 ligatus
1162 1394 1221 1472 est,

86 1495 118 1554 et
135 1508 234 1574 quem
251 1489 409 1574 solveris,
426 1489 562 1556 solutus.
587 1489 709 1557 Notum
724 1489 810 1558 faoio
826 1492 1001 1558 Sanctitati
1017 1501 1110 1580 tuae,
1136 1494 1223 1579 quod

86 1597 196 1681 elapsi
212 1603 290 1662 sunt
305 1615 363 1662 sex
380 1597 479 1682 anni,
507 1596 594 1681 quod
609 1615 671 1682 ego
688 1599 799 1683 semel,
817 1599 971 1684 seeundo,
988 1607 1021 1665 et
1035 1601 1131 1668 tertio
1148 1601 1223 1666 misi

86 1704 130 1770 ml
147 1723 230 1788 vos,
257 1704 318 1771 sed
341 1704 445 1771 nuntii
461 1705 525 1770 mei
551 1723 615 1771 non
640 1711 815 1790 potuerunt
830 1705 873 1772 ad
891 1707 1106 1774 sanctitatem
1130 1715 1221 1774 tuam

85 1812 258 1898 aeoedere,
275 1819 308 1879 et
324 1833 507 1899 proponere
522 1814 657 1880 verbum
673 1834 801 1896 meum,
827 1821 861 1881 et
876 1815 998 1882 reterre
1015 1815 1093 1882 mihi
1110 1835 1221 1882 eonso·

85 1923 250 1988 lationem
265 1930 366 1988 tuam.
384 1921 561 2007 Inspiravit
577 1921 736 1988 Dominus
753 1921 967 1989 sanctitatem
983 1927 1082 2007 tuam,
1100 1929 1135 1988 ut
1151 1923 1219 1988 mit·

84 2035 169 2096 teret
187 2029 268 2094 milri
285 2029 492 2094 Dominioum
502 2079 511 2113 ,
528 2027 855 2116 Arohipresbyterum
875 2028 1135 2115 Brundusinam,
1160 2049 1220 2114 per

85 2156 183 2222 quem
200 2137 357 2222 intellexi,
385 2137 473 2222 quod
487 2157 553 2204 non
569 2157 604 2204 es
630 2137 751 2204 oblitus
768 2136 841 2220 mei,
869 2137 955 2203 servi
971 2137 1030 2223 tui,
1054 2155 1150 2221 quem
1166 2137 1218 2204 ho-

86 2243 208 2311 noravi
223 2245 308 2310 siout
322 2245 486 2312 hominem
501 2249 601 2328 tuum,
619 2251 651 2311 et
667 2243 743 2310 dedi
755 2243 785 2309 ei
801 2243 937 2328 litteras,
958 2263 1040 2328 quas
1055 2245 1219 2312 tuaeSan-

85 2353 197 2420 etitati
212 2351 355 2420 deterret
363 2403 373 2436 ,
399 2371 483 2436 quas
499 2358 605 2419 utrum
622 2351 778 2437 attulerit,
804 2351 858 2418 vel
874 2371 938 2419 non
955 2351 1111 2436 attulerit,
1129 2353 1218 2419 Deus

84 2461 188 2529 novit.
216 2463 267 2527 Ex
283 2480 347 2546 qno
364 2463 529 2528 soiverunt
544 2461 632 2528 istud
648 2461 787 2545 Graeoi,
812 2461 968 2527 miserunt
984 2460 1063 2527 milri
1078 2461 1218 2527 Patriar·

84 2571 193 2654 elram,
210 2576 245 2636 et
259 2570 461 2653 Imperator:
483 2569 566 2635 Veni
582 2567 625 2634 ad
640 2589 711 2654 nos,
730 2569 957 2636 eoronabimus
979 2577 1011 2636 te
1026 2569 1059 2634 in
1076 2571 1218 2654 Impera-

82 2684 200 2762 torem,
218 2683 251 2743 et
265 2677 423 2744 faciemus
447 2677 508 2743 tibi
523 2677 758 2764 Patriaroham,
783 2677 863 2764 quia
879 2675 1056 2765 Imperium
1072 2678 1142 2746 sine
1158 2679 1217 2743 Pa-

85 2786 307 2853 trIarohanon
319 2792 437 2872 staret3
449 2785 562 2853 -sed
579 2807 641 2872 ego
652 2807 717 2854 non
726 2786 825 2869 volui,
835 2785 900 2852 imo
910 2786 1030 2852 reourri
1043 2785 1218 2853 adSanoti-

85 2899 189 2960 tatem
204 2900 305 2980 tuam,
321 2893 400 2978 quia
416 2895 490 2961 volo
506 2912 579 2961 esse
595 2912 708 2960 servus
719 2892 830 2960 Sancti
841 2891 938 2977 Petri,
961 2898 994 2958 et
1008 2891 1217 2958 tuaeSanoti-

84 2999 188 3085 tatIs3
205 3007 239 3068 et
254 3001 337 3068 soiat
351 2999 516 3067 Sanctitas
531 3005 599 3085 tua,
624 3001 712 3085 quod
728 3019 790 3084 ego
807 2999 880 3065 misi
896 2997 938 3065 ad
948 3004 979 3064 te
995 2997 1216 3082 Arohiepisoo·

84 3127 167 3193 pum
185 3126 291 3172 meum
307 3126 380 3174 oum
396 3105 483 3174 omni
505 3107 711 3174 ordinatione
727 3112 760 3172 et
775 3107 913 3192 peounia
922 3158 931 3191 ,
959 3111 991 3171 et
1006 3103 1124 3190 pannis
1141 3103 1216 3169 seri-

82 3215 144 3302 eis,
161 3235 257 3300 aera,
283 3221 315 3281 et
333 3221 488 3299 argento,
516 3215 608 3301 equis
625 3224 658 3282 et
673 3215 791 3302 mulis,
817 3219 852 3278 ut
868 3213 981 3279 adoret
1001 3213 1215 3280 sanctitatem

82 3334 178 3392 tuam
195 3345 255 3410 pro
272 3343 323 3390 me
339 3344 433 3392 servo
449 3333 515 3393 tuo.
540 3325 582 3391 Et
598 3344 677 3410 rogo
694 3343 752 3410 per
776 3323 941 3390 orationes
958 3321 1051 3388 Beati
1066 3319 1216 3408 Apostoli

83 3431 187 3516 Petri,
213 3438 247 3498 et
261 3451 320 3518 per
336 3437 467 3498 sanetas
493 3432 656 3500 orationes
671 3437 765 3514 tuas,
783 3437 818 3496 ut
834 3438 869 3497 tu
885 3429 995 3495 mittas
1011 3426 1213 3511 cardinales,

84 3539 207 3626 quibus
223 3539 406 3625 praecipiat
421 3539 586 3606 Sanctitas
601 3547 677 3624 tua,
703 3546 738 3605 ut
754 3559 804 3606 me
820 3543 975 3606 coronent
991 3538 1025 3603 in
1041 3539 1215 3622 Imperato-

83 3667 166 3730 rem,
184 3655 217 3712 et
233 3647 267 3712 in
282 3653 372 3713 terre
387 3667 460 3714 mea
475 3647 599 3714 faciant
614 3647 859 3730 Patriaroham,
886 3653 918 3714 ut
934 3647 995 3713 sim
1012 3663 1124 3712 servus
1140 3651 1214 3711 tuus

84 3762 236 3841 tempore
251 3757 339 3822 vitae
362 3775 464 3822 meae.

223 3935 329 4002 (Migns
341 3952 368 3987 u.
382 3952 406 3987 o.
419 3937 457 3988 11.
471 3937 527 3987 kot.
543 3937 602 3988 itt.
615 3935 650 3998 l.;
674 3937 791 3987 Theiner
805 3952 829 3987 ιι.
843 3951 867 3986 o.
880 3935 904 3985 1.
919 3934 974 3985 lot.
988 3937 1032 3987 20.
1045 3930 1085 4003 l.)·

131 4735 237 4776 ΙΟΙΠΙ·
252 4734 335 4774 mil·
350 4735 420 4775 mu.
435 4743 470 4757 ·“
483 4735 555 4774 nun.
570 4727 604 4766 ll·
