3218 5192
855 327 1010 429 Q

361 551 476 602 sensus
489 535 638 596 nostrum
650 535 681 592 et
691 523 824 592 nomina
835 523 1091 590 subscribantur.
1109 525 1180 608 ugo
1190 525 1387 612 Peregrinus
1399 527 1506 611 Aqui.

361 639 495 708 leiensis
513 635 717 718 Patriareha,
735 653 808 698 oum
824 631 977 700 nauibus
992 632 1212 718 suffraganeis
1229 633 1360 702 interfui
1376 644 1409 704 et
1423 655 1504 704 eon-

360 746 459 814 sensi.
485 746 557 828 Ego
575 740 740 808 Arnoldus
756 739 985 824 Moguntinus,
1009 739 1080 823 Ego
1096 739 1274 808 Reinaldus
1291 740 1498 826 colonensis,

360 857 432 938 Ego
448 853 660 918 wicmannus
676 845 987 932 Magdeburgensis,
1013 847 1084 932 Ego
1110 846 1280 916 Ardwieus
1306 850 1497 916 Bremensis

361 955 611 1044 Archiepisoopi
625 952 830 1022 interfuimus
843 958 876 1020 et
892 971 965 1018 eum
981 953 1130 1020 omnibus
1141 954 1359 1040 suffraganeis
1371 956 1497 1024 nostris

362 1066 595 1136 consensimus.
624 1062 771 1128 Hellinus
787 1059 991 1127 Trevirensis
1012 1059 1297 1148 Arohiepisoopus,
1322 1063 1496 1130 Ebrardus

361 1167 1499 1258 SaluburgensisArchiopisuopus,ArelatensisArohiepiseopus,Vien-

363 1275 763 1363 naeArohiepisoopus,G.
771 1276 1074 1342 eleotusRavennas
1084 1297 1196 1345 omnes
1206 1298 1265 1364 per
1274 1281 1402 1364 legatos
1411 1300 1494 1348 suos

364 1399 396 1456 et
406 1389 534 1455 litteras
545 1406 623 1452 suas
640 1389 886 1452 eonsenserunt.
900 1385 988 1450 Rex
1003 1385 1033 1450 H
1046 1403 1096 1450 un
1109 1405 1274 1468 garoru
1285 1409 1325 1471 m,
1342 1389 1413 1454 Rex
1429 1390 1499 1454 Da·

362 1516 488 1578 norum,
503 1496 572 1559 Rex
583 1492 769 1576 Bohemiae,
781 1511 839 1577 per
853 1493 981 1576 legatos
992 1512 1069 1560 suos
1086 1501 1119 1560 et
1135 1495 1261 1561 litteras
1271 1515 1348 1562 suas
1358 1515 1496 1562 eonsen-

363 1608 485 1669 sorunt.
506 1600 778 1686 Archiepiscopus
794 1607 826 1665 et
838 1600 913 1664 Dux
923 1599 1080 1666 Poloniae
1096 1619 1154 1685 per
1171 1601 1299 1685 legatos
1315 1611 1347 1670 et
1363 1605 1495 1672 litteras

363 1730 440 1776 suas
459 1713 700 1777 consenserunt.
717 1707 900 1791 Episcopus
916 1706 1079 1791 Ripensis,
1095 1707 1277 1795 Episcopus
1294 1711 1496 1795 Augustinu-

365 1817 476 1884 nensis
487 1817 554 1882 stb.
581 1813 640 1903 (40
656 1813 794 1900 puspok,
814 1813 855 1878 de
870 1813 950 1880 ezek
966 1814 1042 1880 uozt
1058 1833 1123 1899 egy
1134 1835 1203 1882 sam
1219 1819 1495 1903 magyarorsnagi

361 1944 448 2010 vagy
458 1923 653 2008 dalmatiai.)
668 1923 726 1988 Est
737 1929 846 1988 autem
855 1941 1007 1988 numerus
1017 1923 1345 2011 Arehiepisooporum
1355 1935 1387 1993 et
1396 1927 1495 2012 Epis·

360 2051 524 2118 soporum,
540 2029 594 2114 qui
609 2035 799 2114 praesentes
813 2027 951 2112 suerunt,
966 2037 998 2096 et
1013 2029 1069 2112 qui
1083 2029 1200 2098 litteris
1216 2031 1284 2097 suis
1295 2051 1493 2100 eonsensum

360 2159 454 2206 suum
471 2139 708 2224 praebuerunt,
731 2142 857 2202 eentum
875 2135 1111 2221 quinquaginta
1126 2143 1204 2204 tres.
1229 2137 1394 2205 Abbatum
1409 2157 1492 2208 vero

359 2253 391 2312 et
415 2245 726 2312 Archidiaoonorum
753 2251 783 2310 et
809 2245 1073 2330 Praepositorum
1103 2244 1276 2312 multorum
1302 2247 1493 2333 Regnorum

360 2352 612 2420 inaestimabilis
639 2353 809 2421 multitudo
835 2351 980 2419 interfuit
995 2357 1027 2418 et
1043 2371 1115 2418 oum
1132 2351 1296 2421 desiderio
1315 2358 1493 2423 consensit.

358 2462 511 2528 Interfuit
535 2463 634 2529 etiam
651 2461 725 2528 Dux
740 2459 905 2526 Senoniae
922 2465 953 2525 et
969 2459 1150 2543 Bawariae,
1168 2459 1244 2524 Dux
1259 2461 1385 2548 Welfo,
1414 2465 1493 2531 Dux

358 2569 545 2655 Zaringine,
570 2571 646 2636 Dux
662 2570 849 2652 Suevorum,
875 2565 991 2633 Comes
1008 2567 1177 2633 Palatinus
1195 2567 1235 2634 de
1253 2567 1377 2654 Rheno,
1394 2572 1492 2638 Paia-

357 2677 444 2744 tinus
462 2677 502 2744 de
518 2677 679 2760 Saxonia,
698 2675 738 2741 de
754 2675 917 2760 Bawaria,
942 2679 974 2740 et
993 2674 1049 2740 alii
1065 2675 1269 2743 Marohiones
1286 2682 1319 2743 et
1334 2676 1491 2766 Comites,

358 2805 494 2867 quorum
510 2785 643 2852 nomina
662 2783 863 2870 ignorantur.

424 2985 513 3048 (Porta
527 2983 560 3036 G.
574 2983 618 3046 H,
632 2984 805 3034 Monumenta
818 2981 980 3033 Germaniae
993 2979 1139 3044 Historiae,
1153 2981 1257 3047 Legum
1273 2981 1371 3034 'I'omue
1384 2983 1423 3035 11.

824 3071 973 3122 ras-127.
985 3069 1024 3135 ll.)

890 3819 945 3890 55.

349 4002 376 4068 Ι.
394 4001 525 4090 Foa‘pyeo
542 4004 670 4068 consede·
686 4025 706 4066 a
720 4002 834 4088 pariat
848 4002 950 4066 astarot
966 4003 1044 4065 ratde
1059 4002 1078 4066 I
1084 4001 1119 4071 V.
1143 4003 1250 4068 Viator
1259 4002 1406 4091 puporot
1421 4025 1480 4070 em·

350 4111 434 4176 litent
450 4113 546 4195 teuto,
557 4109 715 4195 saltem,
731 4111 811 4197 topy
827 4111 934 4176 annale
945 4109 1217 4197 obediantittjctiroa
1227 4111 1482 4200 Mapyaramdp
1583 4177 1585 4196 ,

759 4219 789 4281 is
805 4215 951 4282 tartozt'k.
969 4217 1068 4281 1160.
1583 4229 1584 4240 ²

456 4411 642 4479 Friderious
659 4411 721 4478 Dei
738 4411 846 4496 gratia
861 4413 1082 4480 Romanorum
1103 4414 1286 4498 Imperator
1301 4422 1334 4481 et
1349 4415 1488 4502 Semper
1580 4385 1583 4480 ι’

347 4519 515 4604 Augustus
532 4519 649 4587 dilecto
665 4527 699 4587 et
714 4517 802 4584 fideli
824 4539 883 4586 suo
901 4519 1108 4608 Pteregrino)
1124 4521 1303 4588 venerabili
1311 4523 1487 4607 Aquileiae

346 4627 560 4694 Putriarohae
577 4627 718 4712 gratiam
734 4645 828 4694 suam
844 4633 876 4693 et
892 4645 989 4694 omne
1012 4627 1142 4694 bonum.
1163 4669 1203 4680 -
1221 4665 1261 4678 -
1282 4666 1325 4680 -
1341 4629 1482 4710 Quicun-
