3200 5182
613 335 772 439 uu.

121 533 235 599 batem
251 539 285 599 et
300 530 503 608 Contentum
518 532 631 598 Sancti
646 533 777 600 Martini
795 553 835 600 ex
851 541 945 619 parte
962 553 1037 620 una,
1059 543 1092 604 et
1108 537 1255 624 Pmposi-

123 648 195 708 tnm
211 650 244 708 et
259 641 446 728 Capitulum
462 641 615 710 Albensis
631 643 778 710 Ecclesia
804 663 845 709 ex
864 643 976 731 altera,
1004 665 1103 733 snper
1119 647 1255 715 decimis

123 757 196 816 tam
212 750 291 834 anis,
317 771 415 835 quam
430 750 535 818 eciam
552 751 746 837 populomm
771 770 902 818 suornm
918 751 950 817 in
968 750 1131 820 Comitatn
1150 753 1254 840 Symi-

121 858 231 942 giensi
247 859 471 944 existencium,
488 880 571 943 quas
587 858 674 926 idem
684 859 798 926 Abbas
815 865 847 925 ct
862 859 1048 928 Conuentus
1064 882 1085 928 a
1101 861 1167 928 iam
1188 863 1255 931 dic-

123 968 170 1034 tis
195 968 366 1054 Preposito
380 974 413 1036 et
438 969 590 1055 Capitulo
616 968 832 1052 requirebant,
859 968 964 1036 inerat
988 955 1157 1056 ventilata,
1182 993 1254 1038 cum

121 1077 231 1159 Regni
256 1075 358 1144 nostri
384 1076 602 1164 Principibus,
628 1085 661 1144 et
677 1077 819 1144 maxime
839 1077 1003 1145 mediante
1029 1079 1099 1146 uiro
1123 1099 1255 1146 venera·

122 1183 187 1249 bili
213 1184 372 1267 Magistro
389 1183 506 1268 Egidic
523 1183 729 1251 Subdiacono
754 1191 787 1249 et
810 1183 988 1270 Capeliano
1005 1186 1127 1252 demini
1153 1187 1254 1274 Papo,

122 1300 159 1358 et
174 1291 362 1376 Apostolice
388 1292 484 1358 Sedis
500 1292 636 1377 legato,
661 1292 800 1358 sollicite
823 1293 996 1377 invigilare
1020 1296 1199 1379 cupientes,
1225 1303 1257 1361 et

123 1399 211 1464 inter
226 1397 292 1464 iam
307 1398 414 1464 dictas
430 1399 595 1466 Ecclesias
611 1420 726 1485 pacem
743 1399 932 1484 reformare,
950 1401 1019 1468 sinc
1041 1402 1132 1467 cuius
1148 1400 1256 1468 condi·

124 1513 236 1573 mento
261 1525 322 1572 neo
338 1507 420 1590 Deo,
446 1527 506 1572 uec
522 1507 671 1592 proximo
691 1507 823 1594 placere
848 1517 993 1594 possunt,
1019 1509 1256 1594 compassionis

125 1615 237 1682 animo
254 1615 401 1700 parcium
430 1616 584 1700 expensis
601 1623 633 1680 et
655 1615 823 1682 laboribus
840 1615 1013 1682 admodum
1035 1616 1256 1700 condolentes,

125 1743 201 1790 cum
218 1730 355 1807 utraque
370 1722 591 1788 Ecclesiamm
610 1722 654 1788 ad
670 1743 729 1790 nos
745 1724 777 1788 in
795 1724 1029 1808 temporalibus
1049 1724 1140 1790 etad
1157 1723 1256 1790 domi·

126 1851 206 1896 num
222 1833 347 1915 Papam
364 1831 396 1896 in
413 1831 639 1916 spiritualibus
654 1831 743 1898 nullo
758 1831 920 1918 pertineat
937 1831 1109 1915 mediante,
1134 1839 1167 1898 et
1182 1831 1256 1899 ideo

127 1937 173 2005 ad
190 1939 357 2021 utriusque
382 1937 651 2022 indempnitatem
668 1947 701 2005 et
716 1938 890 2004 utilitatem
906 1958 992 2021 equa
1018 1938 1112 2004 lance
1136 1941 1257 2025 prospi-

127 2067 205 2113 cere
220 2054 399 2130 teneamur,
426 2047 585 2134 exemplis
601 2048 705 2113 eciam
721 2054 962 2114 antecessorum
976 2053 1176 2130 nostrornm,
1202 2048 1257 2130 qui

127 2156 204 2222 lites
220 2156 303 2222 inter
319 2155 485 2222 Ecclesiae
502 2155 651 2222 subortas
676 2156 786 2242 sepius
803 2155 902 2222 simili
919 2155 1100 2222 donacione
1117 2157 1256 2240 sopiere,

129 2265 306 2348 diligenter
329 2264 476 2330 instructi
502 2263 543 2329 de
559 2265 726 2331 voluntate
750 2264 902 2331 Albensis
926 2264 1085 2347 Ecclesia,
1102 2263 1259 2348 disposui·

129 2393 215 2456 mus,
231 2373 510 2438 utMonasterium
521 2373 632 2440 Sancti
642 2373 774 2438 Martini
785 2374 825 2440 de
837 2373 1017 2442 redditibus
1029 2373 1150 2440 nostris
1160 2393 1258 2439 unum

128 2482 279 2548 timinum
294 2481 414 2547 salium
429 2480 602 2565 Regalium
619 2481 652 2546 in
669 2481 811 2548 Posonio
828 2481 928 2546 libere
948 2487 982 2547 et
995 2483 1066 2548 sine
1082 2480 1259 2548 contradic·

133 2589 227 2656 cione
244 2588 405 2676 percipiat
430 2587 607 2669 annuatim,
634 2587 810 2654 secundum
827 2587 913 2672 quod
932 2587 965 2652 iu
981 2587 1156 2673 priuilegio
1179 2589 1261 2655 eius-

131 2697 206 2764 dem
222 2696 374 2762 Albensis
390 2693 539 2761 Ecclesia
554 2694 800 2779 continebatur,
816 2695 903 2777 qnod
919 2695 1023 2760 eciam
1044 2695 1181 2780 predicti
1197 2695 1261 2762 Ab·

129 2809 194 2874 bas
210 2809 243 2870 et
260 2802 445 2870 Conventus
462 2803 636 2888 plurimum
648 2807 870 2887 acceptarunt,
889 2807 921 2867 et
936 2801 1152 2887 promisemnt
1167 2821 1203 2868 se
1220 2801 1260 2868 de

131 2921 240 2980 cetero
256 2912 394 2979 ulterius
418 2918 531 2979 contra
545 2908 711 2998 predictos
727 2910 931 2995 Propositum
955 2915 988 2976 et
1005 2909 1192 2995 Capitulum
1208 2910 1261 2976 Al·

131 3023 234 3088 bense
259 3039 357 3105 snper
382 3018 511 3104 prelata
537 3037 639 3084 causa
664 3017 808 3102 aliquam
832 3016 1086 3084 controversiam
1110 3037 1176 3084 nun
1199 3037 1263 3084 mu·

132 3149 220 3214 vere,
238 3131 286 3195 ita
302 3127 390 3212 quod
405 3126 563 3212 sepedicti
579 3127 781 3212 Propositus,
798 3131 831 3192 et
850 3123 1004 3192 Canonici
1015 3124 1175 3191 Albenses
1191 3145 1263 3212 pre·

132 3244 244 3304 sentes
260 3242 292 3302 et
308 3235 440 3321 posteri,
466 3253 606 3300 necnon
625 3233 736 3300 cleriei
753 3241 786 3300 et
801 3231 915 3320 populi
930 3232 1085 3298 Albensis
1102 3232 1260 3316 Ecclesia,

133 3351 292 3412 eteorum
318 3341 555 3428 possessiones,
572 3361 593 3405 a
609 3340 776 3408 solucione
793 3340 990 3406 decimarum
1015 3344 1173 3424 perpetuo
1199 3337 1264 3405 sint

132 3455 305 3519 immunes.
321 3451 362 3516 Et
372 3469 413 3516 ne
424 3447 507 3516 sorte
518 3448 633 3534 populi
649 3449 795 3515 extranei
806 3469 878 3514 oum
895 3448 1037 3533 propriis
1053 3447 1150 3512 terris
1160 3445 1265 3512 vineis

133 3558 348 3627 decimalibus
365 3557 563 3624 Monasteriu
582 3557 696 3623 Sancti
712 3555 843 3622 Martini
854 3554 1026 3638 occasione
1042 3553 1119 3620 talis
1135 3554 1265 3621 liberta·

134 3671 179 3738 tis
204 3667 341 3736 ulterius
370 3686 406 3732 se
431 3665 567 3732 servicio
594 3663 680 3731 dicte
700 3664 848 3730 Ecclesia
872 3662 1059 3746 subiiciunt,
1084 3663 1137 3728 vel
1162 3662 1266 3729 eciam

133 3777 325 3864 Propositus
342 3781 374 3842 et
390 3773 546 3840 Canonici
562 3774 595 3839 in
617 3771 824 3857 acquirendis
839 3773 937 3837 terris
956 3776 988 3837 et
1008 3769 1112 3836 vineis
1132 3769 1268 3836 decima-

134 3887 222 3952 libus
238 3883 437 3952 Monasterio
453 3881 565 3947 Sancti
582 3881 716 3947 Martini
741 3881 877 3947 ulterius
894 3881 1037 3946 existant
1060 3877 1218 3960 iniuriosi,
1237 3882 1269 3941 et

135 4015 178 4062 nc
195 3996 299 4062 eciam
315 3991 431 4059 eadem
446 3990 595 4057 Ecclesia
610 3988 775 4073 Albensis,
801 3997 833 4056 et
849 3987 919 4053 eins
942 3984 1066 4070 populi,
1084 4003 1182 4068 super
1198 4002 1269 4068 pos-

136 4101 341 4172 sessionibus
368 4099 436 4165 suis
453 4098 496 4164 ab
513 4097 627 4180 aliqua
652 4093 792 4162 seculari
808 4094 861 4160 vel
886 4090 1113 4158 ecclesiastiea
1128 4108 1270 4175 persona

137 4209 276 4277 inierim
294 4205 556 4294 querimoniosus
571 4203 765 4289 paciantur;
790 4217 902 4266 omnes
917 4197 1143 4285 possessiones
1160 4213 1271 4262 eorum

138 4320 175 4387 in
190 4318 354 4386 Comitatu
362 4314 561 4400 symigiensi
579 4311 771 4380 constitutas
787 4316 854 4374 tam
875 4307 1035 4373 aSanctis
1046 4305 1223 4392 Stephano,
1239 4311 1272 4370 et

138 4427 299 4494 Ladialao
317 4424 473 4510 Regibus,
499 4441 598 4509 quam
614 4421 754 4488 aliorum
769 4419 894 4500 Regum
913 4433 971 4482 sen
989 4413 1187 4499 Principum,
1212 4430 1271 4478 sen

139 4535 358 4622 quorumlibet
382 4531 527 4600 bdelium
554 4529 735 4597 donacione
750 4523 901 4610 collatas,
925 4524 1069 4608 ipsorum
1092 4520 1198 4587 eciam
1213 4537 1272 4586 scu

139 4641 347 4730 populorum,
364 4641 617 4721 clericorumque
634 4635 810 4704 eorundem
832 4632 1061 4720 possessiones
1084 4627 1271 4713 quantulas-

1052 4745 1111 4804 30*
