3268 5194
574 350 580 366 ·
645 327 797 430 -a-

44 558 48 611 p
146 527 360 594 stianitatem
374 527 423 592 ita
438 525 695 612 inprimentibus,
712 531 756 609 ut,
772 527 837 592 nisi
853 527 939 594 bello
959 533 1062 611 actae,
1080 529 1150 596 Dco
1165 529 1289 596 scilicet

26 637 30 653 ¹
146 636 328 721 preliante,
356 635 409 701 vel
425 653 536 702 omnes
552 653 612 702 nos
628 653 709 700 snae
723 633 908 702 subicerent
923 635 1088 722 potestati,
1115 637 1167 702 vel
1183 635 1230 702 ita
1245 635 1289 704 ad

20 749 23 758 '
40 748 42 757 “
148 741 294 808 nihilum
309 741 504 826 redigerent,
521 746 557 807 ut
571 745 726 824 quantum
741 740 897 828 temporis
913 740 986 825 quis
1000 746 1146 810 nostrum
1158 761 1289 827 presen-

6 845 24 910 -ζ
147 857 222 917 tem
238 851 340 916 vitam
356 849 500 934 degeret,
526 848 614 915 istud
629 867 766 935 presens
780 853 907 936 tempus
924 868 1052 935 semper
1073 849 1288 934 congemisce-

2 979 22 1013 e
148 964 215 1025 ret.
232 957 383 1024 Fratrum
398 977 493 1041 vero,
519 955 773 1024 Christianitatis
788 955 917 1024 nomine
936 955 1102 1042 utentium,
1124 956 1175 1024 his
1191 959 1289 1044 parti-

18 1085 21 1090 *
150 1066 220 1132 cus
245 1063 430 1150 eoeneum
455 1063 615 1131 meffabili
630 1069 663 1131 et
685 1043 860 1148 numquam
885 1064 957 1131 sne
980 1063 1125 1132 lacrimis
1149 1064 1288 1131 cronno

154 1177 329 1239 crassante
351 1171 518 1240 discordia
533 1171 601 1255 illa,
626 1171 660 1238 in
675 1191 741 1256 qna
755 1177 849 1256 pater
864 1171 942 1258 filio,
959 1169 1046 1259 patri
1065 1171 1161 1256 filius,
1186 1171 1287 1238 irater

3 1251 17 1284 ¹⁷
156 1277 255 1346 lratri
271 1316 316 1328 -
330 1317 375 1326 -
390 1299 455 1346 non
479 1279 554 1365 plus
569 1277 651 1345 (lain
667 1278 750 1345 Abel
766 1276 939 1346 insidiatus
962 1285 1013 1346 est
1027 1315 1071 1327 -
1088 1316 1131 1326 -
1147 1297 1188 1344 ac
1203 1278 1286 1364 quis-

153 1406 222 1473 que
246 1385 354 1454 affinis
379 1385 471 1453 alfini
496 1385 687 1470 insidiatur,
713 1385 818 1453 omnis
843 1385 934 1470 ordo,
951 1385 1119 1470 omnisque
1135 1387 1286 1470 cognatio

153 1495 345 1562 detestatur.
363 1494 437 1563 Non
452 1500 502 1562 cst
520 1495 603 1580 Regi
621 1495 712 1562 locus
735 1494 880 1579 regendi,
905 1493 1080 1581 Episcopis
1103 1514 1196 1562 suum
1212 1497 1286 1563 sub·-

155 1601 295 1670 trahitur
318 1603 546 1691 priuilegium
571 1602 637 1688 qui,
659 1601 754 1688 qnasi
777 1601 924 1688 pupillae
946 1601 1088 1685 Domini,
1113 1602 1286 1686 angarian-

156 1717 229 1793 tur,
255 1709 527 1796 exterminantur,
559 1714 794 1794 excaecantur,
827 1709 911 1776 sicut
940 1709 996 1776 ille
1020 1709 1163 1776 Sanctae
1187 1709 1286 1775 Juva-

154 1816 279 1884 vicnsis
308 1817 489 1886 aecclesiae
518 1817 792 1904 Archiepisoopus
827 1815 990 1884 Heroldus
1000 1867 1009 1901 ,
1048 1816 1103 1898 qui
1139 1815 1285 1883 calendis

155 1927 223 1992 lla.
249 1930 366 2012 captus
382 1945 404 1991 a
418 1929 536 2012 patruo
561 1929 672 1992 nostro
687 1921 839 1990 Heinrico
863 1924 954 1990 Duce
969 1922 1191 2003 Baioriorum,
1214 1922 1286 1989 sinc

157 2033 270 2117 aliquo
286 2039 477 2100 accusatore
501 2032 656 2101 canonico
673 2033 862 2101 exoculatus
878 2037 910 2098 ct
924 2031 958 2098 in
974 2030 1105 2098 exilium
1126 2030 1215 2117 apud
1231 2031 1285 2098 Se·

157 2163 279 2228 ponam
293 2143 406 2210 urbem
422 2143 580 2228 religatus
595 2148 655 2209 est.
681 2141 762 2210 Eius
777 2161 854 2209 vcro
870 2140 1035 2227 parochia,
1057 2161 1109 2208 res
1125 2139 1199 2208 dico
1216 2158 1286 2208 acc·

155 2249 382 2334 alemanicus,
407 2249 541 2336 insuper
564 2255 597 2316 et
611 2250 721 2318 sedem
740 2269 854 2334 sunm,
879 2231 1017 2316 vasallis
1041 2246 1161 2336 prelati
1185 2245 1286 2315 Ducis

156 2355 334 2424 distributa
349 2377 423 2424 esse
437 2357 624 2444 diposcitur,
646 2361 677 2424 ct
693 2377 714 2424 a
729 2356 862 2444 proprio
877 2361 983 2423 tutore
998 2356 1164 2438 hucusque
1179 2354 1285 2441 priva-

155 2469 219 2528 tur.
246 2464 320 2533 Non
336 2485 520 2551 personam,
541 2465 599 2532 scd
616 2464 735 2530 factum
758 2484 887 2532 accuso.
903 2465 978 2530 Dux
994 2462 1175 2546 comesque
1194 2461 1284 2547 Epis-

155 2573 251 2658 copi,
267 2571 451 2660 Episcopus
467 2572 568 2640 Ducis
584 2571 782 2656 domitaque
798 2572 860 2640 sibi
877 2591 1011 2658 operam
1031 2569 1185 2638 vindicat
1209 2571 1283 2637 Non

157 2689 207 2749 est
222 2679 394 2764 aecclesia,
411 2679 488 2764 quin
506 2681 615 2764 aliquo
630 2682 723 2748 laesa
737 2680 789 2747 sit
814 2679 911 2747 Modo
927 2685 1072 2747 nostram
1096 2678 1205 2746 ledere
1220 2699 1284 2746 mo
1313 2691 1319 2698 '

157 2789 280 2856 liuntur
290 2788 353 2854 stb.
371 2783 414 2873 (A
423 2787 561 2854 mainczi
575 2789 733 2871 trsekstg
743 2786 986 2871 ellcnsegeinek
995 2785 1189 2872 cljtrtstrdl
1199 2788 1283 2852 resa

154 2897 280 2963 letesen
305 2893 550 2983 panaszkodik)
566 2897 660 2962 Hanc
682 2901 815 2964 nostrae
839 2894 1019 2962 aecclesiae
1043 2891 1177 2980 predam
1193 2892 1221 2959 si
1237 2892 1284 2958 ita

153 3003 297 3070 stabiliri
311 3021 371 3070 vos
386 3003 497 3086 libeat,
524 3003 615 3090 prius
637 3003 802 3071 mittantur
828 3002 1008 3090 aepistulas
1031 3001 1149 3068 domno
1173 3005 1283 3066 nostro

155 3110 249 3194 Regi,
267 3108 409 3193 mihique
425 3110 524 3177 vestri
549 3109 773 3178 misericordia
786 3117 895 3178 vostro
910 3109 1051 3193 licerio,
1076 3107 1283 3189 Brunonique

155 3217 300 3284 Sanctae
328 3215 532 3284 Coloniensis
562 3217 751 3285 Ascaloniae
777 3217 1051 3302 Archicpisoopo,
1079 3213 1283 3296 Sauctacquc

153 3321 409 3390 Treuerencnsis
423 3323 613 3390 Aecclcsiae
627 3323 813 3392 Rnodbcrto
829 3321 1105 3407 Archiepiscopo:
1121 3319 1193 3386 loco
1218 3337 1282 3402 quo

152 3431 249 3498 vobis
265 3431 396 3518 placeat
405 3481 415 3514 ,
440 3430 520 3498 mihi
535 3431 738 3498 carissimum
753 3429 949 3516 Mogontiae,
972 3426 1141 3496 concilium
1157 3430 1281 3494 sancto·

153 3558 225 3604 rum
241 3536 379 3604 fratrum
394 3542 602 3623 aggregetur.
618 3537 726 3606 Primo
742 3537 824 3604 inibi
839 3537 881 3604 dc
899 3542 986 3604 statu
1002 3534 1143 3602 Sanctae
1151 3535 1281 3600 Ascalo

154 3645 245 3727 siae,
272 3643 314 3710 dc
328 3641 502 3730 Episcopis
526 3643 710 3711 excaecatis
736 3649 768 3710 et
784 3665 805 3710 a
819 3643 952 3712 sedibus
975 3645 1045 3712 suis
1068 3641 1214 3726 reiectis;
1240 3639 1282 3706 dc

152 3770 253 3818 caeco
269 3748 413 3816 Heroldo
438 3755 470 3814 ct
485 3749 527 3816 de
541 3749 697 3817 Rathario
713 3747 905 3818 Laodicensi
920 3749 1109 3818 Aecclcsiae
1126 3748 1282 3816 canonice

154 3865 188 3925 et
202 3855 353 3941 legaliter
369 3855 572 3940 intronizato,
589 3876 728 3940 moxque
743 3876 832 3925 more
846 3857 947 3924 villici
965 3858 1036 3926 sine
1051 3877 1153 3925 causa
1167 3857 1281 3942 eiecto,

152 3965 358 4047 caeterisque
388 3963 476 4031 loliis
500 3963 641 4030 triticum
666 3963 807 4032 Sanctae
830 3964 1020 4034 Accolesiae
1046 3963 1281 4032 suffocantibus

152 4089 257 4136 causa
272 4075 398 4155 agetur.
424 4072 513 4154 Post,
529 4091 588 4139 vos
605 4071 752 4157 audiens,
773 4077 915 4140 vestram
931 4073 1105 4159 appellans
1119 4072 1280 4157 Apostoli-

151 4197 225 4245 aam
243 4177 451 4262 dignitatem,
477 4179 587 4244 mittar
603 4178 647 4246 cd
661 4184 791 4246 exteras
806 4179 955 4248 nationes
973 4198 1074 4246 causa
1088 4177 1279 4263 predicatio·

150 4286 215 4366 nis,
233 4283 262 4349 si
277 4284 399 4352 nostris
417 4305 481 4352 non
498 4286 559 4352 sim
574 4287 789 4354 necessarius.
814 4287 856 4354 Et
872 4287 905 4354 id
921 4287 1026 4368 malo,
1056 4303 1154 4368 quam
1169 4283 1280 4350 videre

151 4393 243 4458 mala
267 4399 401 4460 nostrae
416 4395 605 4462 Accclcsiac
620 4401 653 4463 et
668 4402 872 4480 sanctorum5
898 4396 949 4462 sin
965 4393 1108 4476 alioquin
1131 4393 1206 4478 plus
1227 4413 1280 4459 va-

150 4502 220 4568 leat
235 4501 425 4568 intercessio
440 4501 598 4587 pecuniae
606 4503 798 4588 Hadamari,
815 4523 912 4587 quam
928 4502 985 4588 pia
999 4501 1185 4570 constitutio
1201 4499 1279 4566 San·

151 4609 196 4684 cti
211 4607 374 4684 Bomsaoii
398 4609 501 4684 noan
525 4609 785 4706 predecessoris,
810 4616 1052 4698 sacrorumque
1074 4610 1278 4698 prodecesso-
