3164 5192
146 1085 278 1152 Belloio
296 1089 408 1172 bolpdr
417 1087 583 1172 flinlllnelc
599 1086 691 1150 levale
706 1088 769 1152 III.
786 1088 876 1151 lacae
886 1087 1046 1172 papales.
1065 1088 1161 1154 1202.
1192 1145 1195 1154 .

193 1263 277 1349 Ego,
294 1265 424 1332 Bellota
440 1266 615 1352 Princeps,
641 1266 737 1330 nimis
754 1271 916 1350 peccator,
942 1264 1042 1332 adoro
1060 1265 1215 1347 majorem

85 1371 303 1438 Sanctitatem
321 1375 472 1440 Vestram
498 1373 775 1459 superexaltatam
801 1373 950 1440 universo
972 1371 1101 1438 mundo.
1125 1371 1217 1438 Faci-

88 1499 157 1544 mus
173 1479 235 1546 tibi
251 1487 382 1564 notum,
407 1481 493 1565 qnod
502 1531 511 1564 ‚
529 1483 681 1547 veniente
697 1479 741 1546 sd
755 1499 815 1546 nos
832 1481 945 1546 nuntio
961 1486 1080 1560 vestro,
1106 1480 1216 1546 Archi-

87 1587 280 1672 presbytero
291 1587 473 1672 Dominico,
492 1594 524 1654 et
539 1588 699 1654 referente
714 1586 759 1652 ad
774 1607 834 1654 nos
852 1587 892 1651 de
908 1587 1083 1652 sanctitate
1099 1593 1131 1652 et
1146 1607 1215 1654 ora·

87 1695 174 1761 tione
191 1700 314 1778 vestra,
330 1695 427 1760 valde
453 1703 582 1780 gratum
598 1695 783 1762 habuimus.
809 1697 850 1760 nt
866 1715 926 1778 ego
943 1695 1050 1761 saluto
1067 1699 1216 1779 exparte

86 1803 148 1868 Dei
165 1801 326 1886 majorem
334 1802 549 1868 sanctitatem
559 1804 719 1884 Vestram,
736 1809 769 1866 et
784 1808 860 1886 peto
877 1801 1058 1868 orationem
1074 1807 1216 1866 vestram

86 1913 118 1973 et
132 1907 397 1974 benedictionem
413 1908 603 1994 sanctitatis
619 1910 720 1992 Tuae,
745 1915 780 1973 ut
797 1927 859 1992 ego
876 1907 1013 1972 debeam
1032 1925 1103 1974 esse
1119 1905 1216 1992 parti-

87 2034 175 2100 ceps,
195 2021 228 2080 et
244 2033 345 2097 uxor,
375 2011 433 2080 filii
449 2015 511 2080 mei
528 2021 560 2080 et
575 2019 644 2082 tota
659 2013 774 2080 domus
790 2032 882 2096 mea,
907 2014 1034 2096 gratiae
1050 2013 1218 2080 Ecclesiae

86 2122 266 2206 Romanae,
293 2121 523 2204 etquicunque
540 2123 679 2208 primum
695 2139 829 2208 pennos
852 2121 1027 2204 transierit,
1055 2119 1149 2187 nobis
1165 2119 1217 2184 de·

85 2228 169 2297 ierat
199 2229 323 2316 scripta
347 2234 458 2295 vestra
482 2238 515 2297 et
529 2237 674 2297 vestram
697 2229 974 2313 benedictionem,
1000 2229 1083 2295 utin
1099 2227 1216 2294 vestris

90 2335 294 2405 orationibus
313 2337 546 2404 confirmemur.

88 2531 202 2601 (Bolglr
224 2534 350 2600 nyslvbbl
373 2535 474 2587 latinra
495 2533 621 2588 sorditas.
641 2536 732 2601 Migne
751 2551 777 2586 n.
791 2551 815 2584 o.
835 2537 857 2587 1.
871 2535 926 2585 ket.
943 2535 1020 2585 1116.
1040 2533 1076 2596 l.;
1100 2532 1216 2584 Thsinsr

517 2621 546 2676 ω’
557 2642 581 2676 ο.
594 2626 617 2674 1.
632 2625 687 2678 lrllt.
703 2625 744 2674 te.
759 2622 786 2690 l.)

618 3317 694 3387 150.

369 3499 432 3563 111.
450 3499 540 3563 lacae
559 3499 651 3584 popo
672 3497 814 3562 calosm.
841 3499 939 3562 1202.

197 3676 404 3742 Innocentius
420 3675 603 3763 Episcopus
619 3676 681 3742 stb.
698 3677 892 3761 Recepimus
907 3675 1044 3760 litteras,
1061 3693 1144 3760 quae
1160 3693 1218 3761 per

88 3783 243 3850 dilectum
258 3785 360 3852 filium
377 3835 385 3850 .
403 3835 410 3851 .
428 3835 435 3850 .
452 3787 778 3872 Archipresbyterum
787 3785 1149 3852 Brundusinumvestra
1163 3804 1218 3852 no-

89 3892 138 3959 bis
154 3893 314 3960 nobilitas
332 3894 519 3978 destinavit,
547 3895 749 3977 benignitate
765 3915 862 3978 quam
878 3893 1004 3980 decuit;
1031 3902 1162 3978 atquae
1179 3891 1218 3958 si-

1 4066 8 4080 ,
88 3999 271 4082 gnificastis
296 4021 355 4086 per
370 4021 427 4068 eas
452 4001 672 4067 intelleximus
696 4001 878 4085 diligenter.
906 3999 1094 4068 (laudemus
1110 4005 1218 4064 autem

87 4105 119 4170 in
136 4107 289 4190 Domino,
316 4113 348 4172 et
363 4115 493 4174 vennae
517 4107 697 4176 nobilitatis
722 4108 926 4194 prudentiam
944 4106 1216 4188 commendamus,

89 4213 174 4297 quod
191 4213 280 4279 circa
295 4233 354 4280 nos
380 4220 413 4280 et
435 4216 615 4282 Romanam
631 4215 813 4282 Ecclesiam
838 4233 919 4302 pure
939 4213 1051 4298 geritis
1077 4210 1218 4278 devotio·

89 4321 138 4387 nis
156 4319 311 4386 affectum
327 4328 360 4388 et
375 4322 601 4390 benedictione
616 4329 730 4391 nostra
745 4323 863 4390 muniri
879 4322 999 4408 petitis,
1021 4325 1052 4386 et
1068 4319 1218 4387 orationi·

89 4425 148 4493 bus
166 4427 328 4496 adiuvari.
345 4431 512 4498 Monemns
529 4431 629 4514 igitur
644 4431 847 4499 nobilitatem
862 4437 1005 4496 uestram
1022 4433 1054 4494 et
1070 4428 1216 4494 exhorta·

90 4551 159 4602 mur
175 4537 343 4622 attentius,
368 4545 401 4605 et
416 4559 475 4625 per
491 4539 683 4626 apostoliea
698 4541 821 4627 scripta
836 4537 1042 4623 mandamus,
1058 4542 1218 4622 quatenus

91 4641 122 4707 in
141 4651 255 4712 nostra
271 4654 303 4712 et
318 4645 506 4732 Apostolice
521 4647 616 4714 Sedis
633 4649 805 4717 devotione
819 4645 983 4714 humiliter
996 4647 1217 4733 persistentes,
