3238 5184
888 879 965 946 316.

355 1063 400 1126 11.
417 1061 525 1126 Errdrc
540 1059 647 1148 kiralp
673 1059 846 1147 capcddlye,
873 1059 953 1146 lopy
968 1082 1006 1122 az
1022 1061 1202 1144 ecaterpami
1228 1059 1449 1146 kdptalaaunlr
1464 1083 1485 1122 a

355 1167 623 1255 Nicclirrpr·6pcat
639 1168 721 1233 altat
736 1169 1015 1254 lra'ppomduyozolt
1030 1166 1133 1232 timot
1146 1167 1372 1232 dtadattasac‘k.
1388 1170 1484 1231 1231.

464 1367 615 1436 Andreas
632 1367 694 1434 Dei
711 1367 823 1452 gracia
839 1366 1007 1452 Hungaric
1023 1368 1091 1434 Rex
1110 1366 1257 1433 omnibus
1274 1372 1339 1431 tam
1356 1384 1483 1451 presen-

355 1477 453 1562 tibus,
470 1498 570 1561 quam
586 1475 711 1563 suturis,
739 1477 866 1543 litteras
886 1483 1053 1563 presentes
1079 1474 1276 1563 inspecturis
1297 1474 1484 1539 salutemet

354 1607 448 1652 omne
466 1587 596 1653 bonum.
624 1585 677 1651 Ad
693 1585 916 1652 uniuersorum
933 1593 1000 1650 tam
1016 1583 1230 1670 presencium,
1256 1605 1355 1668 qnam
1380 1593 1484 1668 postc-

354 1713 461 1760 rorum
488 1694 642 1761 noticiam
659 1694 863 1780 prescnoium
889 1700 1000 1760 tenore
1025 1694 1173 1758 uolumus
1191 1693 1371 1778 peruenire,
1397 1688 1483 1772 quod

356 1821 418 1868 nos
429 1801 533 1887 Regia
549 1801 747 1868 liberalitate
760 1800 890 1887 inducti,
909 1807 1029 1866 terram
1039 1801 1137 1884 Sagv,
1151 1819 1247 1882 quam
1259 1799 1362 1866 fidelis
1374 1807 1484 1865 noster

354 1907 535 1994 Nicolynus
562 1909 751 1995 Prepcsitus
768 1907 914 1974 Ecclesia
940 1906 1169 1991 Strigoniensis
1194 1927 1234 1972 cx
1249 1912 1360 1971 nostra
1386 1906 1481 1972 dona·
1536 1899 1541 1908 ’

355 2015 449 2082 cione
473 2017 669 2103 possidebat,
696 2036 758 2100 que
774 2021 872 2081 antea
889 2014 931 2080 ad
948 2021 1089 2080 castrum
1106 2013 1146 2080 dc
1169 2013 1257 2079 Hunt
1280 2013 1480 2099 pertinebat;

352 2129 385 2189 et
400 2123 501 2210 illam,
527 2145 624 2209 quam
641 2125 710 2210 ipsc
737 2123 823 2188 idem
839 2123 1028 2209 Prepcsitus
1045 2144 1065 2188 a
1081 2122 1156 2208 tilijs
1171 2121 1302 2207 Cbcpea
1328 2143 1388 2207 pro
1406 2142 1480 2204 qua·

353 2231 430 2297 dam
446 2252 595 2316 sumpma
622 2231 758 2318 pecunie
774 2251 841 2316 suc,
870 2230 903 2296 in
919 2231 1035 2314 quibus
1051 2230 1080 2295 ci
1097 2229 1146 2296 illi
1171 2235 1408 2313 remanserant,
1434 2251 1481 2297 or·

353 2339 428 2404 dine
453 2337 626 2405 iudiciario
650 2338 855 2423 optinuerat3
885 2340 1044 2424 cumipse
1061 2338 1102 2403 N.
1124 2337 1313 2424 Propositus
1337 2336 1400 2402 iter
1415 2338 1480 2404 uni-

352 2465 445 2511 nerse
455 2445 562 2512 carnis
572 2443 788 2533 ingressurus,
807 2447 839 2512 in
850 2445 964 2512 ultimo
976 2451 1170 2513 testamento
1181 2465 1252 2528 suo,
1268 2466 1332 2512 non
1344 2455 1480 2532 accepta

352 2553 481 2620 anobis
497 2553 644 2638 licencia,
662 2574 723 2620 nec
739 2562 850 2621 nostro
867 2573 1026 2620 consensu
1042 2561 1074 2619 ct
1091 2551 1295 2638 beneplacito
1313 2552 1478 2636 inquisito,

350 2657 427 2729 illas'
440 2667 543 2729 terras
560 2683 619 2748 pro
636 2663 778 2729 remedio
805 2663 985 2728 animosae
1002 2661 1147 2727 Ecclcrie
1168 2660 1385 2744 Strigoniensi
1410 2662 1478 2727 reli-

350 2768 482 2854 quisset,
509 2775 541 2836 ct
557 2789 617 2835 nos
643 2768 775 2836 easdem
800 2777 916 2853 terras,
939 2770 1022 2836 sicut
1038 2767 1081 2834 ad
1107 2769 1243 2851 Regium
1259 2767 1401 2852 Fyscum
1427 2768 1479 2835 de-

350 2876 470 2942 bebant
486 2874 526 2942 dc
552 2878 621 2942 iure
638 2876 778 2960 deuclni,
807 2876 908 2942 ueluti
925 2877 1146 2962 possessiones
1166 2875 1305 2960 illorum,
1331 2877 1387 2960 qui
1409 2877 1477 2943 sinc

350 2983 468 3050 herede
484 2985 589 3052 solent
605 2984 771 3066 decedere,
790 3006 810 3050 a
827 2984 916 3050 dicta
931 2983 1081 3051 Ecclesia
1096 2982 1348 3069 recepissemus;
1369 2991 1478 3050 tannen

349 3093 455 3178 Regia
470 3092 602 3180 pietate,
619 3091 702 3156 sicut
716 3091 750 3156 in
767 3090 882 3177 primis
898 3097 948 3157 est
963 3096 1178 3175 pretaxatam,
1195 3089 1330 3173 inducti,
1348 3095 1415 3155 tum
1433 3112 1480 3156 rc·

349 3199 492 3266 cordatis
517 3197 728 3266 fidelitatibus
753 3205 786 3264 et
801 3198 950 3284 seruiciJs
976 3197 1133 3266 nominati
1150 3197 1310 3283 Propositi
1326 3197 1475 3266 Ecclesia

348 3307 593 3392 Strigoniensis,
611 3304 728 3374 codem
745 3307 816 3373 iure
833 3327 904 3372 cum
922 3308 1069 3373 omnibus
1086 3306 1153 3374 suis
1173 3306 1393 3392 pertinencijs,
1411 3307 1478 3391 qni-

348 3417 409 3482 bus
425 3415 494 3502 ipse
510 3415 698 3502 Propositus
724 3415 925 3500 possidebat,
952 3413 1151 3481 restituimus
1170 3414 1309 3500 primam
1325 3415 1478 3481 donacio·

348 3542 423 3588 nem
448 3521 604 3608 sepedicti
629 3523 791 3610 Propositi
816 3525 920 3609 Regia
946 3524 1140 3590 auctoritate
1164 3522 1401 3589 confirmantes.
1436 3525 1477 3590 vt

346 3627 446 3710 igitur
461 3627 557 3694 heca
581 3630 676 3696 nobis
700 3629 788 3696 facta
804 3629 942 3697 donacio
959 3631 1054 3697 salua
1081 3649 1209 3716 semper
1224 3636 1257 3696 et
1281 3629 1478 3697 inconcussa

347 3741 547 3822 permaneat,
574 3757 634 3802 nec
650 3739 769 3806 nostris
795 3759 946 3823 unquam,
964 3759 1021 3805 seu
1046 3744 1229 3806 nostrorum
1251 3757 1476 3804 successorum

347 3844 547 3930 temporibus
573 3846 683 3914 ualeat
708 3849 898 3933 retractari,
924 3853 1107 3933 presentem
1131 3845 1286 3932 paginam
1312 3843 1476 3931 dupplicis

347 3951 448 4036 sigilli
465 3953 566 4019 nostri
591 3955 766 4020 munimine
791 3955 926 4020 fecimus
943 3955 1099 4024 roborari.
1126 3957 1246 4020 Datum
1262 3973 1348 4017 anno
1366 3955 1475 4021 Domi-

345 4057 418 4123 nice
441 4058 682 4126 lncamacionis
706 4061 877 4128 millesimo
904 4061 1104 4129 (1001111111ο
1130 4062 1234 4144 Regni
1257 4062 1361 4126 nostri
1387 4083 1473 4128 anno

344 4163 498 4232 vicesimo
516 4173 642 4233 octauo.

541 4362 647 4428 (Knam
667 4365 784 4430 Nr'tndor,
803 4369 917 4436 Magyar
936 4370 1002 4420 Sion
1021 4370 1056 4419 11.
1076 4369 1131 4419 kat.
1151 4371 1212 4419 290.
1233 4369 1262 4434 l.)

774 4588 837 4596 μ-ι-ι-
876 4591 880 4594 -
901 4589 909 4594 -
953 4589 1040 4598 .=..---
