3164 5192
569 347 720 452 *uo*

83 545 345 630 snprascriptum,
362 551 438 612 tunc
454 545 605 614 habeatis
615 568 687 614 cum
703 547 790 615 omni
806 549 920 632 vigore
936 554 970 615 et
980 549 1097 616 robore
1117 550 1207 617 illurn

83 653 328 738 promissionem
345 653 466 720 iactam
483 673 568 722 anno
586 657 824 723 Incarnationis
836 656 967 724 Domini
983 657 1206 725 MCLXXXV.

83 779 189 828 mense
205 763 297 829 Junii
313 757 495 830 indictione
511 765 571 830 111.
591 785 688 848 quam
712 765 805 832 nohis
830 767 1053 854 suprascripto
1068 768 1152 834 Duci
1175 775 1208 834 et

82 869 251 937 Judicihns
267 890 306 936 ac
322 871 534 958 Sapientihuu
545 870 681 940 Consilii
698 881 796 956 atque
812 872 981 942 Communi
997 876 1207 942 venetiarum

81 977 183 1044 iecere
200 979 391 1046 Dominicus
409 981 604 1048 Mauroceno
621 983 738 1048 Comes
755 981 879 1048 Judrue
895 989 927 1049 et
941 983 1100 1066 Rogerius
1123 982 1208 1048 filius

82 1086 170 1170 eius,
197 1086 312 1152 eodem
328 1095 420 1172 patre
437 1086 499 1152 sihi
516 1088 758 1171 consentiente,
785 1108 845 1173 pro
861 1087 1024 1154 Comitatu
1040 1073 1209 1156 husari'et

81 1193 204 1259 insulae
218 1193 325 1260 eidem
340 1195 481 1279 Rogerio
498 1197 680 1280 concessis;
704 1196 790 1262 unde
806 1203 916 1263 nostro
933 1195 1103 1264 Communi
1120 1200 1208 1265 omni

82 1322 163 1368 anno
180 1303 310 1369 soluere
328 1303 447 1370 dehent
462 1304 564 1370 libras
576 1305 773 1372 Venetorum
789 1302 907 1388 CCCC,
925 1305 1063 1372 utinen
1079 1306 1207 1391 legitur,

81 1415 111 1474 et
125 1410 217 1475 illam
234 1411 337 1476 aliam
351 1411 578 1497 promissionis
594 1413 741 1479 chartam
758 1411 917 1498 similiter,
942 1434 1039 1498 quam
1055 1415 1148 1481 nohis
1165 1413 1208 1480 le-

81 1537 149 1584 cere
158 1518 180 1586 J
183 1519 330 1586 ohannes
342 1519 525 1604 Dandulus‚
536 1521 652 1586 Petrus
663 1520 824 1605 Ursiolus
836 1521 1025 1589 Leonardus
1036 1523 1207 1608 Sucucula,

80 1625 244 1712 Propheta
260 1625 301 1692 de
317 1627 458 1712 Molino,
476 1629 593 1693 Petrus
609 1629 842 1714 Memnonos,
870 1629 1030 1696 Henricus
1045 1631 1208 1696 Mauroce-

80 1753 148 1818 nus,
165 1735 287 1800 Vitalis
305 1735 461 1802 Venerius
479 1741 511 1800 et
525 1737 708 1822 Stephanus
722 1735 955 1802 Constantinus
975 1758 1060 1804 anno
1078 1737 1208 1804 Domini

80 1845 120 1907 ll.
130 1841 165 1908 C.
178 1844 215 1908 L.
227 1841 366 1910 XXXV.
391 1863 502 1909 mense
527 1844 616 1910 Julio
640 1844 819 1910 Indictione
847 1845 905 1910 ΙΙΙ.
947 1844 1071 1924 Quodsi
1098 1865 1207 1930 supra-

80 1951 188 2037 scripti
206 1951 364 2017 Dominus
381 1953 576 2018 Maurocenc
593 1959 625 2018 et
641 1953 801 2038 Rogerius
810 2004 820 2038 ‚
848 1953 931 2018 sicut
950 1953 1045 2019 nohis
1072 1951 1208 2035 obligati

80 2066 202 2126 suntet
220 2059 391 2127 Communi
406 2061 636 2146 Venetiarunr,
660 2083 723 2129 non
740 2063 907 2129 soluereut
930 2063 1017 2127 omni
1043 2081 1129 2126 anno
1145 2068 1206 2126 etc.

80 2167 141 2254 ipsi
160 2166 250 2233 infra
267 2188 364 2233 unum
381 2189 525 2235 mensem
541 2177 622 2254 etc,
639 2171 724 2236 utin
741 2191 781 2236 ca
796 2169 924 2254 legitur,
946 2168 1137 2255 plenissima
1154 2189 1208 2254 po·
1334 2229 1337 2236 .

1 2343 2 2348 .
79 2281 195 2343 testate
214 2277 258 2342 ad
273 2276 500 2343 excutiendum
516 2298 589 2344 cum
607 2279 655 2345 eis
672 2285 816 2364 tantum,
840 2285 996 2364 quantum
1011 2279 1104 2345 vobis
1122 2277 1179 2344 def
1198 2314 1208 2323 -

82 2384 140 2451 erit
156 2384 197 2451 de
228 2385 447 2471 suprascripto
464 2392 571 2453 vestro
595 2387 700 2454 reditu
717 2387 804 2454 omni
820 2405 915 2452 anno.
941 2385 981 2451 llt
997 2386 1024 2452 si
1041 2386 1082 2452 de
1097 2405 1207 2472 supra-

83 2494 213 2579 scriptis
230 2494 380 2561 omnibus
395 2514 461 2560 non
478 2495 568 2560 eritis
593 2496 702 2582 pacati
720 2495 807 2562 omni
824 2515 908 2560 anno
934 2494 1111 2560 secundum
1127 2493 1208 2562 ordi·

82 2623 151 2669 nem
167 2601 438 2689 suprascriptum,
462 2623 522 2670 nos
539 2603 625 2670 omni
642 2625 728 2669 anno
745 2603 785 2668 de
801 2611 912 2670 nostro
929 2601 1099 2668 Communi
1115 2601 1209 2669 vohis

82 2711 261 2797 adimplere
278 2709 434 2778 debemus
459 2711 635 2777 secundnm
652 2711 798 2777 ordinem
820 2710 1095 2796 suprascriptum,
1120 2709 1209 2794 quid·

83 2819 157 2902 quid
172 2819 283 2884 minus
298 2819 490 2904 habueritis²
516 2824 640 2886 remota
656 2819 743 2884 omni
759 2819 931 2884 occasione
947 2827 979 2886 et
996 2818 1065 2884 sine
1081 2818 1148 2884 ulla
1165 2817 1209 2883 di·

83 2929 260 2995 minutione
276 2935 337 2994 etc.

186 3038 261 3118 Ego
284 3036 372 3101 Auro
395 3035 611 3120 Mastropetro
636 3034 698 3100 Dei
724 3035 831 3117 gratia
856 3034 941 3098 Dux.
967 3033 1036 3116 Ego
1060 3031 1209 3099 Andreas

83 3143 234 3210 Dandulo
249 3142 367 3208 Judex.
392 3141 463 3225 Ego
479 3141 639 3208 Dominus
655 3143 803 3209 Secundo
820 3141 937 3209 Judex.
963 3141 1034 3224 Ego
1050 3137 1209 3205 Henricus

83 3251 288 3337 Nauigajcso
305 3249 513 3318 Consiliator.
530 3253 601 3334 Ego
612 3253 727 3317 Petrus
743 3251 899 3317 Cornaric
910 3249 1117 3316 Consiliator.
1138 3249 1209 3332 Ego

83 3363 209 3428 Aureus
225 3363 337 3427 Dauno
355 3359 562 3427 Consiliator.
579 3361 650 3442 Ego
667 3359 837 3445 Philippus
851 3356 1043 3424 Zancairolo
1060 3354 1210 3421 Camera-

84 3470 156 3534 rius.
180 3468 255 3551 Ego
271 3465 437 3552 Propheta
453 3465 493 3532 de
509 3465 632 3532 Molino
649 3464 864 3532 Camerarius.
890 3465 960 3548 Ego
976 3463 1142 3530 lohannes
1158 3461 1209 3529 Vi-

83 3578 167 3646 lioni.
195 3579 269 3662 Ego
294 3575 442 3662 Raphael
458 3577 631 3642 Bertanns.
658 3576 728 3658 Ego
745 3573 903 3640 Martinus
919 3571 1110 3639 Balduinus.
1139 3573 1209 3657 Ego
1230 3649 1238 3661 Ι

83 3687 254 3753 hlanasscs
263 3683 429 3751 Badoario
439 3683 546 3750 Judex
557 3682 753 3750 Communis.
768 3685 839 3765 Ego
851 3682 994 3749 lacobus
1006 3682 1209 3768 Navigajoso

84 3795 190 3862 Judcx
202 3795 399 3862 Communis.
410 3793 480 3878 Ego
491 3791 663 3879 Philippus
673 3792 804 3859 Falerio
813 3791 921 3858 Judex
932 3791 1128 3857 Communis.
1139 3791 1210 3873 Ego

85 3903 273 3969 Dominicus
289 3903 419 3966 Secreto
435 3899 631 3966 Advocator.
656 3899 726 3981 Ego
743 3897 933 3966 Dominicus
949 3899 1049 3964 Aurio
1064 3895 1209 3964 Advoca-

84 4020 139 4077 tcr.
156 4011 229 4094 Ego
244 4008 411 4074 Johannss
428 4007 558 4073 Faletro
569 4007 764 4072 Advocator.
782 4005 853 4088 Ego
869 4002 1040 4089 Philippus
1056 4003 1207 4069 Duibclo.

83 4118 151 4204 Ego
167 4117 328 4184 hlartinus
344 4116 534 4183 Martinazio
553 4115 750 4181 Advocator.
776 4115 847 4197 Ego
864 4111 1063 4196 Engclperto
1085 4111 1209 4176 Mauro-

84 4247 171 4294 ccno.
188 4227 259 4311 Ego
276 4225 359 4292 Vido
377 4225 417 4291 de
437 4224 563 4308 Equilc.

188 4335 260 4418 Ego
275 4335 479 4400 Patemanus
496 4332 537 4398 de
552 4331 653 4398 Puteo
667 4330 893 4398 Subdiaconus
909 4333 941 4394 et
951 4325 1108 4394 Notarius
1126 4345 1207 4391 com·

85 4445 169 4530 plevi
185 4455 217 4511 et
236 4442 399 4510 roborari.

201 4589 344 4656 (Muratori
358 4587 506 4654 Scriptores
519 4587 618 4640 lterum
631 4587 791 4640 Italicarum
804 4582 896 4637 nnn.
909 4583 965 4635 hot.
980 4581 1041 4634 522.
1055 4580 1084 4647 l.)
