3218 5192
167 1077 334 1142 Hodctank
349 1077 531 1164 armonya
545 1103 566 1144 a
577 1079 814 1164 poematorum
824 1091 907 1146 azam
927 1081 1074 1148 bouadaki
1090 1087 1225 1170 aputadp
1235 1089 1301 1150 aad·

624 1192 726 1254 mara.
753 1189 851 1253 1137.

277 1364 316 1428 In
332 1362 463 1430 nornine
479 1361 597 1429 Sancte
612 1369 644 1429 et
660 1363 830 1432 individue
845 1365 1025 1433 Trinitatis.
1043 1368 1086 1436 Vt
1101 1367 1148 1433 ait
1164 1367 1300 1454 Aposto-

167 1470 243 1536 lus:
274 1471 358 1555 „Hie
376 1476 558 1536 manentem
575 1471 740 1538 ciuitatem
757 1493 822 1538 non
837 1471 1006 1554 habemus,
1030 1473 1089 1540 sed
1107 1473 1250 1542 futuram
1267 1475 1301 1542 in

168 1577 250 1643 eelis
266 1579 508 1666 expectamus.“
535 1578 589 1645 Ad
604 1599 702 1664 quam
718 1581 789 1663 Ego
805 1577 902 1646 Hoda
925 1585 993 1646 toto
1013 1580 1176 1648 desiderio
1196 1583 1301 1670 suspi-

168 1705 246 1752 rans
272 1686 391 1771 tendo,
418 1693 450 1752 et
466 1687 646 1774 patrocinio
662 1687 743 1772 Dei,
770 1695 801 1753 et
817 1688 911 1755 Beati
934 1689 1086 1773 Martini,
1113 1695 1145 1754 et
1160 1689 1301 1756 Abbatis

168 1790 311 1880 D(arid)
329 1793 473 1860 eiusdem
499 1794 645 1879 cenobii,
672 1801 703 1859 et
720 1793 854 1862 fratrum
871 1796 994 1880 pariter
1018 1796 1226 1863 oracionibus
1246 1797 1300 1862 hu·

169 1900 291 1966 militer
316 1921 368 1966 me
393 1899 566 1967 committo.
593 1901 703 1968 Offero
721 1901 768 1968 ita
792 1901 937 1988 predicto
963 1901 1098 1969 cenobio
1123 1908 1243 1969 terram
1268 1905 1302 1969 In

167 2007 284 2088 Nulos,
309 2027 373 2094 que
390 2007 433 2074 ad
450 2013 568 2074 sortem
584 2029 690 2074 meam
706 2009 865 2096 pertinet:
893 2009 1046 2075 Aratrum
1064 2029 1136 2076 oum
1152 2010 1230 2075 VIII
1246 2009 1299 2076 bo-

172 2116 232 2181 bus
249 2121 282 2182 et
298 2115 426 2183 duobus
442 2115 623 2202 mancipiis,
641 2117 765 2183 seilicet
780 2116 936 2184 Somboth
953 2121 985 2181 et
1000 2115 1115 2200 Keleb,
1135 2135 1207 2182 eum
1225 2137 1301 2184 uxo-

170 2224 260 2288 ribus
277 2223 365 2307 suis;
383 2229 415 2289 et
425 2223 484 2290 LX
501 2245 579 2290 oues
589 2244 661 2290 eum
678 2229 810 2309 pastore
826 2221 955 2290 nomine
975 2223 1083 2309 Kyud,
1101 2223 1172 2289 etV
1187 2224 1300 2291 vineas

167 2351 241 2395 eum
261 2327 328 2396 IIII
344 2331 489 2416 colonis,
515 2351 651 2414 quorum
667 2332 800 2399 nomina
823 2339 898 2397 sunt
914 2331 1072 2398 Rodouan
1089 2337 1121 2396 et
1137 2351 1209 2399 eum
1225 2331 1300 2398 duo·

169 2437 231 2503 bus
246 2437 345 2522 filiis,
372 2444 405 2504 et
420 2439 528 2525 Ceyca
552 2459 625 2506 oum
651 2461 752 2508 uxore
768 2460 829 2506 sua
845 2446 877 2504 et
896 2439 999 2506 tribus
1019 2439 1114 2522 filiis,
1140 2444 1172 2504 et
1189 2439 1299 2524 Cykor

169 2566 242 2612 eum
261 2567 360 2614 uxore
387 2553 419 2612 et
434 2547 519 2633 filio,
547 2554 578 2614 et
594 2547 691 2635 Cyka
714 2569 785 2614 eum
803 2567 920 2632 vxore3
947 2547 1024 2612 item
1049 2551 1170 2612 terram
1196 2547 1229 2611 in
1246 2545 1300 2612 Se-

170 2655 232 2720 bus
248 2652 293 2718 ad
310 2673 362 2719 me
377 2654 611 2740 pertinentem,
639 2676 711 2720 eum
728 2661 856 2738 aratro,
883 2653 960 2720 VIII
977 2653 1093 2736 bubus,
1121 2661 1152 2718 et
1172 2651 1299 2719 duobus

170 2760 362 2848 mancipiis3
389 2761 511 2828 Teevla
526 2783 599 2830 eum
615 2764 720 2831 tribus
736 2762 831 2848 filijs‚
859 2767 890 2827 et
906 2760 1035 2827 Vasarrl
1060 2780 1133 2826 eum
1150 2781 1249 2828 uxore
1265 2765 1298 2825 et

169 2869 295 2936 duobus
312 2869 399 2956 filijs.

168 3045 306 3112 (Eredetie
318 3048 483 3116 borhtrtytn
496 3065 512 3102 a
522 3051 714 3117 pannonhelmi
726 3048 929 3102 ssent-mtrtoni
941 3045 1086 3116 Itupttasig
1099 3044 1293 3100 Iertlttrtban.

169 3139 243 3190 Euan
257 3138 404 3207 adomanyt
417 3142 453 3192 11.
465 3139 531 3192 sera
543 3137 633 3206 kirtly
646 3139 846 3206 megertsitette
857 3156 948 3208 ugyan
964 3142 1050 3202 1137.;
1064 3155 1089 3188 v.
1100 3144 1124 3188 t.
1137 3136 1219 3202 Fejtr
1231 3137 1295 3188 Cod.

529 3231 676 3297 Dip1.v11.
690 3232 746 3283 ket.
760 3234 784 3283 5.
799 3248 819 3281 r.
835 3234 894 3282 108.
908 3231 937 3296 l.)

604 3503 670 3510 ω-
692 3501 859 3510 ..ω--ο-

706 3942 761 4009 42.

169 4123 296 4187 Heus-ik
307 4123 414 4207 pctpai
429 4122 518 4186 kb'vet
542 4121 697 4206 okmdoya
714 4143 734 4183 a
749 4119 889 4209 spalatoi
903 4119 1119 4183 namt-intonui
1145 4123 1298 4180 monaster

170 4229 302 4294 bardtai
317 4231 348 4294 έι
367 4253 406 4294 oz
431 4230 531 4294 ononi
545 4227 730 4294 kanonokok
743 4227 827 4292 letati
842 4225 1029 4312 bordtadyoa
1053 4217 1293 4310 epyeakadeortil.

622 4335 718 4400 1145.
734 4333 836 4398 tau.

279 4515 361 4582 Cum
376 4515 601 4582 universorum
624 4511 807 4579 mortalium
824 4531 888 4577 non
911 4509 954 4575 ait
969 4527 1035 4573 una
1051 4507 1228 4592 eademque
1243 4525 1296 4573 vo-

167 4627 298 4704 luntas,
325 4623 439 4708 etjam
455 4621 588 4688 definita
611 4619 744 4704 negotia
759 4620 792 4686 in
809 4618 951 4705 priorem
977 4615 1211 4684 dubitationem
1229 4634 1297 4680 sae-

1099 4736 1115 4788 6
1124 4735 1138 4768 ἔ
