3202 5190
891 650 967 720 198.

358 813 491 902 Japyzttt
513 813 688 924 okardo-pm
714 813 839 902 tibunyi
863 814 1066 900 aputadynok
1090 777 1330 901 adomdnyowtt
1348 813 1495 900 fbldrrek

773 919 962 988 dadunurol.
989 923 1084 987 1207.

467 1080 625 1150 Omnibus
649 1082 683 1147 in
699 1079 828 1148 Christo
853 1080 907 1167 pie
930 1081 1197 1150 oonuersautihua
1220 1081 1323 1149 Misoa
1349 1081 1390 1149 de
1406 1083 1492 1150 Faiz

359 1187 444 1254 tilius
460 1189 552 1272 Luoij
569 1208 641 1255 oum
657 1189 724 1256 suis
742 1187 894 1254 tratribus
909 1185 1068 1273 Teodoro,
1085 1189 1121 1253 L.
1138 1194 1171 1253 et
1181 1186 1383 1254 christoforo
1399 1191 1493 1256 salu·

357 1301 423 1359 tem
438 1293 471 1359 iu
488 1312 547 1376 eo,
573 1293 628 1378 qui
645 1301 695 1359 est
711 1312 814 1360 uorax
840 1291 872 1359 in
888 1292 1057 1378 promissis
1080 1299 1113 1359 et
1128 1299 1261 1360 sanetus
1288 1293 1321 1360 in
1336 1295 1491 1363 omnibus

359 1399 509 1488 operibus
525 1399 603 1467 suis.
631 1398 792 1485 Quicquid
808 1420 830 1467 a
845 1400 1036 1468 mortalibus
1053 1399 1132 1470 iuris
1158 1399 1272 1468 ordino
1292 1402 1491 1491 disponitur,

359 1509 538 1578 litterarum
555 1507 761 1575 monimentis
776 1529 840 1576 non
856 1507 1006 1576 inmerito
1022 1506 1248 1594 demandatur,
1269 1529 1311 1577 ne
1325 1509 1490 1578 instabili-

359 1625 425 1682 tate
440 1623 619 1701 temporum
629 1615 776 1682 trahatur
791 1615 824 1682 iu
841 1614 1063 1703 preoipioium.
1074 1615 1193 1682 Notum
1208 1617 1251 1683 sit
1266 1623 1333 1683 tam
1356 1637 1489 1704 presen-

359 1723 445 1790 tibus
461 1743 558 1808 quam
573 1723 700 1811 futuris,
720 1721 808 1808 quod
824 1723 956 1792 Andrea
971 1727 1062 1809 Rege
1072 1725 1314 1792 Gloriosissimo
1331 1725 1408 1793 Bole
1424 1728 1490 1794 Re-

360 1831 411 1916 gis
426 1830 669 1918 filioregnauto,
686 1831 1097 1920 lohannertrohiepiseopo
1107 1833 1361 1918 strigoniensem
1371 1832 1489 1902 kathe-

359 1937 451 2006 dram
466 1938 603 2006 lelioiter
618 1939 803 2026 obtinente,
820 1941 970 2010 Kolenda
987 1941 1221 2031 Vesprinriensi
1241 1941 1401 2028 llpisoopo
1417 1943 1488 2009 exi·

359 2057 475 2138 utente,
490 2051 654 2137 (lampone
669 2051 913 2140 Propositumm
930 2053 1205 2140 Vesprimiensem
1223 2052 1277 2140 pie
1292 2059 1326 2119 et
1345 2049 1488 2120 fideliter

358 2158 567 2243 gubernante,
584 2158 714 2246 Cupauo
730 2159 880 2228 Palatino
891 2161 1015 2230 Comito
1031 2161 1136 2228 tonius
1152 2159 1258 2245 Regni
1274 2160 1412 2245 uegouia
1426 2157 1486 2244 pio

358 2265 460 2331 animi
476 2264 584 2334 studio
600 2271 840 2352 pertraotantep
864 2287 945 2334 vxor
960 2268 1050 2334 Maro
1066 2287 1106 2336 eo
1123 2265 1221 2352 laoto,
1243 2265 1285 2332 de
1301 2263 1407 2334 medio
1422 2273 1487 2332 ter·

359 2392 429 2439 ram
443 2370 485 2439 de
501 2374 623 2440 Vamus
640 2394 676 2442 se
692 2375 951 2461 confingentem,
975 2397 1034 2463 pro
1050 2374 1192 2444 remedio
1210 2375 1260 2442 sui
1276 2374 1377 2442 animi
1393 2372 1486 2462 (lgy)

358 2487 391 2546 et
406 2478 514 2546 mariti
529 2479 675 2548 llooleaie
691 2480 803 2548 Sanoti
814 2479 934 2548 Auiani
952 2481 1183 2550 vniusrsatitsr
1198 2481 1406 2550 condonauit.
1424 2481 1488 2548 Ve-

359 2593 538 2652 rumtamen
554 2605 626 2654 eum
642 2586 754 2654 Abbas
769 2587 918 2656 Eoolesie
932 2587 974 2656 du
990 2591 1103 2676 Tyuou
1119 2589 1247 2656 nomine
1263 2589 1355 2673 Vros,
1376 2595 1411 2656 ot
1426 2588 1487 2656 Co·

359 2713 427 2762 mes
443 2693 574 2786 nomine
589 2695 756 2763 Teodorus
772 2694 856 2763 tilius
872 2695 1044 2784 Balduyn,
1070 2715 1229 2766 consensu
1254 2697 1487 2764 monachorum

358 2801 402 2868 ad
417 2799 657 2888 peragrandam
673 2811 792 2870 terram
802 2841 845 2850 —
857 2841 900 2852 -
910 2841 953 2854 -
965 2841 1007 2852 -
1022 2805 1260 2892 conuenissent,
1280 2811 1312 2870 et
1324 2804 1487 2872 uidissent

357 2917 476 2976 terram
491 2908 637 2976 bloolesio
653 2930 694 2976 ex
710 2929 794 2977 nouo
810 2911 963 2978 collatam
979 2931 1043 2979 non
1059 2911 1141 2978 satis
1157 2910 1309 2996 amplam,
1330 2911 1432 2977 llisoo
1449 2919 1486 2976 et

359 3015 430 3082 eius
455 3013 609 3082 fratribus
636 3015 669 3082 in
687 3025 814 3102 septem
833 3016 951 3084 mareis
979 3016 1185 3084 oonsoienoia
1201 3017 1363 3104 Propositi
1380 3015 1487 3101 O(em·

357 3121 478 3212 ponis),
495 3122 643 3192 (tantoris
659 3125 841 3210 Michaelis,
858 3123 1010 3192 Custodia
1027 3125 1175 3211 Nicolaj,
1193 3126 1317 3193 Deoani
1333 3127 1432 3210 Petri,
1448 3139 1485 3195 et

357 3241 536 3300 oeterorum
561 3232 701 3298 omnivm
716 3231 1007 3318 Vesprimiensium
1031 3231 1267 3302 Canonioorum
1282 3234 1412 3320 puplioe
1430 3253 1485 3300 ex-

357 3345 533 3426 posuerunt
547 3338 750 3426 uendioioni,
775 3346 811 3406 ut
826 3339 893 3406 alia
908 3339 1056 3406 Euolesie
1072 3339 1258 3424 fragmenta
1274 3359 1314 3408 ex
1332 3360 1486 3408 commer-

356 3449 406 3515 oio
423 3455 508 3512 terre
524 3447 767 3530 reintegrarent.
791 3449 851 3513 Est
867 3447 953 3514 enim
969 3446 1050 3514 inibi
1065 3455 1154 3515 terra
1168 3453 1239 3516 tota
1254 3447 1422 3516 sufficiens
1438 3447 1486 3514 ad

356 3553 420 3620 duo
431 3563 539 3620 aratra
549 3561 580 3621 et
590 3552 769 3640 dimidium,
786 3555 875 3622 loeus
886 3563 1072 3641 competens
1082 3555 1219 3641 piscine,
1231 3554 1363 3622 arborea
1375 3553 1487 3622 frueti-

356 3661 423 3726 tero
438 3671 512 3729 sunt
529 3661 697 3729 uberrime.
715 3663 757 3730 Vt
773 3671 882 3731 autem
898 3662 994 3730 huius
1011 3681 1110 3729 cause
1126 3669 1219 3731 tenor
1234 3663 1267 3728 in
1287 3667 1484 3749 perpetuum

356 3769 778 3858 permaneretinnrobiliter,
796 3771 866 3854 Ego
877 3769 918 3836 N.
929 3771 1084 3838 Notarius
1103 3769 1249 3857 presenti
1259 3769 1417 3856 paginula
1427 3787 1488 3854 per

357 3877 565 3965 alphabetum
590 3885 699 3945 senate
725 3864 898 3946 assoribire
925 3879 1048 3946 ourani.
1074 3882 1167 3945 Anno
1192 3878 1234 3943 ab
1250 3877 1487 3944 Inoarnaoione

357 3985 487 4054 Domini
504 3988 548 4054 hl⁰
558 3985 623 4053 00⁰
634 3987 706 4053 Vll⁰
722 3987 754 4051 in
772 4005 883 4053 mense
899 3989 1045 4070 Augusto
1062 3986 1096 4053 in
1113 3986 1196 4053 festo
1212 3983 1324 4052 Sauoti
1340 3983 1486 4052 Lauren-

358 4095 399 4181 οἱ]
417 4094 556 4181 scriptus
573 4103 622 4162 est
639 4094 701 4161 iate
717 4093 950 4181 oyrographus.

697 4204 725 4267 A
833 4201 859 4266 Β
969 4199 995 4266 0
1104 4201 1133 4267 D

359 4355 495 4422 (Eradatie
505 4345 677 4417 bbrhtrtytn,
687 4347 798 4416 melprbl
808 4347 985 4413 bbrasinegsu
995 4345 1064 4414 sugg
1075 4361 1091 4397 a
1101 4341 1200 4412 pauset,
1220 4341 1350 4396 atbmblt.
1365 4342 1485 4410 herenee

651 4437 798 4506 Batthyani
816 4435 966 4491 esalbdnak
979 4433 1190 4498 lerblttrbban.)
