3200 5182
529 1079 532 1085 -
634 1034 711 1101 236.

95 1231 159 1296 Ill.
178 1231 338 1298 Honorias
349 1237 438 1320 popo
454 1231 647 1298 incestatae
662 1254 683 1294 a
698 1245 782 1298 noent
791 1231 871 1317 sb'ld
885 1237 1036 1299 azdmdra
1060 1237 1232 1323 pydjteudb'

393 1339 611 1426 accolypdnzalr
627 1341 813 1426 tdrppdbon.
837 1344 933 1406 1217.

206 1535 368 1603 Honorius
385 1536 565 1624 Episcopus
591 1557 704 1603 seruus
728 1557 896 1604 seruorum
913 1540 973 1604 Dei
990 1539 1227 1608 venerabilibus

92 1643 253 1710 fratribus
270 1641 526 1730 Arcbiepiscopo
543 1645 759 1730 Strigoniensi
774 1652 807 1712 et
830 1645 1046 1730 suffraganeis
1071 1647 1150 1732 eius,
1178 1669 1226 1716 sa-

91 1753 196 1818 lutem
207 1752 472 1836 ctApostolicam
483 1751 1134 1838 benedictionem.ApprobanteGenerali
1145 1755 1226 1822 (lon-

92 1859 172 1926 oilio
188 1860 299 1926 extitit
315 1859 509 1947 ordinatum,
535 1868 570 1926 ut
593 1881 704 1929 omnes
721 1861 850 1928 omnino
876 1860 986 1927 clerici
1001 1868 1070 1928 tam
1094 1861 1225 1944 subditi,

91 1987 193 2052 quam
207 1967 338 2052 prelati,
360 1968 551 2035 vicesimam
566 1969 861 2038 ecclesiasticorum
881 1975 1099 2054 proventuum
1125 1989 1226 2054 usque

93 2075 137 2142 ad
153 2074 326 2141 triennium
343 2075 468 2160 integre
484 2077 651 2143 conferant
667 2077 699 2142 in
724 2077 904 2142 subsidium
928 2084 1013 2143 terre
1039 2085 1150 2143 sancte
1162 2097 1225 2161 per·

91 2203 212 2250 manus
228 2203 349 2266 eorum,
375 2183 428 2267 qui
446 2183 566 2250 adhoc
589 2184 707 2250 fuerint
722 2185 914 2270 Apostolica
938 2185 1146 2270 providentia
1170 2184 1224 2250 de-

91 2291 220 2378 putati3
248 2291 444 2374 quibusdam
461 2291 632 2358 dumtaxat
648 2293 811 2376 religiosis
838 2294 982 2379 exeeptis
1007 2292 1126 2359 abbae
1152 2314 1221 2378 pre-

90 2400 234 2465 statione
250 2399 365 2464 merito
382 2397 585 2465 exbimendis
595 2451 604 2484 ,
631 2407 664 2464 et
688 2401 775 2484 illis,
801 2401 857 2484 qui
881 2407 1049 2487 assumpto
1067 2401 1118 2468 vel
1133 2421 1223 2468 assu·

90 2505 212 2573 mendo
228 2507 334 2572 crucis
349 2505 518 2590 signaculo
535 2507 611 2572 illuc
626 2515 699 2574 sunt
715 2508 930 2594 personaliter
941 2507 1124 2594 profecturi.
1135 2509 1222 2576 Sane

89 2634 191 2700 super
208 2611 305 2680 modo
321 2612 535 2698 dispensandi
552 2615 736 2683 huiusmodi
746 2617 934 2682 vicesimam
950 2615 1134 2682 audivimus
1151 2635 1222 2682 eon-

89 2724 168 2790 silia
184 2721 400 2806 diversorum,
421 2722 539 2806 quibus
555 2724 638 2790 inter
653 2744 689 2790 se
705 2724 877 2810 plurimum
903 2725 1116 2808 variantibus,
1142 2724 1222 2789 illud

89 2831 130 2898 de
148 2830 287 2896 consilio
303 2830 439 2895 lratrum
459 2838 640 2898 nostrorum
665 2832 864 2918 providimus
891 2833 1085 2917 eligendum,
1111 2851 1222 2900 secun·

89 2941 168 3006 dum
184 2937 273 3021 quod
289 2935 428 3004 vidimus
445 2937 551 3023 ipsam
569 2941 759 3006 vicesimam
776 2939 1033 3007 distribuendam
1050 2939 1173 3023 utilius,
1189 2946 1222 3004 et

89 3057 161 3113 tarn
178 3046 221 3110 ab
238 3045 311 3128 hiis,
329 3045 385 3128 qui
401 3046 578 3130 conferent,
595 3067 693 3129 quam
710 3048 752 3112 ab
768 3047 844 3130 illis,
871 3049 987 3131 quibus
1003 3046 1100 3112 fuerit
1115 3044 1221 3111 distri·

90 3155 183 3233 buta,
202 3150 374 3218 materiam
391 3151 587 3236 suspicionis
605 3158 636 3217 et
651 3153 821 3218 murmuris
837 3152 952 3218 melius
968 3151 1219 3236 amputandum:

91 3269 128 3326 ut
153 3256 309 3326 videlicet
334 3257 492 3324 vicesima
517 3257 672 3342 cuiusque
696 3258 846 3325 Diocesis
871 3257 1004 3326 redacta
1025 3257 1163 3324 fideliter
1188 3257 1220 3322 in

89 3365 267 3455 pecuniam
284 3365 344 3430 sub
361 3371 449 3432 certo
465 3385 599 3434 numero
611 3364 923 3451 comprehendendo,
940 3366 973 3431 in
989 3366 1221 3432 autenticorum

89 3477 243 3557 virorum,
261 3479 294 3539 et
311 3473 480 3558 presertim
496 3473 635 3556 illorum,
652 3473 707 3555 qui
724 3491 795 3537 eam
822 3472 1021 3557 collegerint,
1046 3472 1220 3538 testimoni·

90 3583 201 3649 alibus
219 3581 347 3664 litteris,
364 3588 396 3646 et
411 3581 505 3649 nobis
520 3581 621 3648 etiam
638 3579 842 3668 explicando,
868 3579 954 3646 ultra
969 3599 1058 3646 mare
1074 3585 1220 3666 portetur

88 3711 149 3777 per
167 3695 317 3774 quatuor,
335 3689 389 3754 vel
404 3690 555 3773 quinque,
572 3707 630 3755 seu
646 3687 757 3774 plures
774 3687 860 3756 viros
878 3687 1065 3775 prudentes,
1083 3688 1219 3754 clericos

88 3807 121 3865 et
137 3797 243 3864 laicos
259 3795 503 3881 crucesignatos
519 3796 605 3862 illius
623 3793 763 3862 civitatis
780 3801 813 3860 et
828 3793 987 3880 Diocesis,
1016 3795 1071 3879 qui
1098 3801 1173 3862 note
1188 3795 1221 3860 ll-

89 3905 154 3990 dei,
172 3901 377 3971 discretionis
394 3907 426 3967 et
442 3901 606 3986 opinionis
626 3902 770 3966 existant
793 3923 801 3962 :
827 3921 962 3985 quorum
979 3921 1062 3968 unus
1080 3901 1122 3967 sit
1147 3901 1221 3986 llpi·

86 4031 209 4098 scopus
223 4011 298 4095 loci,
325 4008 485 4092 siquidem
501 3994 744 4092 crucesignatus
762 4009 916 4094 extiterit,
933 4007 1066 4092 reliquis
1084 4009 1127 4073 ab
1146 4007 1220 4092 Epi·

86 4139 187 4206 scopo
205 4119 381 4186 diocesano
398 4123 430 4183 et
445 4117 550 4202 ipsius
566 4117 719 4183 vicesimo
736 4116 963 4183 collectoribus
989 4113 1162 4198 eligendis,
1189 4123 1221 4179 et

86 4249 145 4314 per
161 4246 279 4294 manus
296 4225 449 4312 ipsorum,
477 4224 518 4290 de
535 4223 734 4290 conscientia
749 4231 858 4289 tamen
884 4220 1078 4305 cardinalis,
1104 4220 1159 4304 qui
1174 4217 1220 4284 fu-

88 4336 151 4402 erit
167 4335 215 4402 ibi
226 4336 380 4418 Legatos,
398 4330 611 4398 distribuatur
623 4330 763 4397 fideliter
780 4339 812 4398 et
829 4331 968 4396 discrete
984 4328 1219 4411 crucesignatis

86 4443 260 4527 egentibus
277 4445 309 4506 et
326 4439 459 4507 utilibus
475 4439 605 4524 negotio
621 4445 706 4505 terre
722 4445 844 4522 sancte,
862 4456 901 4503 ac
917 4435 1087 4522 presertim
1103 4433 1144 4498 de
1161 4433 1221 4499 illa

86 4549 232 4633 Diocesi,
248 4547 305 4614 ubi
316 4547 472 4614 vicesima
481 4547 540 4612 illa
553 4545 690 4611 collecta
699 4543 806 4628 luerit,
819 4543 963 4611 oriundis
976 4571 983 4611 :
1000 4541 1164 4624 iidemque
1174 4539 1219 4604 di-

84 4657 278 4725 stributores
295 4655 358 4742 ipsi
375 4657 498 4739 Legato
515 4661 549 4719 et
563 4653 729 4736 Magistris
747 4651 927 4738 Hospitalis
945 4659 976 4717 et
994 4649 1121 4735 Templi
1147 4643 1218 4714 red-

991 4769 1055 4825 25*
