3202 5190
882 902 955 970 184.

356 1100 504 1166 Dandolc
520 1101 645 1165 Heurilc
668 1101 815 1164 ualeaczea'
843 1101 979 1187 dopdaelc
996 1100 1107 1183 levale,
1130 1097 1272 1186 auelylyel
1294 1101 1403 1182 mapdt
1420 1097 1485 1162 ΙΙΙ.

439 1211 528 1273 lacae
542 1213 631 1294 pdpc
648 1208 722 1272 eldtl
739 1231 926 1296 upyaaazoa
946 1208 1100 1295 lorpydaa
1118 1207 1286 1292 meatepatc'.
1303 1205 1402 1270 1204.

439 1405 628 1469 Venerabili
640 1404 672 1470 in
683 1403 812 1472 Christo
822 1405 917 1490 patri,
928 1409 961 1468 et
972 1403 1103 1472 domino
1115 1405 1141 1468 Ι.
1151 1403 1212 1468 Dei
1223 1402 1333 1486 gratia
1342 1398 1484 1466 Sanctae

351 1515 518 1579 Romanae
530 1511 696 1578 Ecclesiae
707 1515 840 1580 Summo
851 1511 1010 1594 Pontifici,
1025 1512 1065 1576 Η.
1078 1509 1251 1576 Dandulus
1261 1508 1481 1590 Venetiamm,

351 1621 538 1688 Dalmatiae
564 1627 661 1703 atque
686 1619 838 1688 Oroatiae
860 1620 953 1701 Dux,
981 1625 1089 1685 vester
1115 1619 1248 1686 humilis
1274 1625 1306 1684 et
1331 1617 1481 1700 deuotus,

351 1747 423 1794 cum
434 1727 521 1794 omni
532 1726 704 1794 devotione
719 1725 896 1792 servitium.
913 1727 1033 1793 Notum
1051 1725 1136 1792 facio
1147 1724 1319 1792 Sanctitati
1329 1725 1480 1806 Vestrae,

349 1833 450 1918 qnod,
475 1853 545 1899 cum
572 1853 698 1900 crucem
728 1833 962 1919 assumpserim
979 1853 1038 1918 pro
1055 1831 1190 1898 servitio
1215 1832 1295 1898 Jesu
1311 1830 1434 1897 Christi
1450 1836 1483 1896 ct

349 1945 487 2010 Sanctae
515 1943 682 2008 Romanae
698 1941 878 2024 Ecclesiae,
904 1949 936 2008 et
951 1939 1174 2006 transmeandi
1195 1939 1303 2024 gratia
1321 1939 1482 2005 davene

349 2050 403 2115 tiis
420 2049 700 2139 iterarripuerim,
726 2049 924 2116 necessitate
949 2051 1105 2135 temporis
1121 2048 1271 2116 hiemalis
1296 2047 1480 2133 ingruente,

350 2156 494 2244 oportuit
510 2177 562 2224 me
578 2178 649 2224 cum
667 2160 763 2226 stolio
780 2179 871 2242 meo,
898 2163 930 2224 et
946 2158 1192 2243 peregrinorum
1217 2156 1304 2242 apud
1322 2155 1482 2223 Jaderarn

245 2329 267 2346 ,,
350 2267 514 2351 hiemare;
532 2287 616 2350 quae
633 2287 705 2334 cum
722 2273 810 2334 esset
825 2266 957 2333 rebellis
974 2266 1053 2332 mihi
1070 2273 1103 2332 et
1113 2264 1276 2331 Veneticis
1287 2266 1388 2349 longo
1403 2269 1482 2329 tem·

349 2395 428 2460 pore
444 2376 563 2457 injuste
580 2394 639 2460 per
661 2373 877 2459 proditionem
903 2379 1016 2439 contra
1026 2373 1216 2456 juramenta
1240 2371 1413 2457 praestita,
1439 2369 1481 2436 de

351 2483 482 2548 civitate
498 2487 530 2546 et
546 2480 690 2563 civibus,
719 2479 894 2546 secundum
918 2479 1005 2563 qnod
1020 2480 1120 2546 moris
1136 2487 1187 2546 est
1212 2479 1351 2545 invicem
1367 2497 1404 2545 se
1420 2479 1480 2545 ini-

351 2587 548 2670 micantium,
561 2587 660 2671 juste,
678 2586 919 2670 utexistimavi,
936 2585 1059 2670 sumpsi
1069 2586 1236 2652 ultionem.
1252 2587 1373 2651 Verum
1390 2587 1478 2670 quia,

350 2702 384 2760 ut
400 2694 578 2777 dicebatur,
603 2695 637 2759 in
654 2702 765 2760 vestra
780 2699 872 2760 erant
889 2685 1109 2779 protectione,
1135 2694 1221 2778 qnod
1237 2693 1311 2759 ideo
1327 2713 1395 2760 non
1414 2712 1479 2759 cre·

351 2801 479 2883 debam,
499 2803 657 2885 quianon
674 2802 827 2870 existimo
843 2823 913 2886 vos,
930 2821 990 2867 nec
1006 2808 1230 2869 antecessores
1241 2806 1382 2886 vestros,
1403 2801 1478 2868 illos

351 2909 411 2974 sub
428 2909 629 2992 protectione
640 2910 794 2994 recipere,
812 2909 1003 2992 quicrucem
1020 2911 1184 2995 accipiunt
1199 2915 1334 2992 tantum,
1353 2917 1390 2974 nt
1405 2927 1477 2974 cam

349 3023 497 3102 portent,
525 3037 589 3082 nou
607 3018 703 3082 etiam
721 3018 782 3083 iter
797 3017 976 3102 perficiant,
997 3025 1128 3103 propter
1144 3017 1230 3101 qnod
1245 3017 1414 3102 peregrini
1430 3035 1477 3082 so·

351 3125 419 3190 lent
434 3143 561 3190 crucem
578 3124 735 3208 accipere,
762 3124 821 3189 sed
837 3131 869 3188 et
885 3125 994 3189 aliena
1009 3125 1194 3208 inveniant,
1215 3129 1247 3188 et
1261 3124 1383 3208 injuste
1399 3123 1476 3189 dcti-

348 3237 457 3315 neant,
474 3230 666 3317 paternitati
675 3237 804 3297 uestrae
814 3237 928 3298 contra
940 3253 1000 3316 me,
1019 3238 1050 3297 et
1060 3234 1201 3301 Venetos
1218 3232 1414 3299 sententiam
1425 3249 1465 3296 cx

350 3336 648 3407 communicationis
669 3324 792 3420 placuit
811 3338 1028 3422 promulgare,
1053 3357 1149 3421 quam
1160 3339 1322 3424 patienter
1335 3344 1367 3402 et
1377 3338 1477 3403 humi-

348 3447 422 3512 liter
437 3445 660 3528 sustinuimus,
677 3464 779 3529 usque
797 3463 859 3529 quo
876 3445 1109 3529 perdominum
1118 3448 1154 3510 P.
1171 3443 1256 3510 tituli
1269 3444 1383 3510 Sancti
1393 3445 1477 3510 Mar-

348 3553 421 3619 celli
438 3553 667 3636 Presbyterum
684 3553 901 3637 Cardinalem,
919 3561 952 3617 ct
968 3552 1108 3618 Sanctae
1122 3553 1290 3619 Romanae
1304 3551 1477 3617 Ecclesiae

347 3661 515 3744 Legatum,
533 3662 694 3745 praestita
709 3661 875 3744 condigna
891 3661 1125 3744 satisfactione,
1154 3659 1329 3726 meruimus
1346 3659 1477 3726 absolu-

346 3769 476 3849 tionem,
498 3766 581 3834 sicut
591 3769 767 3834 secundnm
784 3767 1020 3835 ordinationem
1034 3773 1213 3834 vestrorum
1228 3765 1427 3850 nuntiorum,
1444 3771 1477 3830 et

348 3875 540 3959 scriptorum
555 3877 720 3960 paginam,
738 3879 876 3942 Vestrae
899 3877 1018 3963 poterit
1042 3875 1215 3942 Sanctitati
1238 3873 1360 3939 clarius
1386 3873 1477 3940 inuo-

347 3989 479 4048 tescere.
497 3982 752 4068 Superveniente
764 3993 872 4050 autem
888 3985 1100 4070 inspiratione
1110 3983 1241 4065 Divina,
1259 3979 1367 4065 magis
1378 4001 1477 4065 qnam

347 4090 500 4168 humano,
516 4094 551 4154 ut
567 4091 755 4174 opinamur,
781 4091 927 4174 consilio,
945 4091 1073 4174 Alexio,
1090 4089 1156 4155 filio
1173 4086 1338 4173 qnondam
1354 4086 1476 4153 isachii

348 4195 558 4280 Imperatoris
572 4193 933 4281 constantinapolitani,
951 4195 1050 4270 eundi
1065 4195 1098 4261 in
1109 4193 1302 4261 Romaniam
1317 4192 1381 4256 iter
1397 4192 1474 4258 arri·

348 4301 488 4387 puimus,
516 4309 548 4367 ct
562 4301 677 4387 ipsum,
696 4303 780 4368 sicut
795 4304 935 4372 Domino
951 4303 1093 4390 placuit,
1113 4300 1274 4388 praestita
1289 4298 1332 4364 ab
1345 4319 1386 4365 eo
1402 4318 1474 4364 can·

350 4409 438 4476 tione
455 4409 496 4474 de
511 4407 696 4475 obedientia
712 4412 853 4477 Sanctae
869 4414 1037 4480 Romanae
1052 4409 1229 4490 Ecclesiae,
1247 4407 1386 4493 expulso
1401 4406 1472 4470 Ale-

347 4518 401 4584 xio
417 4517 577 4583 avunculo
594 4535 663 4602 suo,
681 4523 840 4603 captaque
854 4515 1217 4603 Constantinopolitano
1237 4513 1381 4595 civitate,
1399 4531 1469 4577 cum

347 4645 467 4714 magno
478 4625 623 4716 periculo
640 4631 672 4694 et
687 4625 810 4714 labore,
827 4627 974 4694 obtinere
984 4625 1167 4694 curavimus
1179 4624 1270 4712 prius
1282 4622 1325 4693 ab
1341 4617 1469 4688 madio
