3218 5192
593 283 751 394 A

96 499 237 580 nepotes
253 487 314 560 tilii
330 489 454 577 Gasani,
482 497 515 558 et
531 511 644 558 omnes
659 495 812 576 parentes
828 489 1026 572 iuraverunt,
1051 485 1150 555 etiem
1164 480 1236 573 ipse

96 601 258 687 Ludinm,
276 609 313 668 ut
331 603 410 668 mihi
426 605 658 687 componerent
675 599 828 664 damnum
838 598 1055 683 prenominati
1071 602 1235 684 parentes,

96 711 234 795 insuper
250 717 284 777 ιι
298 712 410 796 Nepte
435 708 510 776 dedi
526 709 556 776 ei
572 707 750 794 baptizare.
776 706 930 773 Posthac
955 705 1045 772 habii
1069 705 1111 770 ad
1129 723 1235 772 mona-

97 818 247 884 sterium.
272 821 330 886 Set
346 819 416 904 ipse
432 836 496 883 non
522 813 647 900 quievit
671 814 781 880 facere
797 813 876 879 mihi
901 813 1073 897 damnum;
1099 811 1236 878 renitet

98 925 289 992 devastavit
313 931 415 993 totam
431 924 545 990 viliam
561 943 678 1006 meam,
706 923 793 1008 oepit
809 927 948 1007 quatuor
967 939 1080 987 servos
1105 924 1137 986 et
1154 920 1235 985 dnae

99 1033 261 1117 ancillas,
291 1042 323 1100 ιι
342 1039 468 1118 patrem
484 1033 678 1098 ancillarum
697 1031 878 1115 flagellauit
903 1049 1004 1113 usque
1020 1029 1064 1095 ad
1091 1032 1235 1110 mortem,

98 1147 134 1205 ιι
154 1139 244 1225 cepit
270 1138 352 1205 duos
377 1139 518 1225 optimos
544 1157 665 1223 equos,
691 1143 723 1204 et
748 1157 846 1202 unum
871 1138 1011 1222 mulum,
1039 1143 1072 1202 et
1093 1143 1160 1203 tres
1183 1135 1237 1201 bo-

101 1264 182 1330 ves,
211 1251 245 1312 et
259 1246 324 1312 due
339 1265 456 1330 vacce,
485 1251 518 1311 et
532 1246 675 1329 quinque
699 1244 764 1310 tele
781 1243 821 1310 de
844 1245 954 1329 sagis,
980 1245 1137 1311 hebentes
1160 1263 1237 1309 una·

101 1372 234 1436 qnoque
259 1353 376 1437 viginti
392 1353 501 1436 cubiti,
528 1359 561 1419 et
576 1360 717 1436 quatuor
741 1351 826 1436 bela,
854 1361 886 1418 et
910 1371 1026 1419 norem
1049 1351 1180 1435 comice,
1205 1355 1238 1415 et

102 1481 171 1528 nna
187 1481 330 1544 racana,
359 1459 422 1526 due
437 1479 575 1544 cueure,
602 1465 634 1525 et
649 1466 787 1543 quatuor
802 1467 896 1546 spate
907 1468 926 1544 ‚'
942 1465 974 1528 et
990 1461 1131 1544 quinque
1154 1477 1237 1544 para

104 1607 151 1618 -
167 1605 213 1616 —-
229 1605 273 1616 -
289 1576 321 1635 et
337 1567 508 1636 duodecim
524 1587 648 1653 marre,
675 1575 707 1634 et
723 1587 781 1634 sex
797 1587 954 1653 vomeres,
980 1575 1013 1634 et
1028 1569 1168 1652 quinque
1185 1567 1237 1634 de·

103 1678 229 1744 latoria
239 1727 248 1761 ,
272 1683 304 1742 et
320 1696 378 1744 sex
395 1695 488 1760 saga,
514 1681 587 1743 octo
604 1677 779 1762 pulatoria,
802 1683 834 1743 et
850 1677 1019 1743 duodecim
1034 1677 1116 1761 sicli,
1133 1683 1165 1742 et
1181 1695 1239 1741 sex

105 1805 235 1871 porcos.
256 1785 334 1851 Post
352 1783 413 1850 hec
427 1782 517 1849 habii
534 1782 578 1848 ad
593 1785 837 1868 prenominatos
853 1793 1007 1870 parentes
1030 1785 1110 1869 eius,
1127 1783 1238 1850 videli-

105 1897 158 1960 cet
175 1899 209 1956 et
234 1911 294 1976 per
318 1889 526 1975 manuprieos
550 1889 598 1954 ita
613 1887 775 1956 dicendo:
797 1890 935 1956 Reddite
961 1889 1059 1957 michi
1084 1889 1238 1956 damnum

107 2018 172 2083 qne
190 1996 267 2063 iecit
282 2003 390 2063 vester
404 1996 675 2079 consanguineus.
694 1998 737 2062 At
752 1997 815 2082 ipsi
832 1997 1093 2083 responderunt:
1119 1998 1239 2062 Verum

108 2115 160 2174 est
178 2106 263 2172 sicut
279 2111 313 2171 tu
330 2105 432 2190 dicis;
454 2105 527 2189 jam
542 2123 602 2170 nos
618 2111 651 2171 te
667 2125 830 2189 rogamus,
856 2113 891 2171 ut
906 2106 1050 2190 accipias
1068 2111 1171 2172 totam
1187 2105 1239 2170 he·

107 2215 283 2282 reditatem
298 2211 437 2296 illorum,
463 2229 526 2294 que
540 2212 682 2296 pertinet
697 2212 761 2278 iliis
777 2231 818 2278 er
834 2231 893 2279 suo
909 2217 1012 2298 petre.
1037 2214 1092 2279 Set
1108 2231 1169 2294 ego
1186 2232 1239 2278 no·

106 2321 230 2405 lebam,
247 2319 310 2385 nisi
327 2319 424 2386 michi
441 2317 609 2384 vinxeritis
624 2323 712 2384 terra
727 2319 865 2404 Abelay,
886 2338 947 2402 que
961 2325 1049 2386 terra
1065 2319 1239 2405 incipiente

107 2449 129 2495 a
146 2428 249 2494 muris
260 2425 417 2511 usquead
432 2445 522 2492 meas
534 2431 749 2510 terraconae
763 2428 826 2493 emi
837 2427 1023 2512 a'Pomizay
1035 2436 1067 2494 et
1083 2427 1124 2494 de
1139 2427 1239 2495 fratre

107 2558 169 2604 suo
187 2537 323 2603 Sbinne.
350 2535 498 2619 Denique
524 2533 683 2601 dederunt
698 2535 776 2600 mihi
792 2539 895 2602 totam
920 2536 1131 2603 hereditatem
1156 2537 1240 2622 ipso·

109 2667 202 2730 rum,
230 2653 263 2713 et
278 2647 351 2732 ipsa
366 2653 453 2712 terra
468 2645 597 2730 Abelay
623 2652 699 2712 unte
725 2644 890 2730 presentia
906 2645 1019 2711 horum
1043 2647 1239 2714 testimonio·

109 2775 203 2838 rum;
230 2755 482 2840 presbiterorum
507 2753 646 2821 Joennis
671 2753 864 2820 Kememica
880 2753 921 2820 ιιι
937 2755 1065 2839 Suliza,
1091 2757 1240 2823 Miohune

109 2862 281 2946 monacho,
300 2861 434 2945 Sevide,
461 2860 629 2944 Uretinna,
646 2863 807 2928 Demalla.
834 2861 919 2928 Nam
935 2863 999 2948 ipsi
1023 2864 1239 2949 prenominati

109 2975 223 3054 testes,
250 2969 412 3054 presbiter
427 2967 615 3052 Johannea,
635 2977 668 3036 et
683 2970 748 3038 filio
765 2970 876 3036 Sulize
885 3022 894 3056 ,
912 2980 944 3038 et
959 2972 1082 3038 Savida
1090 3023 1099 3056 ,
1125 2981 1157 3040 et
1171 2972 1238 3038 filio

110 3076 216 3142 Melle
231 3077 391 3144 Uratinna
406 3076 654 3144 ambulaverunt
668 3097 727 3163 per
740 3084 827 3146 totae
844 3086 960 3164 terras,
978 3100 1059 3166 quas
1077 3080 1173 3146 michi
1188 3079 1240 3144 de·

111 3185 230 3251 derunt
253 3191 406 3270 parentes
422 3184 561 3251 illorum.
588 3183 707 3251 Postea
726 3186 844 3252 ivimus
860 3187 1069 3269 Araooinieo,
1099 3193 1130 3252 et
1146 3186 1240 3251 dede·

111 3297 188 3358 runt
202 3296 305 3358 totum
320 3291 407 3374 quod
417 3297 467 3357 est
483 3292 516 3356 in
526 3292 708 3377 Raecinioo‚
724 3299 758 3359 et
773 3293 806 3359 in
816 3293 1005 3361 Jessemeno
1020 3299 1106 3360 totas
1116 3293 1239 3378 vineas,

111 3407 145 3466 et
161 3399 355 3481 ubicumque
381 3416 444 3481 que
460 3399 600 3483 pertinet
625 3399 700 3465 illis.
726 3401 805 3467 Post
828 3401 888 3466 hec
913 3399 1042 3466 dicebat
1065 3402 1182 3468 Susalo
1199 3401 1240 3466 de

111 3508 248 3592 Bilsoy‚
274 3505 429 3589 quianon
455 3513 505 3573 est
530 3527 659 3592 verum,
686 3529 750 3576 non
781 3507 870 3576 dedit
892 3510 1073 3578 Aracinico.
1099 3511 1156 3576 Set
1172 3528 1240 3594 pre-

111 3615 228 3700 scripti
251 3619 353 3680 teetes
378 3613 632 3682 testificaverunt
648 3616 681 3682 in
697 3615 787 3681 Ciisa
813 3635 922 3683 eoram
938 3617 1057 3702 judice,
1083 3618 1239 3702 Volcnno,

113 3729 146 3788 et
162 3723 281 3789 Ulcina
296 3723 362 3789 filio
379 3721 535 3808 Bracari,
561 3743 621 3790 nec
636 3745 700 3791 non
715 3730 748 3790 et
764 3723 880 3792 Uicina
896 3724 937 3789 de
956 3727 1135 3811 Stresazza,
1163 3728 1240 3792 'Pes-

113 3851 216 3898 senno
233 3829 274 3896 de
297 3831 474 3914 Sittimiro,
500 3831 699 3917 Tomidrugo
725 3831 791 3898 filio
808 3831 971 3917 Numerio,
997 3834 1147 3901 Dimitrio
1172 3835 1240 3899 filio

112 3939 274 4023 Siocolle;
291 3937 379 4022 qnod
394 3927 558 4022 Racinieo‚
585 3945 617 4006 et
632 3939 742 4008 omnia
757 3959 819 4022 que
834 3938 900 4006 illis
917 3941 1076 4026 pertinent
1091 3940 1240 4008 dedimus

112 4049 146 4114 in
163 4047 406 4132 sempiternum.

223 4153 373 4237 Denique
388 4153 452 4219 emi
466 4161 553 4220 terre
568 4153 609 4220 de
623 4153 779 4240 Tomizay
796 4160 828 4220 ct
844 4153 884 4221 de
899 4153 999 4222 fratre
1015 4175 1073 4222 suo
1090 4153 1192 4220 Sbina
1207 4151 1241 4220 in

112 4265 185 4334 ioco
202 4263 259 4329 ubi
275 4261 395 4329 dicitur
410 4261 540 4348 Abeley
549 4312 558 4346 ,
584 4281 625 4328 er
641 4283 704 4329 uno
719 4268 862 4330 torrente
886 4283 988 4347 usque
1003 4263 1047 4329 ad
1067 4263 1166 4328 elium
1182 4283 1241 4349 pro

112 4376 278 4440 trecentos
302 4369 425 4436 vellera
441 4369 482 4435 de
497 4370 594 4454 iana,
621 4377 652 4436 et
668 4370 905 4455 quinquaginta
929 4371 1005 4436 dedi
1021 4371 1069 4436 eis
1094 4391 1152 4455 pro
1168 4371 1240 4436 fine.

113 4483 155 4548 Et
171 4480 288 4548 eodem
314 4479 366 4546 die
382 4479 571 4564 comparari
586 4477 628 4546 de
644 4477 799 4546 Vilemiro
824 4485 857 4544 et
873 4479 913 4546 de
936 4479 1035 4546 fratre
1061 4499 1120 4546 suo
1136 4479 1243 4546 Preds

114 4598 238 4662 curtem
254 4589 289 4658 in
303 4587 503 4678 Simouniza,
531 4594 564 4656 et
579 4589 676 4657 vinea
691 4587 725 4656 in
740 4587 866 4658 Peruno
884 4609 943 4678 pro
959 4608 1022 4658 uno
1038 4607 1139 4678 equ05
1166 4594 1241 4658 ante
