3164 5192
814 315 966 418 *ua

330 512 373 599 (l;
391 512 554 598 Georgius
569 511 732 580 Vitulinus
748 512 850 580 libros
866 511 931 598 003
948 515 1115 600 Spinellus
1131 517 1280 602 Mergnlo
1297 517 1403 584 libras
1418 515 1453 600 (ι

330 622 518 692 Dominicus
544 621 641 688 Greci
668 622 771 688 libras
786 621 864 706 XO;
891 621 1035 690 lacobus
1061 625 1102 690 de
1118 624 1240 692 lllolino
1256 625 1290 690 in
1316 623 1455 691 confinio

329 730 442 798 Sancti
457 730 627 796 Eustachii
643 729 745 796 libras
761 731 807 814 03
831 731 948 796 Petrus
964 731 1126 800 Baldnino
1150 733 1252 799 libras
1269 731 1313 816 03
1340 733 1457 799 Petrus

329 837 504 906 Grimauus
519 837 561 904 de
577 837 700 904 Sancta
715 837 842 921 Agnete
866 839 967 905 libras
984 839 1090 924 OXV;
1120 840 1280 907 Gnidolus
1298 839 1407 905 lanne
1423 840 1458 905 li-

329 948 406 1014 bras
422 945 494 1031 cL;
521 965 602 1012 uxor
620 944 739 1012 Vitalis
756 947 889 1014 Voltaui
915 968 975 1033 pro
1000 948 1086 1016 dicto
1112 949 1182 1015 viro
1207 969 1266 1014 suo
1289 949 1393 1014 libras
1411 945 1455 1030 C;

330 1057 475 1122 Marinus
491 1057 621 1122 Donato
636 1053 738 1119 libras
755 1054 798 1138 03
826 1056 1024 1120 Pauoracius
1041 1056 1171 1122 Gabriel
1192 1056 1294 1122 libras
1311 1055 1457 1139 uxxl1;

330 1164 468 1230 Michael
486 1163 581 1230 Entio
597 1162 699 1228 libras
716 1159 787 1247 CL3
804 1161 1024 1228 Beruardiuua
1038 1162 1243 1229 deViceneia
1263 1164 1368 1230 libras
1384 1163 1457 1247 OL;

330 1273 476 1355 Angelus
491 1273 587 1339 Tinto
603 1271 704 1336 libras
721 1270 764 1356 05
783 1271 950 1338 Johannes
965 1269 1140 1352 Hungarus
1157 1271 1258 1338 libras
1273 1271 1316 1354 (ις
1343 1271 1457 1338 Bonus

331 1379 416 1446 filius
442 1379 534 1445 Ziani
551 1379 591 1446 de
608 1379 760 1466 Oaprulis
787 1378 887 1444 libras
912 1378 989 1444 XVI
1012 1398 1086 1444 cum
1111 1378 1267 1463 dimidia3
1291 1377 1457 1463 Frugerus

330 1487 427 1554 'liuto
442 1487 544 1554 libras
555 1486 706 1556 OOXGV.
726 1486 932 1572 Quapropter
948 1507 1008 1553 nos
1024 1487 1267 1572 prenominatus
1278 1488 1363 1570 Dux,
1383 1508 1457 1554 oum

330 1597 500 1664 Judicibua
517 1605 550 1664 et
564 1597 775 1683 Sapientibus
792 1594 939 1683 Consilii,
956 1617 977 1661 a
992 1597 1251 1664 Advocatoribua
1268 1595 1458 1663 Communis

331 1705 550 1790 venetiarum,
564 1705 802 1774 collaudatione
817 1705 929 1789 populi
941 1699 1159 1789 Venetia'ruru,
1177 1724 1249 1770 eum
1259 1707 1378 1772 nostris
1388 1724 1461 1771 suc-

332 1816 525 1899 cessoribus,
542 1813 635 1881 vobis
652 1812 802 1881 omuibus
818 1813 1052 1899 suprascriptis
1067 1814 1158 1898 viris,
1187 1818 1218 1879 et
1234 1814 1351 1879 vestris
1368 1815 1461 1880 here-

332 1922 428 1990 dibus
445 1931 478 1990 et
493 1921 736 1989 successoribus
752 1921 935 2005 obligamus
952 1941 1065 1989 omnes
1084 1922 1237 1990 introitus
1254 1923 1354 1990 nostri
1366 1920 1461 1988 Com-

332 2032 448 2114 munis,
466 2031 521 2114 qui
539 2031 579 2098 de
595 2031 665 2096 sale
680 2029 891 2114 provenient,
918 2035 950 2097 et
966 2029 1007 2095 de
1022 2038 1162 2112 moneta,
1189 2035 1221 2095 et
1236 2029 1276 2095 de
1295 2028 1459 2096 Comitatu

332 2137 451 2206 Ausari
466 2140 508 2205 ab
525 2139 596 2206 istis
613 2135 758 2220 calendis
775 2137 896 2203 mensis
912 2137 1101 2204 Decembris
1121 2157 1225 2222 nuper
1240 2138 1384 2203 venturis
1399 2157 1461 2223 per

333 2247 589 2332 suprascriptam
605 2243 818 2310 indictionem
843 2245 1003 2327 usquead
1020 2263 1122 2310 annos
1149 2243 1327 2312 duodecim.
1356 2244 1401 2310 Ut
1417 2245 1461 2310 de

332 2353 563 2440 suprascriptis
589 2352 747 2420 reditibus
772 2357 897 2418 tautum
922 2351 1070 2418 debeatis
1089 2353 1236 2439 recipere
1261 2353 1348 2419 omni
1373 2372 1461 2419 anno

331 2483 392 2549 per
406 2462 579 2528 terminum
590 2466 727 2546 quatuor
743 2459 909 2543 mensium,
927 2459 1104 2526 secuudum
1119 2460 1336 2546 quantitatem
1347 2479 1462 2546 supra·

332 2571 474 2656 scriptae
484 2569 646 2655 pecuniae
662 2589 764 2653 usque
780 2568 824 2634 ad
835 2568 1092 2655 suprascriptum
1103 2571 1284 2655 terminum,
1301 2576 1461 2654 quantum

332 2680 498 2746 habebunt
513 2677 561 2744 illi
577 2678 658 2761 riri,
685 2679 802 2763 quibus
818 2676 923 2746 lorum
946 2677 1088 2745 Rivoalti
1105 2685 1138 2744 et
1158 2679 1461 2763 quadragesimum,

333 2789 547 2874 aquintum,
574 2795 606 2854 et
622 2795 732 2855 cetera
747 2795 822 2855 sunt
847 2787 1014 2873 obligata3
1041 2787 1216 2854 secuudum
1242 2789 1460 2871 quantitatem

333 2897 552 2983 quadraginta
567 2896 704 2963 millium
720 2895 887 2980 librarum,
912 2917 994 2981 quas
1011 2895 1074 2982 ipsi
1091 2903 1202 2964 nostro
1219 2895 1390 2962 Communi
1407 2896 1462 2962 de-

334 3007 429 3090 dere,
458 3007 541 3072 sicut
554 3023 613 3090 per
637 3003 795 3070 rationem
818 3005 943 3072 venerit
970 3004 1011 3072 de
1034 3005 1166 3072 introitu
1190 3004 1346 3088 cuiusque
1370 3005 1459 3070 anni.

333 3116 471 3200 Propter
486 3113 572 3197 quod
598 3133 657 3180 uos
673 3113 762 3178 omni
788 3133 874 3179 anuo
891 3113 1045 3180 debemus
1062 3112 1170 3180 iacere
1196 3113 1393 3180 camerarios
1417 3111 1461 3176 ad

332 3222 482 3290 introitus
497 3221 578 3289 salis
593 3220 807 3306 recipiendos,
825 3229 857 3288 et
871 3241 927 3288 eos
943 3223 1029 3289 omni
1046 3242 1130 3290 anuo
1151 3243 1209 3308 per
1221 3228 1461 3288 sacramentum

333 3328 550 3413 distringuere
566 3326 610 3394 ad
634 3328 792 3395 tenendos
818 3327 1058 3414 suprascriptos
1073 3328 1224 3394 introitus
1253 3327 1334 3392 salis
1350 3327 1394 3392 ad
1409 3345 1462 3390 ve-

332 3447 434 3504 stram
451 3435 624 3502 utilitatem
641 3436 818 3502 secuudum
836 3435 984 3502 ordinem
1001 3434 1269 3522 suprascriptum,
1296 3433 1388 3498 etad
1405 3453 1462 3518 pa-

332 3543 473 3610 candum
487 3563 546 3610 vos
563 3545 650 3610 omni
676 3553 793 3629 quarto
809 3563 920 3611 meuse
931 3596 939 3630 ,
968 3551 1003 3612 ut
1023 3564 1123 3630 supra
1145 3543 1264 3627 legitur
1290 3542 1330 3608 de
1346 3561 1463 3627 supra-

332 3650 454 3736 scripto
470 3650 602 3718 introitu
619 3653 709 3736 salis,
727 3653 756 3719 si
772 3658 899 3719 tantum
915 3653 1022 3738 luerit,
1049 3658 1082 3718 et
1096 3653 1140 3719 ad
1156 3650 1325 3717 dicendam
1341 3651 1460 3715 verita-

332 3769 397 3828 tem
413 3758 454 3824 de
479 3765 622 3844 lutoso,
645 3760 733 3845 quod
748 3762 843 3829 vobis
868 3768 1019 3848 pacatum
1045 3760 1219 3828 habuerint
1239 3759 1309 3825 sine
1333 3757 1458 3822 fraude.

330 3865 486 3934 Similiter
510 3871 619 3933 autem
634 3875 667 3934 et
683 3872 882 3937 monetarios
897 3870 983 3936 omni
1001 3889 1086 3936 anno
1102 3868 1209 3933 lacere
1226 3864 1401 3946 debemus,
1429 3873 1462 3930 ot

332 3975 529 4061 distringere
552 3997 609 4044 eos
635 3997 693 4063 per
710 3986 967 4062 sacramentum,
993 3981 1021 4044 si
1038 3975 1162 4062 aliquid
1178 3975 1272 4042 vobis
1297 3973 1403 4038 deerit
1419 3973 1463 4038 ad

333 4085 782 4171 complementumpecuuiae,
801 4105 898 4170 quam
915 4086 1038 4152 habere
1054 4084 1179 4151 debetis
1190 4080 1463 4150 secundumordi-

333 4213 407 4259 ncm
424 4195 691 4279 suprascriptum,
719 4195 805 4276 quod
821 4195 885 4280 ipsi
901 4195 1043 4262 debeant
1057 4195 1152 4262 vobis
1168 4191 1359 4278 adimplere,
1377 4192 1463 4274 quio-

336 4301 415 4386 quid
431 4301 536 4368 deerit
551 4301 656 4385 vobis,
673 4300 702 4366 si
719 4301 840 4367 reditus
857 4302 898 4367 de
915 4307 1045 4368 moneta
1060 4299 1286 4381 incutiamus,
1303 4303 1336 4362 et
1352 4297 1463 4362 dicere

333 4409 503 4477 veritatem
518 4428 577 4494 per
593 4427 686 4474 suum
702 4415 958 4494 sacramentum,
986 4414 1140 4493 quantum
1157 4405 1250 4473 vobis
1277 4405 1392 4470 datum
1409 4403 1464 4468 ha-

335 4517 482 4598 buerint,
508 4514 659 4581 similiter
674 4515 745 4581 siue
760 4515 884 4582 fraude.
911 4515 1050 4594 Quodsi
1067 4533 1127 4579 nec
1152 4513 1193 4578 de
1208 4512 1342 4578 introitu
1372 4511 1465 4592 salis,

334 4646 394 4696 uec
410 4627 450 4698 de
474 4627 603 4693 moneta
618 4625 728 4712 pacati
754 4626 862 4712 eritis,
889 4627 977 4694 omui
1002 4643 1087 4692 anno
1114 4621 1290 4689 secundum
1313 4619 1462 4688 ordinem
