3218 5192
834 353 992 454 gro-

351 547 410 614 alii
426 547 516 614 anuli
532 547 622 614 aurei
637 567 709 614 cunr
726 549 863 634 gemmis
872 601 881 634 ,
899 551 1035 636 rubinis,
1064 558 1097 617 et
1113 545 1171 620 alii
1186 559 1253 620 tres
1269 555 1322 621 vel
1340 563 1480 641 quatuor

351 676 423 723 oum
440 657 515 723 aliis
531 659 678 741 gemmis,
704 659 767 724 tria
783 659 918 725 monilia
936 659 1016 746 auri,
1033 679 1161 744 gemme
1180 663 1329 746 quedam.
1355 665 1480 730 Sanda-

351 763 397 829 lia
412 765 456 830 ad
472 783 555 850 opus
571 765 693 830 domini
710 767 816 852 Papa,
834 767 898 832 ista
915 767 1024 833 omnia
1040 770 1195 834 valebant
1211 770 1298 836 ultra
1313 771 1478 837 sexdecim

350 891 479 939 mareas
495 872 634 958 argenti,
650 879 760 959 elego
776 894 841 940 uon
859 882 1030 960 computo,
1059 875 1122 942 nisi
1139 897 1199 963 pro
1218 877 1391 944 duodecim
1407 899 1479 944 sun-

258 1025 262 1028 -
350 981 462 1047 datum
477 1001 585 1048 uuum.
611 983 713 1049 Musei
729 981 797 1049 lere
814 985 910 1049 nnoia
921 1033 930 1066 ,
957 983 1034 1051 lieet
1048 985 1122 1071 plus
1139 985 1280 1070 valeret,
1305 1006 1368 1072 ego
1395 1008 1478 1054 oom-

310 1177 314 1184 ‚
349 1095 428 1176 puto
453 1109 526 1157 eam
551 1089 634 1157 duas
650 1111 788 1158 mareas.
813 1092 942 1158 Tiriaoo
966 1092 1052 1158 libra
1070 1113 1154 1176 uua,
1179 1094 1273 1160 serioi
1297 1096 1368 1161 albi
1394 1096 1478 1162 libra

349 1217 434 1284 uua,
462 1199 521 1264 heo
537 1197 601 1264 duo
621 1199 731 1266 valent
755 1219 897 1266 maroam
924 1199 1062 1282 argenti.
1088 1201 1250 1267 Zonarum
1276 1203 1478 1269 braooalium
1581 1267 1592 1283 ,

348 1307 569 1374 reteoellarum
585 1307 626 1374 de
642 1308 739 1395 opere
755 1309 973 1394 Salernitano,
988 1311 1072 1375 siout
1087 1310 1183 1375 oredo
1200 1310 1383 1396 plusquam
1399 1311 1477 1379 duo-

349 1413 441 1499 deno,
465 1421 498 1480 et
513 1433 578 1480 uua
593 1433 676 1481 zoua
692 1415 732 1480 de
749 1435 847 1500 opere
864 1416 1044 1482 Pessulano
1061 1416 1132 1480 sine
1146 1415 1256 1500 fibula,
1282 1435 1346 1499 que
1366 1419 1478 1484 omnia

347 1524 459 1590 valent
473 1522 548 1608 plus
558 1541 668 1588 maroa
684 1522 820 1604 argenti.
836 1523 899 1587 Sex
915 1521 1037 1588 onltelli
1054 1543 1118 1589 uno
1135 1523 1275 1608 vaginis,
1292 1533 1364 1591 ooto
1379 1526 1477 1611 paria

347 1630 570 1711 oiroteoarum,
588 1627 652 1694 duo
663 1629 812 1713 uorrigie,
830 1647 977 1695 unacum
987 1629 1088 1694 fibula
1098 1637 1131 1696 et
1143 1629 1317 1697 bracteolis
1334 1631 1476 1714 argenti,

346 1745 379 1805 et
395 1737 462 1802 alia
477 1755 549 1802 oum
565 1736 665 1802 fibula
681 1736 722 1802 de
739 1736 880 1803 orioaloo
896 1735 984 1802 laeta
1000 1737 1041 1803 de
1057 1737 1212 1821 esmaldo,
1232 1757 1331 1804 nuoes
1352 1757 1476 1804 musea

347 1853 397 1930 te,
423 1843 576 1928 garioioli
601 1849 633 1910 et
648 1845 713 1910 alie
738 1845 865 1930 speeies
892 1851 923 1910 et
939 1847 1079 1930 quinque
1105 1865 1224 1932 mappa
1248 1865 1378 1930 mense,
1409 1846 1478 1911 ista

347 1955 456 2024 omnia
471 1953 626 2020 valebant
641 1953 728 2020 ultra
743 1973 886 2020 maroam
902 1973 1009 2020 uuam.
1034 1956 1140 2041 Supra
1155 1991 1199 2002 -
1215 1993 1259 2002 -
1274 1993 1318 2002 —
1334 1993 1377 2002 -
1393 1977 1414 2020 a
1431 1955 1477 2021 de

242 2052 247 2060 ’
345 2063 532 2131 booherana
547 2063 642 2145 larga
658 2067 692 2126 et
707 2081 803 2128 nova.
826 2061 1016 2128 Mantellum
1033 2063 1073 2129 de
1089 2063 1224 2128 bumete
1241 2083 1313 2130 oum
1329 2063 1475 2148 pellibus

346 2171 387 2238 de
404 2168 543 2254 oonillis,
560 2188 644 2254 capa
663 2167 703 2234 (le
720 2169 855 2235 borneto
872 2187 944 2235 oum
959 2170 1101 2256 pellibus
1118 2171 1159 2236 (le
1176 2171 1292 2236 ovibus
1302 2221 1311 2255 ,
1336 2172 1475 2236 mantel·

344 2280 410 2344 lum
427 2276 469 2342 de
480 2257 619 2342 burnato
635 2274 706 2340 siue
722 2274 883 2360 pellibus,
907 2275 1016 2342 tuuioa
1032 2281 1064 2342 et
1081 2275 1144 2343 duo
1160 2276 1256 2362 paria
1279 2277 1474 2363 caligarum,

344 2385 499 2452 valebant
514 2383 600 2449 ultra
623 2390 690 2448 tres
707 2403 833 2450 mareas
849 2383 986 2468 argenti.
1015 2383 1161 2460 Quatuor
1180 2384 1369 2450 linteamina
1393 2386 1474 2452 leoti

344 2491 538 2578 aurioulare,
555 2489 618 2558 duo
634 2491 730 2576 paria
745 2491 908 2576 hosarum,
926 2490 989 2557 due
1006 2491 1101 2576 male,
1121 2491 1249 2576 refaoie,
1267 2491 1361 2577 ferra,
1372 2527 1474 2541 --

344 2637 389 2649 -—
404 2637 448 2648 -
464 2600 529 2664 —i
544 2601 681 2666 martale
697 2637 740 2646 -
756 2637 800 2646 -—
815 2637 859 2646 -
875 2607 907 2667 et
922 2580 1039 2666 ueteris
1058 2600 1202 2686 munita,
1224 2607 1360 2683 quatuor
1375 2600 1474 2687 paria

344 2710 552 2777 oamisiarum
561 2757 571 2791 ,
597 2715 629 2774 et
645 2705 780 2774 totidem
797 2707 1005 2790 braooarum,
1026 2707 1182 2774 camisum
1198 2728 1296 2774 unum
1314 2708 1354 2775 de
1370 2708 1473 2774 fusta-

344 2818 417 2886 uioo
433 2818 527 2902 albo,
554 2821 587 2882 et
610 2815 676 2881 alie
702 2835 754 2880 res
770 2817 900 2900 pluteo,
926 2813 1100 2898 dequibus
1122 2835 1186 2882 nou
1210 2815 1379 2901 reoordor;
1405 2833 1470 2899 qne

344 2927 462 3011 omnia,
480 2926 508 2991 si
519 2924 659 3012 poterint
669 2923 816 3008 inveniri,
834 2922 1029 3008 reddantur;
1048 2923 1229 3009 sinautem,
1245 2923 1311 2990 sint
1327 2925 1361 2988 in
1376 2941 1470 3008 supe-

343 3035 421 3104 riori
444 3039 606 3118 computo.
638 3030 787 3115 Quinque
812 3033 905 3098 unoie
936 3041 1140 3101 turrenorum
1164 3034 1265 3116 Regis
1292 3031 1402 3099 Sicilie
1434 3037 1470 3096 et

343 3143 501 3229 amplius,
522 3161 584 3226 que
600 3139 755 3206 valebant
770 3147 907 3222 quatuor
924 3160 1060 3208 mareas.
1088 3139 1158 3206 Ista
1174 3160 1238 3207 nou
1258 3139 1363 3207 habeo
1380 3159 1469 3205 reeu-

342 3257 468 3340 perata.
483 3247 684 3334 Recuperavi
701 3247 817 3313 librum
833 3247 986 3316 breviarii
1002 3255 1035 3314 et
1050 3246 1240 3332 psalterium
1252 3266 1361 3330 unum,
1381 3244 1470 3330 quod

341 3359 403 3426 luit
417 3357 544 3443 olerioi,
561 3357 616 3442 qui
634 3375 757 3422 meeum
774 3363 845 3422 erat
860 3356 934 3422 XII.
952 3357 1077 3422 anulos.
1103 3357 1295 3422 Gramatam
1320 3374 1418 3421 unam
1435 3361 1470 3420 et

343 3468 468 3551 aliquot
483 3483 639 3549 gemmas.
663 3461 850 3528 Seinoretus
866 3462 1001 3527 clericus
1027 3462 1082 3546 qui
1100 3481 1224 3528 meeum
1240 3467 1330 3546 erat,
1355 3459 1468 3526 amisit

342 3575 424 3642 duos
438 3573 621 3654 mantellos,
637 3591 735 3636 unum
753 3570 895 3654 irridem,
915 3577 948 3636 et
964 3571 1066 3638 alium
1081 3569 1122 3636 de
1138 3569 1242 3635 bruno
1258 3567 1466 3651 Flandrensi,

342 3683 457 3748 ambos
470 3699 542 3744 oum
555 3678 696 3763 pellibus
713 3679 924 3761 ouniouliuis,
952 3697 1069 3763 oapam
1085 3678 1213 3761 nigram
1235 3695 1306 3740 oum
1322 3674 1466 3759 pellibus

343 3785 492 3872 agninis,
517 3783 708 3850 linteamina
723 3783 816 3868 leoti,
843 3783 974 3850 etaient
997 3784 1129 3850 firmiter
1154 3781 1376 3864 asseverabat,
1404 3781 1466 3846 XV

342 3891 542 3963 marbotiuos
558 3898 589 3960 et
604 3911 721 3959 novem
737 3891 851 3960 obolos
867 3891 1101 3976 masmutinos,
1125 3891 1293 3974 camisum,
1309 3886 1465 3956 camisias

342 4013 374 4076 et
389 4006 537 4088 braooas,
553 4009 585 4068 et
599 4002 684 4069 alias
699 4021 751 4069 res
768 4003 888 4090 plures.

447 4115 468 4181 J
471 4112 612 4180 ordanus
627 4111 844 4194 oamerlinguu
854 4129 945 4178 meus
961 4107 1161 4195 mantellum,
1178 4107 1330 4178 denarios
1340 4115 1374 4175 et
1389 4126 1465 4194 que

340 4223 417 4291 dam
432 4221 501 4289 alia
515 4219 637 4288 ibidem
654 4219 774 4287 amisit·

446 4365 491 4380 ·-
505 4365 550 4379 -
566 4363 611 4378 -
626 4329 696 4396 eius
711 4327 843 4414 quidem
859 4334 910 4396 est
924 4324 1117 4396 oondlotum.

377 4531 504 4600 (Carrara
513 4529 641 4602 Fereuou,
654 4527 782 4590 archivio
791 4527 946 4601 Capitolare
955 4527 982 4582 ui
992 4525 1112 4599 Spalato,
1126 4524 1238 4597 spalato
1249 4522 1327 4578 lau.
1341 4522 1384 4574 69.
1398 4517 1427 4592 l.)

835 4723 1025 4736 uum·
