3200 5182
651 891 726 958 264.

168 1068 214 1132 II.
233 1066 343 1132 Errdre
359 1067 532 1155 kirdlynak
551 1071 728 1158 adorndnya
745 1071 879 1158 Gerpelp
896 1075 926 1135 e's
943 1073 1052 1136 Istoda
1068 1074 1204 1137 comeaele

552 1180 708 1242 szdmctra.
724 1179 820 1242 1223.
890 1193 894 1202 “

217 1372 254 1437 In
265 1369 394 1438 nomine
403 1373 522 1439 Sancte
532 1373 701 1441 Trinitatis
713 1380 745 1440 et
755 1374 927 1441 Indiuidue
939 1375 1091 1442 Unitatis.
1104 1375 1251 1442 Andreas
1372 1463 1375 1470 Ι

120 1477 187 1542 Dei
203 1477 316 1561 gracia
331 1476 509 1564 Hungarie‚
527 1480 707 1564 Dalmaeie‚
720 1480 864 1563 Oroacie,
885 1483 997 1565 Rame,
1015 1480 1139 1564 Seruis,
1152 1483 1251 1548 Galli-

121 1583 176 1650 cie
191 1583 446 1672 hodomerieque
462 1589 532 1654 Rex
543 1587 576 1652 in
599 1595 798 1674 perpetuum.
817 1587 897 1653 (ium
913 1609 952 1654 ex
969 1588 1070 1672 chie
1082 1589 1251 1672 dignitatis

121 1691 231 1759 officio
246 1699 415 1760 teneamur
431 1695 538 1761 metiri
554 1695 669 1761 merita
685 1695 895 1779 singulorum,
913 1703 944 1761 et
956 1695 1070 1779 cuique
1086 1717 1145 1780 pro
1158 1698 1252 1762 meri-

122 1807 231 1868 torum
242 1802 637 1890 exigenoiarespondere;
654 1803 774 1870 iustum
791 1809 883 1868 estet
899 1803 1023 1870 racioni
1039 1811 1249 1870 cousentane-

121 1929 189 1992 um,
206 1913 240 1974 vt
255 1909 401 1978 infideles
413 1917 445 1976 et
461 1911 642 1995 iniquitatis
653 1917 833 1978 sectatores
848 1911 1004 1978 radicitus
1021 1910 1201 1976 euellamus
1219 1919 1252 1976 et

121 2016 370 2102 disperdamus;
397 2019 500 2086 bonos
524 2041 600 2086 vero
617 2025 648 2085 et
669 2018 821 2102 equitatis
839 2025 1012 2104 amatores,
1039 2018 1093 2101 qui
1112 2017 1251 2082 fideliter

123 2123 170 2188 ad
186 2123 359 2190 utilitatem
374 2126 477 2208 Regie
493 2127 629 2209 Corone,
646 2133 679 2191 et
696 2126 799 2211 Regni
816 2125 1018 2193 commodum
1034 2145 1070 2191 se
1087 2133 1248 2208 exercent,

123 2230 275 2297 munifice
291 2231 385 2298 donis
402 2233 555 2301 decorare
573 2256 636 2300 non
652 2241 898 2320 postponamus.
925 2233 1009 2298 Hinc
1025 2241 1084 2317 est,
1103 2233 1190 2317 quod
1208 2232 1250 2297 ad

123 2339 351 2407 uniuersorum
368 2342 521 2408 noticiam
539 2343 742 2428 presencium
759 2349 791 2408 et
801 2348 1003 2427 posterorum
1015 2342 1164 2409 uolumus
1181 2361 1249 2426 per-

124 2447 255 2533 uenire5
281 2449 366 2532 quod
390 2451 522 2534 cognita
545 2449 736 2516 infidelitate
756 2449 946 2534 jobagionis
972 2449 1072 2516 nostri
1097 2448 1250 2516 Domaldi

125 2553 168 2620 de
184 2552 354 2640 Othonem,
372 2578 469 2640 quam
485 2566 597 2624 contra
613 2559 750 2643 Regiam
767 2557 927 2626 Coronam
944 2563 1158 2644 perpetrarat,
1176 2577 1252 2624 eon·

125 2661 200 2726 silio
217 2663 359 2728 omnium
370 2666 584 2750 jobagionum
601 2675 800 2749 nostrorum,
828 2665 990 2750 quandam
1009 2667 1250 2750 possessionem

125 2791 230 2855 suam,
257 2791 319 2856 que
336 2773 451 2859 incipit
467 2775 509 2840 ab
526 2795 613 2858 aqua
629 2776 741 2860 Gerra,
769 2775 970 2840 descendens
988 2773 1031 2838 ad
1048 2791 1136 2838 mare
1162 2770 1251 2835 uenit

125 2897 230 2963 usque
245 2880 364 2966 Zadur,
382 2882 533 2948 fidelibus
551 2882 730 2948 Comitibus
757 2881 876 2948 nostris
894 2879 1053 2963 Gregorio
1070 2884 1103 2946 et
1119 2875 1253 2966 Stepha-

126 3007 180 3070 no,
198 2993 230 3052 et
245 2987 398 3056 fratribus
415 2990 599 3076 eorundem,
628 2995 759 3075 propter
775 2988 946 3054 indecidue
971 2985 1138 3051 fidelitatis
1163 2984 1252 3051 obse-

128 3095 207 3178 quia
232 3095 385 3181 ipsorum,
411 3118 473 3182 que
497 3097 590 3164 nobis
615 3097 833 3163 indesinenter
857 3101 889 3159 et
913 3091 1076 3158 indefesse
1101 3089 1254 3156 exhibue-

129 3209 222 3286 runt;
240 3203 541 3290 maximequoniam
554 3207 625 3290 jam
642 3205 747 3270 dictus
764 3201 946 3269 DomaIdus
957 3199 1253 3287 prenominatorum

126 3308 270 3375 fidelium
287 3319 469 3380 nostrorum
486 3312 635 3396 Gregorij
652 3319 683 3377 et
698 3311 856 3396 Stephani
872 3317 1003 3392 terram,
1028 3306 1150 3372 ririhus
1167 3313 1253 3371 exte-

127 3437 237 3484 rorum
254 3419 438 3505 Regnorum
462 3421 635 3505 requisitis,
663 3419 803 3484 adducto
828 3417 971 3483 exercitu
998 3415 1194 3497 deuastauit,
1220 3414 1254 3478 in

127 3529 467 3613 recompensacionem
483 3533 644 3594 tantorum
665 3526 862 3608 meritorum,
881 3525 973 3610 ipsis,
990 3529 1022 3588 et
1038 3542 1098 3606 per
1114 3539 1169 3586 eos
1186 3521 1254 3584 suis

126 3633 300 3702 heredibus
316 3642 349 3701 et
364 3636 519 3702 heredum
536 3634 779 3701 successoribus
795 3632 865 3698 iure
881 3638 1036 3717 perpetuo
1059 3628 1254 3696 contulimus

129 3742 380 3828 possidendam
398 3764 496 3828 quam
513 3742 787 3827 sepenominatus
798 3741 838 3804 D.
856 3747 888 3805 et
906 3737 1037 3822 cognati
1049 3735 1194 3802 eiusdem
1211 3736 1253 3801 ab

128 3870 193 3916 auo
209 3871 268 3918 suo
298 3871 374 3918 ceco
392 3852 539 3937 Zoloyna
564 3849 790 3930 obtinuerunt,
817 3845 1058 3911 introducentes
1084 3847 1174 3929 ipsos
1197 3863 1255 3927 per

127 3957 257 4025 fidelem
284 3969 429 4027 nostrum
447 3958 642 4040 Gregorium
669 3956 768 4021 tilium
785 3953 913 4020 Jaduch
930 3951 1064 4016 Comitis
1082 3951 1115 4014 in
1132 3948 1254 4033 predic-

127 4071 196 4130 tam
211 4069 462 4151 possessionem.
490 4067 534 4133 Ut
550 4073 659 4132 autern
675 4065 734 4130 hec
752 4084 772 4127 a
788 4059 986 4128 nobis-tacta
1006 4057 1143 4124 donacio
1159 4056 1255 4120 salua

128 4193 259 4259 semper
275 4181 306 4240 et
322 4176 517 4242 inconcussa
533 4177 734 4259 permaneat,
764 4174 948 4256 presentem
964 4162 1185 4230 concessimus
1201 4181 1256 4245 pa·

128 4281 240 4364 ginam
266 4282 367 4367 sigilli
384 4284 486 4350 nostri
512 4280 685 4346 munimine
702 4278 736 4344 in
752 4281 944 4363 perpetuum
968 4271 1166 4338 roboratam.
1191 4267 1257 4331 Da-

128 4395 195 4454 tum
213 4409 272 4473 per
289 4410 403 4456 manus
417 4388 500 4454 Cleti
516 4387 590 4452 aule
605 4392 715 4452 nostre
732 4381 931 4464 Cancellarij
948 4385 980 4445 et
996 4376 1166 4460 Agriensis
1183 4373 1256 4437 Pre-

129 4497 239 4583 positi,
256 4517 342 4564 anno
359 4497 451 4563 uerbi
475 4493 634 4562 incarnati
651 4489 826 4558 millesimo
843 4486 995 4554 OO⁰XX⁰
1008 4482 1120 4548 tercio.
1147 4479 1255 4544 Eccle-

129 4615 179 4680 sia
196 4606 414 4691 strigoniensi
439 4608 587 4684 vacante,
605 4597 795 4666 Reuerendo
812 4595 934 4678 Vgrino
959 4585 1129 4658 Colocensi
1148 4583 1257 4666 Archi-

1036 4707 1094 4762 27*
