3218 5192
836 311 993 425 *aa*

349 523 565 608 consequatur
589 513 856 587 maledictionem.
890 519 931 584 Et
957 516 1175 586 molendinum
1199 535 1284 602 quae
1308 523 1359 584 est
1383 511 1474 586 intra

348 629 493 714 ipsorum
516 627 675 693 simihter.

456 736 526 820 Ego
542 734 732 804 Theodorus
757 736 932 824 Presbyter
947 744 980 804 et
1003 737 1171 804 Ecclesiae
1194 717 1305 804 Sancti
1329 738 1475 822 Domnii,

349 853 381 912 et
397 845 543 930 ejusdem
565 847 667 932 Regis
682 847 903 913 cancellarius
919 848 1054 933 scripsi,
1081 855 1114 916 ct
1128 867 1200 914 sum
1220 845 1314 914 testis
1339 845 1474 913 ibidem.

582 1026 705 1093 (Farleti,
719 1028 857 1094 Illyricum
871 1029 992 1092 sacrum,
1005 1030 1057 1081 111.
1071 1029 1127 1084 not
1140 1031 1189 1081 155
1203 1029 1232 1095 l.)

779 1313 1041 1326 ——n———uu—

889 1871 944 1939 29.

351 2051 485 2117 Ldriuca
514 2051 654 2137 epulatoi
677 2050 764 2115 drach
795 2053 826 2114 6⁸
850 2074 890 2116 cz
919 2053 1019 2117 ottoni
1043 2053 1152 2116 coroa·
1173 2051 1302 2138 kuatp,
1333 2076 1355 2116 a
1380 2065 1482 2118 azont-

351 2159 473 2223 Istocinc'
497 2157 698 2243 apdtsctpualc
713 2180 734 2222 a
751 2157 906 2222 odroebuu
931 2157 1075 2245 dr'zonyoc
1090 2157 1257 2245 helpisdpct
1273 2161 1481 2245 dteupedueb

868 2267 964 2331 1085.

457 2460 496 2526 ln
512 2461 640 2528 nomine
656 2462 795 2528 Sanctae
811 2469 843 2528 et
859 2461 1050 2528 Indiuiduae
1060 2461 1241 2528 Trinitatis.
1262 2463 1356 2530 Anno
1369 2463 1483 2529 Incar-

351 2569 492 2636 nationis
508 2569 698 2635 Dominicae
717 2571 812 2636 1085.
829 2571 1009 2636 Indictione
1025 2570 1173 2656 septima.
1195 2573 1265 2655 Ego
1281 2572 1483 2637 Laurentius

351 2677 411 2742 Dei
430 2678 539 2762 gratia
554 2674 865 2764 (Archifflpiscopus
881 2676 1087 2763 Spalatensis
1106 2697 1259 2743 unacum
1276 2678 1395 2763 Valiga
1413 2679 1484 2743 Pri-

352 2805 417 2869 ore,
444 2786 556 2868 Clero,
583 2793 615 2850 et
630 2787 778 2851 universo
802 2787 943 2872 populo,
968 2787 1114 2853 Dabrum
1133 2786 1294 2852 Abbatem
1321 2786 1485 2853 coenobii

352 2893 463 2958 Sancti
480 2893 638 2977 Stephani
653 2895 905 2976 Protomartyris
924 2901 1018 2959 extra
1034 2894 1156 2978 urbem,
1182 2913 1254 2958 cum
1271 2895 1342 2978 ipse
1359 2894 1483 2976 atejus

351 3001 502 3066 monachi
519 3001 659 3086 expositi
675 3006 783 3066 essent
799 3001 1036 3068 incursionibus
1053 3003 1236 3086 hostilibus,
1263 3003 1351 3068 omni
1367 3020 1430 3085 ope
1446 3008 1484 3066 et

352 3109 487 3175 consilio
509 3109 689 3192 juvandum
714 3129 787 3174 esse
813 3113 1008 3177 censuimus.
1035 3111 1149 3194 Itaque
1165 3109 1206 3176 de
1228 3109 1389 3176 communi
1406 3129 1484 3173 con-

353 3237 452 3284 sensu
469 3219 678 3283 constitutum
694 3225 752 3301 est,
780 3224 814 3283 ut
830 3218 935 3284 eidem
951 3217 1132 3284 traderetur
1155 3217 1246 3283 locus
1260 3217 1392 3300 qnidam
1407 3235 1484 3302 pro-

352 3327 458 3392 ximus
474 3325 594 3410 templo
610 3326 721 3391 Sancti
737 3325 925 3408 Michaelis,
952 3325 1037 3392 unde
1052 3325 1107 3392 via
1123 3323 1232 3390 estad
1258 3323 1387 3390 moenia
1404 3323 1485 3388 civi-

352 3434 430 3501 tatis
456 3452 610 3516 oramque
636 3434 851 3516 maritimam,
876 3434 1009 3518 insuper
1032 3431 1214 3498 Ecclesiam
1239 3432 1347 3516 ipsam
1372 3429 1484 3496 eidem

353 3542 485 3606 daturos
502 3561 560 3606 nos
576 3559 650 3606 csse
665 3541 802 3625 polliciti
819 3561 940 3625 sumus,
958 3547 989 3606 ct
1005 3539 1134 3623 quando
1151 3538 1216 3624 ipsi
1230 3539 1372 3621 libuerit,
1390 3544 1423 3602 et
1439 3538 1484 3604 iis

353 3647 602 3732 conditionibus,
620 3667 702 3731 quas
719 3651 856 3716 insuam
872 3669 939 3716 rem
956 3669 1029 3716 esse
1040 3649 1249 3734 judicaverit.
1266 3645 1382 3730 Itaque
1393 3645 1484 3712 idem

242 3806 247 3815 .
353 3755 466 3820 Abbas
482 3774 552 3819 curn
570 3756 638 3820 suis
664 3757 830 3823 monachis
846 3760 917 3841 ejus
934 3757 996 3823 loci
1012 3757 1220 3841 possessione
1246 3754 1327 3822 iriita
1337 3805 1345 3837 ,
1372 3753 1485 3837 coepit

353 3862 545 3945 aedificare,
572 3871 605 3928 et
620 3863 769 3931 absoluto
798 3865 946 3931 aedificio
970 3866 1128 3951 palatium
1153 3864 1304 3930 extruxit.
1330 3859 1484 3928 Tandem

353 3969 441 4036 hand
467 3970 575 4036 multis
603 3979 677 4056 post
702 3973 796 4038 annis
821 3971 970 4040 dominus
996 3973 1163 4039 Dabctaus
1189 3973 1307 4037 Rector
1331 3968 1484 4054 ejusdem

353 4079 476 4164 templi,
502 4078 652 4162 idemque
668 4080 745 4146 olim
761 4080 1044 4166 Arcbiepiscopus,
1071 4099 1107 4146 se
1123 4081 1184 4146 hac
1199 4077 1411 4146 Praefectura
1427 4077 1483 4142 ab

354 4187 464 4251 dicare
479 4187 610 4253 omnino
626 4187 802 4270 constitnit,
826 4193 859 4252 et
872 4187 986 4270 templi
1002 4187 1146 4270 regimen
1162 4205 1202 4251 ac
1216 4186 1484 4272 procurationem

354 4293 449 4360 nobis
475 4296 696 4379 renunciavit,
722 4311 848 4376 negans
864 4313 900 4359 se
916 4295 1000 4360 velle
1019 4296 1231 4382 imposterum
1254 4295 1331 4360 huic
1355 4292 1483 4377 templo

354 4403 497 4485 regendo
523 4421 687 4486 praeesse.
719 4401 788 4466 Nos
812 4403 897 4467 hanc
920 4402 1158 4469 abdicationem
1184 4403 1323 4468 libenter
1348 4399 1485 4465 admisi-

355 4527 447 4592 mus,
463 4516 495 4574 et
509 4511 664 4595 templum
680 4507 791 4575 Sancti
807 4509 976 4574 Michaelis
993 4529 1065 4574 curn
1081 4511 1168 4574 omni
1183 4510 1254 4593 ejus
1270 4507 1482 4594 supellectili,

355 4615 459 4706 libris,
488 4617 749 4704 ornamentisque
773 4617 949 4686 detulimus
975 4617 1142 4685 monachis
1160 4619 1307 4706 ejusdem
1331 4614 1485 4686 coenobii
