3164 5192
654 899 729 969 let.

119 1097 182 1162 111.
201 1099 294 1165 lacae
314 1102 406 1186 pdpc
421 1120 442 1162 a
468 1099 609 1182 maletot
633 1099 778 1165 drsekaclc
797 1100 1000 1187 mcplappy‘a,
1027 1103 1105 1190 lepp
1132 1103 1249 1168 Milclds

118 1207 182 1272 uolt
198 1205 315 1273 lariani
329 1208 452 1295 ptlcpblt
462 1205 540 1272 adm
556 1229 575 1271 α
592 1207 791 1273 attestante·
807 1207 921 1275 irtlenc
931 1209 1023 1276 lb'zzd
1037 1220 1132 1296 teppc.
1151 1213 1247 1276 1200.

228 1387 436 1455 Innocentius
452 1387 636 1474 Episcopus
661 1405 775 1453 seruus
799 1406 967 1455 seruorum
984 1389 1046 1454 Dei
1069 1387 1247 1455 venerabili

120 1494 214 1559 fratri
234 1549 240 1562 .
260 1544 267 1558 .
287 1545 293 1559 .
311 1495 566 1580 Archiepiscopo
591 1493 778 1578 spalatensi
805 1494 944 1562 salutem
970 1503 1003 1561 ct
1025 1496 1247 1582 Apostolicam

119 1601 391 1669 benedictionem.
418 1601 467 1666 Ex
486 1607 579 1686 parte
596 1606 654 1666 tua
678 1600 739 1666 tuit
754 1599 787 1665 in
803 1601 969 1667 audientia
994 1607 1107 1669 nostra
1131 1623 1246 1688 propo·

120 1711 240 1792 situm,
267 1709 354 1793 quod
370 1709 526 1776 Nicolans
552 1708 714 1794 quondam
735 1709 888 1775 Fanensis
908 1709 1092 1794 Episcopus
1107 1709 1150 1776 ad
1166 1709 1247 1776 duos

120 1818 344 1905 Episcopatus
360 1816 504 1901 positus,
529 1815 561 1880 in
578 1813 747 1901 provincia
761 1815 947 1900 spalatensi
971 1815 1052 1883 duos
1071 1816 1149 1900 eligi
1172 1815 1248 1882 lecit

120 1925 231 1992 adhuc
246 1925 281 1992 in
298 1923 477 1991 minoribus
494 1922 663 1990 ordinibus
675 1923 876 2008 constitutos,
897 1932 930 1991 ct
946 1925 978 1990 in
989 1924 1161 1992 Jadertina
1177 1944 1248 2011 pro·

120 2033 241 2116 vincia,
268 2038 344 2116 post
359 2031 460 2097 latam
477 2031 509 2096 in
526 2049 599 2096 eum
616 2029 839 2115 suspensionis
856 2031 1071 2114 sententiam,
1090 2031 1248 2116 quosdam

121 2141 163 2210 ad
189 2139 323 2208 ordines
348 2158 412 2204 non
437 2137 565 2203 erubuit
590 2155 789 2222 promovere.
816 2136 896 2204 Cum
922 2139 1020 2223 igitur
1045 2143 1247 2225 contemptus

122 2245 312 2314 huiusmodi
327 2229 467 2329 relinqui
483 2265 548 2312 nou
565 2245 683 2312 debeat
697 2246 893 2330 impunitus,
910 2246 1103 2314 fraternitati
1118 2253 1173 2312 tue
1190 2265 1248 2331 per

121 2351 318 2440 Apostolica
333 2351 457 2436 scripta
472 2351 674 2434 mandamus,
696 2357 854 2436 quatenus
871 2371 937 2436 eos,
962 2375 1042 2437 quos
1058 2355 1090 2420 in
1106 2361 1162 2420 tua
1177 2373 1247 2438 prc-

120 2459 234 2526 viucia
249 2457 359 2526 taliter
375 2457 453 2543 eligi
470 2456 564 2541 iecit,
590 2457 693 2524 donec
708 2455 897 2542 Apostolico
914 2480 949 2527 sc
968 2460 1155 2545 conspectui
1179 2479 1247 2544 pre·

120 2565 293 2650 scutarint,
310 2571 342 2632 ct
357 2565 442 2650 illos,
460 2584 541 2650 quos
558 2565 720 2632 ordinavit
736 2585 923 2652 suspensus,
945 2570 973 2634 si
990 2569 1128 2635 scienter
1144 2588 1164 2633 a
1180 2585 1247 2634 sus·

121 2693 227 2760 penso
243 2670 374 2738 ordines
390 2676 620 2756 susceperunt,
639 2671 741 2740 donee
757 2691 855 2757 super
872 2675 932 2740 hoc
948 2675 1038 2740 aliud
1055 2679 1246 2754 statuamus,

1 2863 2 2866 Ἴ
122 2783 164 2848 ab
181 2777 291 2848 cilicio
302 2783 335 2844 et
351 2777 517 2862 beneficio,
535 2778 663 2846 sublato
680 2779 1162 2867 appellationisimpcdimcutc,
1180 2799 1247 2846 sus·

122 2887 261 2975 pendas.
287 2887 399 2971 Ipsum
414 2893 523 2953 numm
539 2885 710 2952 Nicolaum
726 2891 761 2954 tu
778 2891 810 2952 ct
826 2887 1025 2972 suffraganei
1047 2887 1093 2954 tui
1109 2885 1247 2970 singulis

123 2993 240 3060 diebus
256 2991 438 3059 Dominicis
453 2997 486 3059 et
510 2991 655 3074 lestinis,
681 2993 822 3079 pulsatis
848 2993 1018 3080 campanis
1044 3003 1076 3061 et
1101 2992 1247 3060 candelis

124 3099 283 3182 accensis,
300 3117 358 3184 per
374 3099 557 3166 universam
568 3098 795 3184 spalatensem
813 3099 1013 3185 provinciam
1033 3100 1246 3168 excommuni-

124 3213 232 3273 catum
249 3207 380 3292 publice
396 3207 567 3292 nuntietis,
591 3211 623 3273 et
638 3227 697 3294 per
712 3207 917 3276 dadertiuam
933 3208 1134 3293 prouinciam
1149 3207 1247 3274 lacia-

123 3314 166 3381 tis
182 3313 315 3399 publice
326 3314 484 3398 nunciari,
502 3313 690 3402 adicientes,
707 3314 794 3399 quod
805 3314 869 3381 nisi
885 3315 1057 3401 resipuerit
1067 3313 1152 3380 inira
1163 3333 1246 3378 men-

124 3441 204 3506 sem,
221 3443 286 3489 nou
302 3422 408 3488 solum
425 3441 445 3487 a
460 3421 638 3506 dignitate,
664 3441 775 3489 verum
791 3422 894 3489 eciam
911 3423 954 3489 ab
969 3422 1136 3490 ordinibus
1152 3421 1246 3506 depo-

123 3535 226 3596 netur.
253 3530 374 3596 Datum
390 3529 544 3596 Laterani
559 3527 601 3594 11.
617 3528 696 3596 Idus
714 3529 883 3615 Octobris,
910 3529 1120 3598 Pontificatus
1146 3528 1247 3595 nostri

124 3657 210 3704 auno
225 3635 336 3702 tercio.

123 3835 228 3901 (llignc
242 3871 250 3900 ,
268 3835 421 3886 innocentii
433 3836 485 3888 111.
498 3833 602 3888 Summi
620 3834 759 3886 Pontificis
777 3837 868 3902 Opera
880 3839 902 3888 1.
916 3837 972 3890 lrbt.
992 3839 1053 3890 etc.
1067 3839 1103 3900 l.;
1122 3837 1246 3903 Thcinor,

250 3923 351 3976 Vetera
362 3923 537 3974 Monumenta
550 3923 691 3975 slavorum
703 3925 916 3978 Meridionalinm
930 3929 952 3978 1.
966 3928 1021 3978 lot.
1037 3930 1077 3978 13.
1091 3927 1120 3994 l)

554 4205 820 4220 *—
