3238 5184
594 317 748 415 ..dll-

105 492 187 558 dieti
204 494 314 559 Castri
331 491 372 558 de
399 493 514 560 eadem
531 494 611 559 villa
636 515 730 561 suam
748 513 822 561 esse
839 495 1002 582 dicebant,
1028 506 1060 563 et
1075 498 1108 564 S.
1127 500 1243 568 Comes

105 601 341 668 hereditariam
357 601 419 666 sibi
445 621 518 667 esse
536 603 716 686 asserebat,
743 603 893 670 similiter
920 625 978 688 per
1003 613 1242 674 sacramentum

105 710 224 794 ipsius,
242 711 306 777 sibi
322 715 437 776 eontra
452 709 527 776 illos
545 730 603 796 per
619 709 740 776 dictum
757 711 793 776 B.
811 711 935 794 Regem
951 712 1014 778 fuit
1033 713 1240 800 adiudicata;

104 818 193 901 qnod
211 819 340 883 Mortun
366 817 407 883 de
423 817 520 883 dietis
538 817 769 902 iobagionibus
795 839 854 902 pro
872 837 907 884 se
923 825 956 884 et
970 841 1030 905 pro
1046 821 1116 886 suis
1140 822 1240 888 sociis

104 945 218 992 coram
233 925 328 993 nobis
345 927 538 993 constitutus
554 925 600 991 ita
616 945 689 992 esse
705 925 875 1011 professus
891 933 951 992 est.
969 925 1052 993 Item
1069 929 1241 1015 proposuit

104 1033 299 1120 pristaldos,
316 1033 402 1117 quod
418 1039 507 1098 terra
522 1032 565 1098 ad
581 1053 679 1098 unum
689 1027 838 1098 'aratrum
854 1031 980 1098 invilla
996 1034 1119 1121 Teyed,
1140 1057 1240 1122 super

105 1161 174 1225 qua
189 1140 269 1209 dicti
285 1142 392 1209 Gastri
408 1141 600 1226 iobagiones
613 1141 645 1206 S.
659 1141 816 1208 Comitem
833 1141 1044 1226 impetebant,
1061 1163 1135 1208 cum
1152 1142 1240 1210 idem

104 1250 225 1316 Comes
254 1250 500 1317 euidentissima
524 1249 721 1335 probatione
747 1267 841 1314 suam
866 1268 940 1314 esse
971 1249 1238 1336 demonstrasset,

104 1357 260 1426 dominus
276 1358 346 1422 Rex
361 1359 497 1425 eandem
523 1365 643 1425 terram
659 1358 722 1424 sibi
746 1357 817 1423 sine
834 1366 1038 1426 sacramento
1063 1359 1168 1445 ipsius
1184 1358 1239 1425 ad-

103 1465 285 1550 iudicauit;
313 1464 399 1550 quod
416 1465 554 1552 predicti
571 1465 678 1532 Castri
702 1465 905 1550 iobagiones,
932 1467 987 1549 qui
1003 1486 1062 1552 pro
1080 1487 1116 1532 se
1132 1474 1164 1533 et
1179 1487 1238 1552 pro
1269 1491 1272 1496 ·

105 1574 175 1639 suis
186 1573 286 1640 sociis
298 1579 515 1658 accesserant,
533 1575 580 1640 ita
591 1579 895 1640 esseasseruerunt.
913 1573 963 1639 Ne
973 1574 1073 1656 igitur
1083 1593 1237 1660 processu

105 1681 264 1766 temporis
281 1703 379 1768 super
404 1682 466 1766 bys
483 1688 598 1749 eontra
613 1681 646 1746 S.
665 1681 822 1748 Comitem
849 1701 907 1766 per
923 1681 1068 1767 prefatos
1094 1681 1237 1764 iobagio-

103 1811 163 1855 nes
181 1791 234 1855 uel
250 1811 360 1857 eorum
377 1809 581 1856 successores
598 1789 786 1874 calumpnia
802 1789 906 1874 possit
923 1789 1073 1872 suboriri,
1098 1789 1141 1853 ad
1157 1791 1236 1874 peti-

103 1901 232 1966 cionem
242 1901 276 1966 S.
284 1898 428 1984 Comitis,
440 1905 472 1964 et
482 1898 644 1984 pristaldi‚
656 1919 695 1964 ac
705 1897 864 1965 dictorum
876 1899 1096 1983 iobagionum,
1109 1897 1235 1963 litteras

104 2007 213 2076 eidem
229 2009 261 2074 S.
280 2007 398 2074 Comiti
423 2007 645 2072 concessimus
662 2005 899 2072 testimoniales
925 2005 1027 2090 sigilli
1051 2007 1152 2071 nostri
1171 2026 1236 2071 mu-

104 2115 229 2183 nimine
245 2115 426 2182 roboratas.
444 2113 539 2180 Anno
551 2113 592 2178 ab
603 2113 837 2179 Incarnacione
847 2113 980 2181 Domini
997 2111 1235 2178 M⁰CC⁰XXX⁰

105 2223 221 2308 primo.
249 2225 370 2290 Datum
386 2243 446 2308 per
461 2241 575 2288 manus
601 2221 752 2305 Magistri
768 2219 922 2286 Richardi
946 2219 1091 2286 Leotoris
1115 2217 1234 2302 Strigo-

103 2333 238 2399 niensis.

160 2531 298 2596 (Ercdetie
313 2528 486 2599 bdrhdrtydm
501 2533 615 2596 aldggb'
628 2529 720 2597 peesdt
733 2530 869 2591 elveszett,
890 2545 906 2581 a
919 2529 1002 2580 budai
1015 2528 1041 2578 k.
1055 2529 1179 2578 kamarai

579 2617 769 2685 levdltdrban.)

536 2905 806 2920 ——n-ss

624 3353 702 3422 alu.

102 3539 148 3603 ΙΙ.
167 3539 274 3604 Ertdre
290 3537 398 3622 kiru'lp
418 3535 646 3620 privilegiatae
664 3535 760 3600 Belua
780 3533 901 3619 belysc‘p
917 3529 1232 3616 birlolrur'szonyur'rdl

356 3642 473 3726 Fandre,
491 3643 565 3706 Kun
573 3641 689 3725 fiduuk
705 3645 861 3706 azcimu'ra.
883 3642 979 3704 1232.

212 3844 250 3908 In
266 3842 397 3908 nomine
421 3841 540 3907 Sancte
555 3839 726 3904 Trinitatis
753 3845 785 3904 et
800 3835 973 3904 Indiuidua
993 3836 1143 3903 Vnitatis.
1169 3837 1231 3902 An-

103 3952 201 4017 dreas
217 3950 280 4016 Dei
296 3951 408 4035 gracia
424 3949 602 4034 Hungarie
619 3948 799 4033 Dalmacie,
815 3945 960 4029 Croaeie,
977 3947 1090 4027 Rama,
1107 3945 1229 4028 Seruis,

103 4057 253 4144 Gallicie,
271 4056 527 4142 Lodomerieque
541 4059 611 4123 Rex
627 4055 659 4120 in
673 4059 874 4140 perpetuum.
895 4050 1057 4129 Quoniam
1074 4050 1134 4115 sub
1150 4051 1230 4115 ueri-

104 4168 182 4235 tatis
197 4167 300 4251 tytulo
321 4163 515 4251 quandoque
530 4163 684 4231 salsitatis
701 4161 847 4246 subrepit
862 4157 1044 4241 cauillacio,
1071 4155 1117 4222 rei
1139 4162 1231 4242 geste

103 4276 221 4342 seriem
233 4275 399 4341 hominum
415 4271 529 4339 didicit
544 4271 755 4359 prouidenoia
764 4270 945 4336 litterarum
962 4264 1147 4332 testimonio
1159 4285 1231 4338 con-

102 4386 243 4452 firmare.
270 4382 322 4447 Ad
347 4383 570 4450 uniuersorum
595 4402 672 4467 ergo
692 4379 847 4449 noticiam
873 4377 1021 4443 volumus
1047 4373 1228 4460 peruenire,

104 4492 190 4578 quod
201 4491 350 4558 Andreas
366 4493 450 4560 filius
463 4490 543 4577 Oun,
560 4491 687 4558 aPetro
703 4489 769 4555 lilio
781 4486 879 4572 Kayl,
897 4492 929 4551 et
938 4480 1109 4569 Proposito
1126 4481 1229 4548 Duns·

101 4603 146 4688 la,
163 4606 196 4669 et
212 4599 335 4669 Gemite
351 4599 501 4686 Kamiuo,
523 4617 684 4668 consensu
705 4615 837 4665 suorum
853 4593 1001 4676 fratrum,
1020 4591 1040 4657 J
1043 4591 1168 4657 ohanne
1184 4589 1229 4655 vi·
