3200 5182
629 335 779 434 A

136 553 223 617 rens,
241 551 277 599 se
292 533 406 620 pocius
425 531 518 598 iuxta
533 529 800 597 consuetudinem
820 532 924 616 Regni
940 531 1135 598 confinitatis
1150 534 1265 616 gracia

137 641 260 708 debere
277 659 384 708 emere
400 659 498 722 quam
514 640 716 724 Johannem3
736 645 769 704 et
784 638 959 724 quiaidem
978 640 1145 706 lohannes
1161 639 1264 705 inimi-

138 769 196 816 cus
213 746 283 815 eius
299 755 386 814 esset
402 768 423 813 a
437 754 583 833 tempore
599 767 734 813 auorum
751 767 890 830 suorum,
915 768 954 813 eo
969 746 1056 830 quod
1072 767 1154 814 auus
1169 747 1265 813 Pauli

137 879 237 924 auum
262 857 422 924 Jobannis
449 856 641 939 occidisset,
668 854 743 922 ideo
768 876 833 924 non
862 853 981 922 debere
1006 877 1042 923 se
1067 856 1263 942 participare

137 987 211 1033 cum
227 965 294 1031 illo.
322 965 527 1051 Quapropter
551 965 657 1030 visum
673 971 722 1029 est
749 971 858 1030 nostre
873 965 976 1047 Regie
998 964 1215 1049 Magnitudini
1231 971 1264 1032 et

135 1075 213 1143 aliis
226 1073 459 1158 jobagionibus
475 1074 580 1156 Regni
597 1073 709 1156 nostri,
736 1071 824 1156 quod
846 1072 968 1138 Paulus
994 1072 1107 1158 pocius
1131 1072 1263 1140 deberet

135 1203 255 1268 emere,
282 1202 379 1266 quam
396 1181 572 1250 Johannes.
591 1179 684 1246 Vnde
703 1179 788 1246 idem
805 1181 926 1246 Paulus
953 1181 1197 1248 estimacionem
1214 1201 1261 1246 re-

134 1293 230 1360 sidue
241 1299 337 1376 terre,
349 1289 603 1373 scilicethyk,
614 1290 736 1374 etBan,
753 1291 918 1356 ctRnrc-os
929 1311 987 1374 pro
997 1291 1144 1374 Perelrw,
1161 1291 1263 1357 Ranlv

135 1407 170 1468 et
185 1399 367 1466 Laurencio
384 1404 512 1464 eentum
538 1396 777 1482 quinquaginta
794 1418 851 1464 sex
868 1417 998 1463 marcas
1022 1419 1130 1464 coram
1146 1418 1262 1466 memo-

134 1513 218 1577 ratis
233 1506 402 1592 Proposito
420 1513 453 1572 et
468 1504 621 1591 Capitulo
647 1505 1027 1590 Quinque-Ecclesiensis
1048 1507 1194 1574 Ecclesia
1209 1508 1262 1574 Jo-

133 1618 236 1684 hanni
252 1617 318 1683 lilio
337 1613 542 1682 Constantini
558 1613 591 1678 in
607 1614 760 1679 Ecclesia
777 1614 871 1679 Beati
887 1614 974 1680 Petri
990 1615 1261 1698 Quinque-Eccle-

134 1729 194 1794 siis
211 1728 244 1792 in
261 1725 363 1791 tribus
389 1723 536 1791 terminis
563 1723 740 1809 percoluit,
767 1725 871 1808 primo
886 1725 1023 1791 termino
1049 1725 1082 1789 in
1098 1724 1181 1792 festo
1205 1726 1261 1790 Be·

134 1837 182 1904 ati
204 1835 337 1920 Georgij
354 1835 531 1916 existente,
549 1831 691 1899 secundo
716 1834 862 1899 reuoluto
879 1853 965 1902 anno
992 1842 1085 1900 sexta
1110 1835 1191 1900 feria
1215 1834 1261 1898 in-

134 1945 186 2010 fra
206 1949 340 2011 octauas
365 1944 593 2022 Pentecostes3
620 1940 719 2005 tercio
744 1959 831 2005 anno
856 1941 956 2006 tercio
981 1943 1015 2006 in
1042 1941 1125 2006 festo
1150 1941 1261 2007 Sancti

133 2051 283 2118 Marcelli
301 2053 392 2134 Pape
418 2056 451 2114 et
475 2049 629 2114 martiris.
657 2049 698 2112 Et
723 2049 771 2114 sic
796 2047 943 2132 predicta
969 2049 1111 2134 quinque
1136 2049 1260 2135 predia,

134 2159 262 2227 scilicet
276 2159 405 2241 Srebsa,
432 2165 464 2222 et
481 2153 642 2238 Kislolud,
671 2161 703 2220 et
719 2157 837 2240 Weylr,
855 2163 887 2221 et
903 2157 984 2240 Bau,
1010 2163 1042 2222 et
1058 2161 1181 2225 Rurcos
1197 2159 1260 2225 sibi

132 2273 304 2334 cesserunt
320 2287 393 2332 cnm
418 2265 567 2333 omnibus
589 2263 752 2331 libertinis
778 2271 811 2329 et
826 2265 902 2348 alijs
926 2266 988 2331 sibi
1013 2253 1259 2351 pertinentibus.

132 2377 204 2441 Hec
228 2382 337 2440 autem
356 2373 554 2459 supradicta,
582 2373 666 2437 sicut
691 2373 725 2437 in
742 2372 859 2438 litteris
882 2374 1055 2441 autenticis
1080 2374 1259 2460 supradicti

134 2481 279 2568 Capituli
296 2482 510 2560 continentur,
537 2486 612 2546 acta
629 2487 704 2546 sunt
726 2501 812 2547 anno
830 2482 1000 2548 Dominice
1017 2483 1259 2550 lncarnacionis

132 2589 307 2656 millesimo
334 2587 556 2655 ducentesimo
572 2595 688 2672 quarto
715 2589 851 2655 decimo.
869 2591 1059 2656 Transactis
1078 2599 1186 2657 autem
1203 2593 1260 2657 ali-

132 2699 252 2782 quibus
267 2698 475 2784 temporibus,
494 2717 566 2762 cum
583 2697 762 2764 seruientes
779 2696 821 2763 de
835 2699 945 2764 Brana
961 2697 1001 2765 de
1017 2700 1154 2784 prelatis
1170 2703 1258 2782 quin-

131 2827 196 2890 que
213 2807 336 2891 predijs
354 2806 417 2872 tria
433 2803 549 2891 predia
563 2804 642 2870 dicti
658 2805 753 2870 Pauli
772 2804 832 2889 filij
848 2806 982 2890 Mathie‚
999 2805 1123 2872 scilicet
1138 2808 1256 2892 Weylr,

130 2916 204 2979 Bau
220 2923 253 2980 et
268 2915 392 2981 Rursus
408 2913 540 2999 abipso
556 2913 716 2978 violenter
732 2913 926 2997 auferentes,
951 2915 1131 2981 Laurenoio
1148 2923 1180 2981 et
1194 2916 1258 2982 Ab·

130 3023 203 3090 bati
218 3023 329 3088 Sancti
346 3021 515 3088 Michaelis
532 3021 572 3086 de
588 3022 709 3104 Brana,
736 3019 823 3104 quod
837 3029 888 3087 est
904 3024 1135 3088 monasterium
1151 3025 1255 3108 Moyn,

129 3132 335 3214 statuissent,
352 3131 439 3231 idem
455 3130 577 3196 Paulus
603 3129 645 3194 ab
661 3129 709 3194 eis
725 3130 758 3194 in
775 3127 947 3196 audiencia
962 3131 1147 3198 Salomonis
1162 3132 1255 3215 Bani,

128 3245 208 3304 tunc
223 3238 382 3323 temporis
398 3235 527 3303 ludicis
545 3237 641 3302 Curie
657 3244 768 3302 nostre
785 3243 817 3303 et
833 3238 968 3304 Comitis
992 3237 1033 3304 de
1048 3238 1176 3304 Musum
1192 3241 1256 3305 exi-

129 3346 247 3414 stentis
263 3345 441 3431 requisiuit,
467 3346 500 3410 in
517 3347 608 3411 cuius
624 3344 744 3412 iudicio
767 3345 969 3410 Laurencius
985 3351 1017 3410 et
1032 3345 1145 3413 Abbas
1169 3355 1256 3413 ante-

130 3453 212 3520 dicti
238 3458 351 3520 contra
370 3452 509 3518 Paulum
535 3453 674 3518 conuicti
700 3453 948 3538 succubuerunt,
974 3453 1134 3520 existente
1158 3475 1256 3523 cause

129 3561 225 3628 huius
250 3560 409 3646 pristaldo
426 3559 659 3644 Rouzonigaba
682 3539 748 3628 lilio
765 3561 859 3627 Pauli
882 3561 924 3628 de
939 3562 1031 3628 Zela.
1047 3562 1256 3631 Postmodum

130 3669 237 3736 eciam
251 3667 352 3754 ijdem
368 3669 546 3735 seruientes
563 3669 604 3736 de
619 3670 730 3737 Brana
747 3671 863 3738 eadem
879 3671 1046 3739 nominata
1061 3674 1126 3740 tria
1141 3675 1257 3759 predia

129 3780 248 3844 iterato
265 3799 286 3842 a
303 3776 412 3862 sepius
431 3774 517 3842 dicto
533 3776 635 3844 Paulo
662 3778 867 3864 recipientes,
892 3780 1012 3847 Abbati
1029 3791 1206 3849 memorato
1223 3791 1256 3850 et

128 3885 327 3955 monasterio
342 3887 437 3970 Moyz
462 3885 683 3952 reddiderunt.
711 3886 854 3964 Quorum
880 3891 1156 3974 importunitatem
1182 3913 1254 3958 cum

128 3995 252 4060 Paulus
268 3993 431 4060 sustinere
456 4015 520 4060 non
536 4001 658 4080 posset,
674 3995 835 4062 Abbatem
853 3994 897 4060 ad
916 3998 1120 4082 presenciam
1135 3999 1255 4081 Dyoni-

128 4106 172 4190 sij
189 4104 325 4172 Comitis
341 4103 483 4170 Palatini
509 4104 602 4170 citari
628 4105 726 4190 fecit,
751 4106 855 4189 quiin
879 4105 1050 4172 audiencia
1074 4108 1179 4193 ipsius
1195 4111 1255 4173 Pa-

127 4213 223 4280 latini
238 4209 354 4298 predia
369 4211 428 4276 illa
451 4213 640 4297 monasterij
659 4233 720 4278 sua
737 4233 810 4279 esse
828 4214 1006 4298 asserebat,
1033 4221 1065 4280 et
1080 4214 1143 4280 sibi
1159 4215 1193 4280 in
1205 4214 1265 4299 ju?

128 4320 213 4388 dicio
231 4319 417 4387 Salomonis
433 4320 519 4386 Bani
535 4321 685 4406 cessisse,
703 4329 736 4388 et
751 4341 809 4407 per
824 4321 1019 4407 pristaldum
1035 4321 1138 4406 ipsius
1153 4323 1254 4390 luisse

128 4429 302 4514 assignata
318 4449 427 4494 coram
444 4429 568 4495 cunctis
585 4429 781 4514 affirmabat,
799 4429 884 4512 quod
901 4435 933 4494 et
948 4430 1156 4514 postmodum
1172 4431 1255 4497 litte·

126 4539 256 4604 rictam
275 4537 418 4623 Capituli
431 4537 820 4622 Quinque-Ecclesieusis,
839 4557 936 4621 quam
947 4537 1131 4604 Salomonis
1149 4544 1181 4604 et
1197 4560 1255 4626 per

124 4643 321 4734 pristaldum
346 4645 492 4712 eiusdem
508 4645 740 4732 Rouuonigaba
761 4645 891 4714 nomine
910 4644 1097 4713 euideucius
1114 4667 1254 4734 compro·
