3164 5192
544 421 549 430 ,
568 327 721 426 -.l-⁸3*

81 524 169 588 tibus
186 523 382 607 presbytero
400 522 523 606 blicbe,
548 523 688 590 diacono
704 525 800 590 Helia
813 525 964 608 Stresoio,
982 533 1014 590 et
1029 517 1112 591 Visse
1127 525 1211 592 iecit.

79 633 121 696 Et
138 651 201 715 ego
218 631 373 696 Sabatius
398 630 623 698 Subdiaconus
639 632 793 700 Notarius
818 631 913 716 hujus
930 635 977 699 rei
993 633 1200 718 preesteIdus

79 738 220 824 scriptor
235 743 268 803 et
284 740 378 805 testis
398 737 455 804 fui.

320 933 449 1012 (Parieti,¹
457 935 595 1002 Illyricum
611 939 722 989 Sacrum
736 941 788 990 111.
803 939 857 988 kot.
873 938 966 1003 2251.)

618 1761 695 1828 117.

84 1961 257 2027 Foacurdm'
273 1961 376 2048 Poe,
400 1983 422 2023 a
444 1960 594 2025 veleoczei
618 1961 696 2048 doce
721 1959 966 2047 oeoebeo‚Arbe
982 1963 1105 2048 aziyetet
1130 1963 1219 2026 cordi

84 2069 258 2156 biztoaitjm
270 2070 351 2155 toyy
358 2071 455 2155 joyai
465 2069 719 2154 deewbodedqai
727 2065 811 2153 seno
821 2067 1103 2155 soqooktartotni.
1122 2073 1218 2135 1193.

197 2269 237 2334 ln
253 2265 374 2336 Christi
390 2266 521 2333 nomine
536 2285 643 2332 amen.
670 2266 764 2333 Anno
782 2266 824 2331 ab
841 2265 1071 2334 Incarnatione
1087 2267 1219 2332 Domini

90 2379 188 2445 1193.
221 2376 401 2444 Indictione
426 2373 586 2461 septima,
616 2375 738 2442 mensis
765 2373 966 2460 Septembris
999 2382 1137 2442 exeunte
1165 2375 1220 2441 die

3 2539 5 2545 s
88 2488 242 2574 septima.
268 2486 431 2570 Tempore
447 2483 570 2550 domini
587 2483 719 2549 Henrici
736 2482 878 2549 Danduli
894 2484 996 2550 Ducis
1016 2483 1149 2568 inclyti,
1174 2491 1220 2550 at-

88 2609 150 2681 que
174 2592 331 2659 Andreae
346 2590 502 2656 tirbensis
523 2590 687 2676 Episcopi,
704 2595 737 2656 et
753 2591 841 2656 Petri
856 2591 951 2656 Ziani
976 2591 1122 2659 comitis.
1148 2593 1219 2676 Ego

90 2703 223 2788 quidem
238 2703 354 2766 Petrus
378 2700 605 2780 Fuscarenus,
631 2698 766 2764 veniens
791 2697 971 2765 Arbensem
998 2700 1162 2767 civitatem
1178 2719 1220 2765 en

87 2813 181 2897 jussu
198 2808 279 2875 dicti
296 2805 419 2872 domini
434 2805 535 2872 Ducis
552 2803 596 2871 ad
608 2805 838 2889 acquirendam
852 2806 1042 2873 fidelitatem
1059 2829 1080 2872 a
1099 2809 1219 2892 populo

7 2962 13 2989 ·
93 2919 160 3002 ojus
177 2913 322 2981 civitatis
334 2964 343 2996 ,
369 2911 524 2980 testificor
538 2912 573 2977 in
589 2913 659 2978 Deo
685 2931 793 2979 coram
817 2914 910 2981 vobis
935 2913 1084 2981 omnibus
1100 2915 1132 2979 in
1159 2915 1220 2980 boo

94 3022 277 3111 episcopali
293 3020 436 3108 palatio,
463 3025 496 3086 et
510 3020 545 3086 in
560 3039 601 3086 ea
615 3019 764 3104 veritate,
782 3040 867 3104 quae
882 3021 1030 3088 Christus
1054 3027 1113 3106 est,
1139 3027 1171 3087 et
1186 3023 1220 3086 in

93 3137 167 3220 ipsa
191 3127 275 3211 tide,
302 3147 367 3212 qua
383 3126 588 3193 Christianus
613 3145 730 3209 vocor,
754 3147 865 3196 verum
891 3128 1110 3194 testimonium
1135 3129 1219 3211 dico,

95 3241 181 3324 quod
207 3238 356 3307 dominus
372 3234 531 3300 Henricus
551 3235 625 3300 Dux
642 3236 837 3302 Venetorum
859 3235 983 3318 juravit
1007 3253 1105 3321 super
1120 3237 1221 3302 Sacra

94 3349 155 3414 Dei
170 3344 356 3430 Evangelia
380 3347 501 3409 statum
517 3347 550 3406 et
565 3341 832 3408 consuetudinem
848 3340 1017 3424 omnibus,
1038 3348 1071 3408 et
1086 3343 1221 3408 civitati-

97 3457 156 3522 bus
165 3505 174 3538 ,
200 3473 286 3538 quae
304 3451 365 3516 sub
381 3449 528 3515 districtu
544 3448 594 3514 sui
610 3449 757 3514 Duoatus
775 3448 925 3515 videntur
940 3467 1024 3532 esse,
1052 3468 1109 3514 eas
1125 3450 1159 3528 in
1174 3467 1221 3514 re-

5 3613 6 3616 .
96 3561 251 3627 otitudiue
267 3567 302 3626 et
311 3559 447 3642 justicia
462 3563 583 3622 tenere.
609 3555 703 3622 Unde
719 3575 781 3638 ego
796 3555 901 3622 dietus
918 3556 1032 3622 Petrus
1055 3558 1221 3642 praecipio

4 3729 6 3736 ,
96 3671 138 3736 bi.
168 3668 308 3736 Arbensi
338 3665 473 3733 Notario
497 3665 559 3731 hcc
581 3663 738 3750 scriptum
760 3663 919 3750 scribere,
945 3671 979 3732 et
1008 3665 1137 3732 firmare
1160 3667 1220 3731 sub

4 3793 5 3852 ἢ
94 3775 282 3864 testimonio
298 3774 413 3842 horum
428 3773 569 3840 testium.

201 3887 273 3970 Ego
289 3885 405 3950 Petrus
421 3885 624 3949 Foscarenos
640 3881 766 3967 scripsi.

202 3996 273 4078 Ego
290 3993 334 4057 Μ.
350 3989 436 4056 tilius
453 3987 588 4056 Comitis
604 3987 640 4054 Β.
657 3987 699 4055 de
714 3987 831 4073 Veglia
847 3989 950 4054 testis.

205 4103 277 4184 Itgo
293 4101 351 4165 Ve.
368 4105 401 4164 et
415 4097 477 4164 An.
495 4097 591 4163 Balbi
605 4102 642 4162 tt.

204 4211 276 4294 Ego
292 4207 397 4274 idiota
412 4202 571 4270 Arbensis
594 4201 769 4288 Presbyter
795 4223 834 4270 ac
850 4203 1004 4270 Notarius
1025 4203 1121 4286 jussu
1146 4201 1223 4269 dicti

91 4310 95 4316 ’
339 4313 429 4381 Petri
444 4311 563 4381 nobilis
578 4311 650 4396 viri,
677 4316 709 4378 et
724 4314 818 4379 testis
835 4312 997 4396 complevi
1013 4315 1046 4377 et
1061 4311 1222 4377 roboravi.

466 4507 618 4576 (Ugyanoa
630 4510 662 4562 V.
678 4509 734 4562 ket.
749 4509 809 4560 238.
823 4508 852 4576 l.)
