3218 5192
350 1144 512 1231 Rajmoud
530 1143 678 1210 biberaolc
689 1146 721 1209 da
728 1145 834 1231 pdpai
848 1143 936 1210 kb'net
946 1167 966 1208 c
983 1143 1121 1232 cprdatcc'
1136 1145 1327 1232 turtomdoyr'
1343 1146 1477 1211 zainatot

763 1251 952 1338 epybslutvjo.
972 1253 1068 1317 1177.

455 1446 666 1532 Raymundus
692 1446 878 1513 Oardinalis
905 1447 945 1513 de
962 1445 1099 1533 Capella
1115 1449 1177 1515 Dei
1203 1449 1311 1532 gratia
1335 1448 1477 1516 Sanctae
1590 1435 1599 1452 ⁰

350 1557 515 1621 Romanae
531 1553 698 1619 Ecclesiae
715 1553 963 1638 subdiaconus,
983 1555 1194 1641 Apostolicae
1211 1555 1307 1621 Sedis
1323 1556 1478 1640 Legatos.

350 1659 538 1727 Venerabili
554 1660 646 1727 fratri
663 1659 880 1750 L(an1pridio)
902 1661 1055 1728 Jadrcnsi
1072 1661 1335 1750 Arcbiepiscopo,
1361 1671 1394 1728 et
1410 1684 1481 1730 cae·

350 1771 429 1836 teris
445 1769 629 1856 Episcopis,
646 1778 678 1836 et
695 1770 925 1855 suffraganeis,
946 1777 1044 1855 atque
1060 1771 1253 1854 Abbatibus,
1273 1770 1482 1838 Archidiaco·

350 1877 411 1960 nis,
428 1874 730 1965 archipresbyteris
747 1877 910 1942 universis
928 1897 986 1963 per
1002 1897 1111 1946 eorum
1128 1877 1345 1963 Episcopatus
1365 1877 1486 1942 consti·

350 1985 429 2050 tutis
453 1982 591 2048 salutem
608 1990 639 2048 et
655 1982 817 2048 sinceram
833 1983 867 2047 in
883 1985 1024 2051 Domino
1040 1984 1256 2052 dilectionem.
1281 1983 1362 2050 Cum
1382 1983 1486 2049 domi-

351 2109 412 2155 nus
428 2089 528 2174 Papa,
548 2096 580 2155 et
594 2088 811 2156 Sacrosancta
826 2091 976 2157 Romana
992 2091 1141 2157 Ecclesia
1161 2111 1221 2159 nos
1237 2091 1280 2158 ad
1295 2090 1487 2157 Dalmatiae

351 2202 449 2282 atque
465 2195 617 2263 Oroatiac
638 2203 749 2283 partes
765 2205 898 2282 propter
921 2198 983 2264 hoc
1003 2199 1233 2284 destinaverit,
1261 2205 1294 2266 ut
1311 2219 1369 2284 pro
1386 2196 1487 2279 vigili

351 2302 570 2371 sollicitudine
584 2303 794 2389 apostolica,
817 2304 1000 2372 doctrinam
1018 2314 1050 2373 et
1066 2307 1320 2374 ecclesiasticam
1336 2303 1486 2389 discipli·

352 2431 439 2496 nam,
455 2411 488 2476 in
509 2416 664 2496 quantum
681 2412 842 2480 Dominus
866 2413 1066 2482 ministraret
1074 2466 1083 2501 ,
1110 2415 1231 2482 ibidem
1250 2415 1486 2495 dilatarcmns;

353 2537 437 2606 quae
454 2518 647 2602 corrigenda
664 2527 774 2586 essent
789 2520 1010 2608 corrigentes,
1035 2530 1067 2590 et
1083 2543 1166 2609 quae
1187 2522 1368 2609 plantanda
1390 2520 1486 2606 plan·

351 2635 479 2712 tantes;
507 2626 681 2694 salubriori
706 2629 818 2696 habito
844 2629 981 2697 consilio
1008 2631 1233 2718 perspeximus
1264 2630 1305 2696 de
1332 2629 1486 2696 omnibus

352 2735 573 2802 Ecclesiarnm
598 2737 783 2823 Praelatis,
810 2739 865 2822 qui
880 2737 914 2806 in
935 2746 1048 2807 nostra
1073 2747 1148 2806 sunt
1174 2738 1357 2824 legatione,
1383 2757 1487 2803 unum

280 2932 282 2936 .
353 2844 519 2911 celebrare
535 2843 724 2932 Concilium,
749 2851 786 2911 ut
801 2846 842 2912 de
858 2847 1019 2916 communi
1043 2852 1205 2914 tantorum
1224 2853 1353 2930 patrum
1376 2851 1487 2911 aucto·

353 2952 458 3035 ritate,
474 2969 559 3035 quae
573 2949 695 3017 fuerint
707 2952 890 3039 statuenda,
907 2954 1091 3022 inDomino
1112 2959 1305 3020 statuantur.
1326 2951 1486 3019 Volentcs
1540 3003 1545 3012 .

352 3061 464 3146 itaque
479 3061 599 3127 vestris
610 3059 778 3129 laboribus
795 3071 828 3129 et
843 3063 1007 3150 expensis,
1027 3061 1121 3130 salva
1133 3061 1315 3146 honestate,
1334 3061 1367 3126 in
1383 3081 1486 3146 qnan-

353 3176 422 3236 tum
445 3187 638 3255 possumus,
662 3189 816 3255 parcere3
840 3176 876 3235 ut
901 3170 1071 3236 Praelatos
1096 3169 1272 3255 superioris
1297 3169 1486 3236 Dalmatiae

357 3297 422 3344 non
438 3275 609 3342 videamur
623 3274 757 3340 nimium
773 3273 930 3361 fatigare,
951 3277 984 3342 in
1000 3277 1187 3363 Spalatensi
1204 3277 1344 3360 civitate,
1360 3277 1393 3343 in
1410 3277 1485 3344 loco

355 3393 408 3452 sat
424 3383 534 3468 magni
550 3381 700 3467 confinii,
729 3389 760 3450 et
775 3390 842 3450 tam
859 3384 1041 3471 propinquo
1057 3385 1161 3470 vobis,
1183 3404 1281 3469 quam
1296 3385 1364 3468 cis,
1389 3403 1487 3470 prae·

357 3491 478 3559 dictum
489 3489 809 3558 conciliumauotore
819 3493 958 3561 Domino
969 3493 1119 3560 duximus
1135 3493 1375 3558 celebrandum.
1391 3493 1487 3560 Ideo-

357 3617 419 3685 que
434 3598 636 3665 universitati
651 3607 780 3668 vestrae
791 3601 983 3669 mandamns
997 3601 1161 3689 praesenti
1178 3601 1310 3687 scripto,
1327 3609 1360 3667 et
1375 3606 1487 3668 auoto-

356 3707 454 3773 ritate
471 3705 592 3773 domini
608 3709 740 3794 Papae,
757 3711 850 3796 cnjus
866 3712 953 3778 vices
970 3711 1045 3778 licet
1070 3708 1194 3795 indigni
1210 3709 1363 3794 gerimus,
1390 3707 1488 3774 firmi·

355 3820 405 3882 ter
420 3814 655 3903 praecipimus,
673 3825 831 3901 quatenns
846 3819 889 3886 ad
905 3818 1106 3905 praedictum
1126 3816 1324 3900 Concilium,
1348 3815 1435 3902 quod
1449 3815 1487 3880 in

356 3922 526 4010 praedicta
550 3921 681 3992 civitate
697 3927 886 4012 Spalatensi
909 3927 1066 4014 proximis
1091 3925 1244 3994 kalendis
1270 3924 1486 4012 Septembris,
1605 3944 1608 3948 ·

356 4030 485 4098 Christo
500 4032 718 4118 permittento,
735 4053 846 4102 sumus
857 4036 1050 4103 celebraturi
1062 4034 1131 4120 pad
1150 4031 1286 4100 eandem
1299 4027 1394 4116 diem,
1411 4050 1488 4098 oon-

355 4137 550 4204 tradictione
566 4143 598 4204 et
613 4139 783 4207 occasione
799 4149 958 4228 cessante,
978 4141 1153 4226 accedatis,
1173 4146 1209 4207 ut
1224 4157 1310 4224 quae
1325 4137 1370 4204 ad
1385 4138 1487 4206 hono·

356 4265 426 4312 rem
442 4243 515 4330 Dei,
541 4251 574 4311 et
588 4245 762 4312 utilitatem
786 4255 916 4316 vestrae
931 4247 1120 4332 Ecclesiae,
1146 4245 1344 4313 adsalutem
1362 4245 1487 4314 anima-

356 4372 445 4435 rum,
471 4351 517 4418 ibi
532 4358 655 4418 statuta
672 4351 792 4420 fuerint
808 4363 840 4421 et
856 4355 1024 4442 ordinata,
1050 4366 1206 4439 tanquam
1229 4353 1437 4422 obedientiae
1453 4363 1487 4423 et

357 4459 548 4546 disciplinae
564 4459 622 4527 lilii
638 4463 722 4528 scire
740 4463 919 4550 studeatis,
945 4469 976 4529 et
992 4463 1177 4546 observare,
1201 4461 1415 4546 subditosque
1432 4484 1482 4531 re·

356 4575 440 4636 atros
455 4567 499 4634 ad
514 4569 687 4636 eorundem
704 4569 966 4639 observationem
980 4569 1153 4656 diligenter
1163 4569 1338 4656 exhortari,
1356 4577 1389 4636 et
1399 4590 1486 4640 com·
