3200 5182
383 1077 561 1165 Asdprdbt'
574 1075 732 1164 kdptulun
756 1075 1028 1164 bizorrytdplecele,
1053 1077 1131 1164 impp
1153 1077 1311 1144 Wotsteea
1327 1079 1521 1144 Mcztcunck

374 1188 426 1272 jia
442 1187 585 1271 Kalpatb'
606 1187 689 1250 nevil
702 1185 840 1250 tir-sotus
864 1183 981 1250 Robert
998 1186 1154 1250 ccmemek
1178 1187 1254 1252 erut
1274 1187 1364 1253 iddre
1390 1187 1518 1252 eludtn.

895 1293 992 1356 1228.

488 1488 674 1576 Capitulum
683 1485 915 1571 Zagrnbicnsis
930 1487 1077 1554 Ecclesie
1092 1488 1243 1556 omnibus
1251 1509 1388 1576 presens
1408 1491 1516 1576 scrip

380 1609 449 1670 tum
463 1595 657 1684 inspecturis
673 1595 810 1662 salutem
826 1593 858 1660 in
875 1593 1025 1662 Domino.
1046 1595 1098 1660 Ad
1114 1597 1335 1662 universorum
1351 1597 1514 1664 noticiam

380 1711 496 1776 barum
520 1705 606 1774 serie
630 1703 777 1769 volumus
803 1702 982 1787 peruenire,
1007 1703 1094 1787 quod
1113 1704 1285 1772 Wolsbeca
1309 1705 1432 1773 nobilis
1458 1707 1513 1773 vir

380 1835 532 1886 unacum
558 1809 712 1878 tratribus
737 1809 806 1876 suis
830 1809 930 1876 Szida
945 1819 978 1876 et
1003 1811 1100 1896 diega
1125 1810 1201 1878 titiis
1225 1814 1351 1878 Meaten
1376 1815 1421 1880 ab
1442 1834 1512 1880 una

381 1931 484 2013 parte,
501 1929 533 1988 et
548 1919 688 1988 Roberto
699 1916 824 1986 Gemite
838 1917 905 1984 tilio
916 1917 998 1984 Abel
1013 1919 1056 1984 ab
1072 1919 1178 1986 altera
1193 1939 1301 1987 ocrem
1319 1921 1417 1988 nobis
1434 1939 1511 2005 per·

379 2029 536 2102 sonaliter
550 2025 743 2109 constitutis,
759 2023 845 2090 idem
855 2025 1018 2092 Volsbeca
1029 2027 1145 2094 Oomes
1161 2033 1193 2094 et
1207 2027 1325 2095 tratres
1343 2028 1395 2094 sui
1411 2047 1509 2113 supe-

379 2138 447 2206 rius
462 2135 610 2204 annotati
627 2133 755 2218 publice
770 2139 846 2198 sunt
865 2137 1054 2220 protestati5
1072 2135 1159 2218 quod
1174 2135 1239 2222 ipsi
1254 2135 1417 2202 vinculum
1433 2157 1508 2221 pro-

380 2245 694 2312 ximitatievolcntes
711 2261 783 2308 cum
798 2241 871 2326 ipso
883 2241 1008 2308 Gemite
1018 2243 1160 2311 Roberto
1180 2245 1384 2327 contrahere,
1402 2243 1512 2309 eidem

381 2350 565 2418 introductu
574 2348 640 2415 filie
652 2345 772 2433 prefati
782 2346 944 2415 Volsbeca
960 2348 1090 2416 nomine
1100 2349 1255 2435 Dragoat,
1266 2350 1510 2436 possessionem

379 2461 523 2545 ipsorum
551 2455 788 2524 hereditariam
805 2456 986 2543 Culpateuu
1003 2463 1152 2525 vocatam
1169 2477 1241 2526 curn
1259 2457 1511 2526 omnibusutili-

379 2569 500 2634 tatibus
510 2574 543 2632 et
559 2563 769 2651 pertinencijs
785 2584 844 2631 seu
855 2564 1111 2650 circumstancijs
1127 2565 1195 2633 suis
1206 2566 1299 2633 metis
1314 2567 1509 2653 subscriptis

378 2674 589 2756 nterclusam,
611 2671 774 2738 dederunt
790 2691 848 2738 seu
865 2671 1067 2738 contulerunt
1085 2671 1190 2737 eidem
1214 2674 1362 2740 Roberto
1379 2673 1509 2758 comiti,

380 2789 412 2851 et
428 2803 485 2869 per
501 2802 573 2848 eum
590 2781 658 2847 suis
676 2778 860 2865 heredibus,
877 2780 1096 2866 heredumque
1106 2779 1348 2848 successoribus
1370 2781 1509 2847 liberem

381 2899 414 2960 et
430 2891 559 2978 plenam
570 2887 741 2976 opoionem
753 2887 793 2952 de
810 2888 885 2973 ipse
894 2887 1103 2973 possessione
1114 2887 1294 2974 ordinandi,
1311 2887 1508 2976 disponendi

379 3003 471 3068 iuxta
484 3000 611 3066 libitum
627 3017 685 3064 sue
701 2997 889 3062 voluntatis.
918 2998 982 3064 Pro
998 2998 1089 3064 cuius
1106 2997 1184 3063 iacti
1204 2996 1354 3084 ampliori
1378 2997 1508 3064 cautela

380 3129 478 3176 uuum
502 3127 542 3174 ex
558 3106 662 3190 nobis,
690 3105 793 3170 virum
812 3104 922 3188 utique
938 3103 1147 3191 fidedignum,
1174 3106 1364 3190 magistrum
1382 3106 1507 3172 scilicet

380 3217 599 3304 Dragoslanm
610 3235 669 3302 pro
686 3212 900 3299 inspiciendis
917 3221 949 3280 et
960 3213 1205 3279 considerandis
1221 3213 1315 3280 metis
1325 3221 1357 3280 et
1373 3216 1506 3280 circnm-

380 3326 515 3411 stencijs
539 3333 625 3390 terre
650 3321 830 3408 prescripte
856 3321 1118 3406 transmisimus;
1146 3321 1202 3406 qui
1226 3322 1354 3388 demum
1380 3323 1424 3388 ad
1447 3342 1506 3388 nos

379 3434 509 3502 rediens
532 3431 689 3497 iudicauit
705 3429 808 3515 nobis,
836 3429 923 3514 quod
941 3428 1155 3517 prescriptam
1178 3430 1420 3516 possessiouem
1444 3431 1504 3496 sub

379 3544 475 3609 certis
492 3541 585 3607 metis
602 3546 633 3606 et
648 3537 815 3620 limitibus,
841 3537 1046 3623 presentibus
1071 3537 1302 3604 commeteneis
1328 3543 1361 3604 et
1378 3538 1503 3623 ricinis,

380 3673 419 3718 ac
435 3651 467 3715 in
485 3648 574 3715 nullo
599 3645 894 3714 contradicentibus
920 3645 1168 3712 reambulasset.
1194 3647 1374 3712 Astiterunt
1399 3647 1502 3713 eciam

379 3755 611 3843 consanguinei
635 3775 692 3823 eeu
708 3755 845 3841 proximi
871 3755 984 3822 Uttece
1000 3753 1137 3822 Comitis
1165 3761 1197 3821 et
1213 3752 1347 3822 fratrum
1373 3775 1502 3822 sucrum

311 3861 313 3866 ’
379 3866 535 3951 uniuersi,
561 3866 684 3932 scilicet
708 3863 898 3932 Conconnia
913 3871 946 3930 ct
961 3863 1118 3931 Wolsbek
1144 3863 1202 3948 filij
1225 3865 1356 3948 Extina,
1382 3863 1501 3930 Sceidi·

381 3975 474 4044 mech
500 3981 531 4041 et
546 3973 712 4040 Waneslso
737 3971 796 4057 filij
812 3971 938 4056 Criton,
954 3970 1053 4038 Wolk
1069 3977 1102 4037 et
1124 3971 1217 4039 Nork
1242 3971 1300 4056 tilij
1317 3971 1434 4056 Nersa,
1451 3973 1501 4039 Jo-

380 4105 463 4153 nosa
478 4084 563 4150 filins
580 4080 713 4164 coleos,
735 4080 924 4147 Predislaus
941 4101 1013 4146 cum
1030 4080 1097 4146 suis
1113 4080 1270 4146 fratribus
1285 4087 1318 4145 et
1333 4081 1498 4165 proximis,

381 4195 505 4278 Ortum,
521 4193 660 4274 Dagon,
687 4187 818 4272 Extess,
836 4185 985 4273 Cbercbt,
1002 4187 1110 4254 Odola
1125 4195 1158 4252 ct
1175 4187 1325 4254 Zorislau
1344 4186 1404 4272 filij
1422 4185 1498 4252 Chu-

381 4299 604 4388 cbuk,Vclcoy
615 4294 737 4364 etVolk
747 4295 1059 4380 filithoykle53qui
1070 4294 1280 4362 donacionem
1291 4301 1498 4364 memoratam

381 4411 441 4476 sub
466 4407 563 4475 metis
579 4413 611 4473 et
626 4404 782 4471 limitibus
804 4402 1017 4490 infrascriptis
1041 4421 1200 4468 consensu
1215 4420 1274 4469 suo
1294 4401 1497 4488 adiicientes,

379 4516 449 4583 sine
466 4512 724 4581 contrediccione
750 4510 864 4595 aliqua
878 4509 1087 4594 admiserunt,
1110 4517 1142 4575 et
1158 4527 1350 4576 consensum
1366 4511 1498 4595 prebue-

379 4631 453 4689 runt
477 4623 660 4690 unanimem
675 4625 708 4686 et
732 4637 911 4686 assensum.
938 4618 1047 4684 Prima
1066 4635 1143 4683 vero
1169 4623 1258 4688 mete
1283 4617 1497 4704 possessionis
