3200 5182
599 345 755 450 Aba.

111 545 228 625 parte,
256 538 359 608 Panlo
376 540 443 609 lilio
458 541 612 624 Terenen,
638 541 701 608 Vid
717 541 783 608 lilio
810 541 968 626 Furcaslj,
995 547 1026 608 et
1046 543 1241 630 Dobruzlov,

109 645 345 730 jobagionibns
369 647 470 716 castri
486 648 670 716 Borsiensis
685 669 744 734 pro
761 669 806 734 se,
832 655 864 715 et
878 669 937 735 pro
953 667 1014 716 sua
1029 653 1241 739 cognacione,

113 759 151 819 ut
166 753 330 840 dicebant,
357 756 399 821 ab
416 756 531 840 altera,
556 761 796 844 proposuerunt
805 756 1003 842 jobagiones
1028 759 1137 844 castri,
1154 760 1241 844 quod

113 859 179 947 ipsi
193 865 313 926 terram
326 863 488 948 Ryucblra
502 866 641 948 nominc,
659 871 692 930 et
706 870 828 930 terram
843 862 973 932 nominc
989 863 1080 950 Bela,
1099 866 1143 934 ad
1157 887 1194 936 se
1210 875 1242 935 et

114 967 159 1033 ad
175 988 302 1035 omnem
319 971 549 1055 cognacionem
567 991 660 1038 suam
676 971 884 1058 pertinentes,
906 970 949 1038 de
964 974 1125 1040 communi
1141 975 1239 1042 omni·

114 1095 170 1141 um
187 1077 421 1161 cognacionum
436 1099 567 1146 suarum
583 1099 752 1166 consensu,
780 1085 814 1147 et
829 1101 870 1148 ex
885 1079 1100 1165 permissione
1124 1101 1163 1150 ac
1188 1084 1242 1149 be·

113 1184 279 1268 neplacito
305 1184 428 1252 domini
444 1185 574 1254 Andree
589 1187 691 1273 Regis
706 1187 884 1274 Hungarie,
910 1188 1106 1257 Leustucbio
1124 1190 1242 1257 Oomiti

112 1311 174 1376 pro
190 1291 429 1377 quinquaginta
453 1295 574 1361 marcis
591 1295 719 1381 argenti
736 1295 971 1382 uendidissent,
997 1303 1154 1384 perpetuo
1170 1318 1242 1385 pos-

113 1397 283 1466 sidendus.
309 1399 455 1478 Quorum
481 1403 701 1490 proposicioni
723 1404 855 1471 Samuel
880 1403 1006 1488 Comes,
1033 1413 1066 1471 ct
1089 1406 1241 1474 Buruncb

112 1504 200 1571 filius
226 1507 399 1592 Symeonis
423 1508 465 1574 de
490 1509 571 1576 villa
595 1511 702 1578 Musla
725 1509 957 1595 interfuerunt3
983 1510 1039 1594 qui
1064 1509 1150 1579 huno
1169 1533 1240 1580 con·

112 1617 252 1680 tractum
278 1613 320 1680 de
338 1615 505 1682 voluntate
530 1624 562 1684 et
577 1615 791 1703 permissione
815 1615 937 1682 domini
953 1616 1063 1702 Regis,
1090 1640 1112 1684 a
1127 1639 1190 1702 quo
1206 1641 1242 1687 se

113 1719 234 1787 missos
258 1721 459 1807 asserebant,
485 1723 568 1790 inter
585 1729 695 1810 partes
718 1723 838 1790 laetum
861 1741 934 1790 esse
958 1725 1129 1810 protestati
1155 1734 1240 1793 sunt.

112 1827 156 1893 Et
171 1827 207 1892 iu
231 1828 406 1896 eorundem
432 1850 471 1896 ac
486 1837 598 1898 nostra
619 1830 802 1919 presencia,
827 1830 1049 1900 conditoribus
1072 1833 1114 1900 dc
1130 1837 1240 1919 precio

113 1933 305 2020 plenissime
321 1935 382 2004 fuit
398 1937 612 2005 satisfactum.
628 1941 782 2007 Volentes
798 1939 898 2024 igitur
915 1941 1023 2006 nuncii
1044 1940 1166 2008 domini
1182 1943 1240 2008 Re·

114 2041 178 2130 gis,
195 2050 228 2109 et
244 2051 405 2130 emptores
421 2064 461 2110 ac
477 2045 662 2113 venditores
678 2047 762 2113 bunc
771 2052 972 2114 contractum
989 2046 1108 2114 celebri
1125 2068 1240 2116 memo-

116 2150 168 2215 ria
178 2149 333 2234 stabilire,
349 2150 510 2218 bominem
527 2171 548 2218 a
563 2155 658 2221 nobis
672 2154 888 2240 postularunt,
906 2153 962 2238 qui
978 2159 1010 2220 et
1025 2153 1170 2239 prefatas
1180 2163 1241 2222 ter-

116 2275 171 2321 ras
189 2257 349 2341 circuiret,
366 2265 407 2342 et,
434 2259 463 2326 si
479 2259 535 2344 qui
551 2262 806 2328 contradictores
832 2260 1018 2345 existerent,
1042 2261 1135 2328 nobis
1154 2281 1241 2328 reue-

116 2367 209 2451 laret,
237 2385 277 2431 ne
293 2386 353 2433 nos
378 2367 503 2434 litteras
530 2368 681 2436 daremus
707 2389 805 2456 snper
824 2370 919 2436 rebus
944 2369 1163 2437 contradictis.
1189 2371 1242 2436 Ad

115 2493 253 2556 quorum
268 2493 392 2559 preces,
411 2495 508 2542 unum
524 2496 565 2542 ex
576 2476 731 2543 fratribus
747 2479 876 2561 nostris,
894 2477 1109 2544 Laurcncium
1131 2477 1241 2545 videli-

116 2591 169 2649 cet
193 2583 443 2668 prebendarium
469 2585 616 2652 Ecclesie
643 2592 752 2652 nostre
776 2605 848 2652 cum
874 2587 955 2671 ipsis
981 2587 1240 2672 transmisimus,

115 2690 171 2773 qui
187 2709 259 2756 cum
274 2690 396 2758 eisdem
422 2691 465 2758 ad
481 2713 540 2760 nos
556 2692 691 2780 rediens,
718 2693 811 2759 nobis
830 2693 948 2776 retulit,
977 2693 1063 2776 quod
1082 2696 1241 2779 prenomi-

115 2798 185 2863 nati
201 2798 387 2866 uenditores
413 2820 484 2866 cum
498 2821 558 2867 suu
573 2801 770 2886 cognacione
791 2801 823 2866 in
839 2799 1011 2886 presencia
1030 2803 1240 2868 contermina-

116 2906 207 2989 lium,
235 2907 414 2974 Alexandri
440 2906 591 2975 videlicet
616 2909 674 2974 filii
697 2907 895 2990 Leustucbii,
921 2915 953 2972 et
981 2907 1159 2972 Alexandri
1183 2907 1240 2973 lilii

117 3013 237 3098 Egidii,
254 3034 294 3080 ac
310 3014 343 3080 in
360 3015 531 3100 presencia
550 3015 764 3100 jobagionum
781 3015 957 3101 prouincie,
974 3013 1120 3099 prefatas
1136 3021 1240 3082 terras

116 3121 205 3186 nullo
231 3123 473 3190 contradicente
488 3123 681 3190 Leustucbio
699 3123 815 3190 Comiti
833 3124 866 3188 in
878 3122 934 3205 jus
954 3127 1144 3207 perpetuum
1160 3123 1239 3188 assi-

116 3236 268 3312 gnarunt.
295 3229 395 3315 Cujus
420 3230 614 3297 relacionem
631 3229 817 3294 Alexander
843 3229 929 3294 tilius
944 3227 1064 3312 Egidij,
1091 3228 1146 3309 qui
1165 3237 1239 3294 tune

116 3337 160 3403 ad
179 3359 239 3404 nos
264 3337 482 3424 personaliter
507 3345 701 3421 accesserat,
722 3341 755 3401 ct
770 3335 887 3420 Endre,
915 3335 970 3418 qui
996 3335 1038 3401 ab
1053 3335 1240 3401 Alexandro

118 3446 186 3512 filio
203 3445 390 3511 Leustucbii
408 3446 525 3511 missus
542 3465 615 3511 esse
632 3444 809 3528 dicebatur,
826 3443 893 3509 suis
914 3442 1153 3509 assercionibus
1169 3463 1240 3510 cons

115 3554 294 3618 firmarunt.
311 3552 422 3618 Prima
437 3559 545 3619 autem
562 3560 647 3618 nreta
663 3561 747 3618 terre
762 3549 931 3634 Ryrebka,
952 3549 1035 3616 sicut
1051 3551 1094 3616 ab
1110 3549 1239 3616 bomine

116 3669 238 3742 nostro,
255 3662 460 3746 presentibus
475 3661 623 3747 partibus
640 3667 671 3726 et
687 3658 971 3725 conterminalibus
987 3657 1170 3742 didicimus,
1193 3660 1240 3724 in·

118 3768 197 3854 cipit
213 3769 247 3833 in
263 3769 424 3854 superiori
447 3777 539 3855 parte
554 3771 661 3836 Boron
679 3771 711 3834 in
728 3789 766 3834 eo
782 3768 863 3852 loco,
888 3766 944 3832 ubi
959 3773 1086 3832 torrens
1111 3767 1240 3835 nomine

118 3876 382 3960 Draguna'cadit
397 3877 431 3942 in
447 3878 551 3944 Boron
564 3903 570 3962 ;
593 3885 625 3942 et
640 3876 846 3942 ascendendo
857 3895 915 3962 per
931 3877 1121 3959 Dragunam
1138 3874 1242 3940 tendit

117 3983 160 4048 ad
176 3991 350 4050 torrentem
375 3985 505 4051 nomine
522 3985 684 4070 Hrabicb;
711 3991 743 4050 et
758 3984 833 4050 inde
850 3984 893 4048 ad
914 3991 1087 4049 torrentem
1112 3984 1240 4048 nomine

115 4093 295 4177 llyuchka;
317 4101 349 4159 et
366 4093 408 4157 ab
419 4093 483 4158 ista
498 4099 592 4178 parte
604 4091 848 4159 conterminalis
859 4097 909 4156 est
919 4092 949 4157 ei
965 4097 1053 4155 terra
1063 4087 1241 4154 Alexandri

117 4199 175 4265 filii
191 4201 396 4284 Leustucbii;
424 4220 444 4264 a
461 4208 552 4286 parte
568 4221 645 4266 uero
664 4198 869 4266 meridionali
893 4202 980 4262 metu
997 4195 1141 4279 ejnsdem
1158 4205 1240 4262 terre

116 4308 233 4396 incipit
257 4309 290 4374 in
316 4308 461 4374 inferiori
487 4314 579 4394 parte
605 4309 712 4374 Boron
736 4328 833 4393 super
857 4305 987 4391 uadum,
1014 4305 1101 4388 quod
1126 4303 1241 4370 dicitur

116 4417 345 4503 Brisneborod,
363 4425 395 4482 et
411 4417 558 4482 ascendit
576 4437 674 4505 super
690 4436 810 4502 rupem,
835 4422 867 4480 et
881 4413 985 4479 tendit
1001 4432 1098 4498 super
1114 4413 1242 4478 summi·

116 4534 219 4591 tatem
238 4525 365 4608 montis,
392 4525 447 4608 qui
465 4524 562 4607 uulgo
586 4522 703 4591 dicitur
719 4523 807 4588 teret
824 4540 925 4605 usque
942 4515 987 4584 ad
1002 4518 1163 4605 prelatum
1179 4527 1241 4585 tor·

119 4640 246 4699 rentem
262 4631 441 4717 Ryrcbka3
468 4641 500 4698 et
516 4633 558 4698 ab
574 4633 637 4698 ista
651 4641 746 4722 parte
771 4628 1011 4698 conterminalis
1036 4632 1086 4692 est
1101 4627 1131 4691 ei
1156 4634 1243 4693 terra
