3202 5190
589 332 694 430 --333

96 529 289 596 auctoritate
303 529 494 615 Apostolica
509 529 702 611 iuhibemus,
720 549 760 593 ne
777 527 862 594 nllus
879 527 1061 612 Episcopus
1078 527 1130 592 uel
1148 546 1221 611 que-

95 638 175 704 libet
190 637 261 703 alia
276 656 419 722 persona
447 635 490 701 ad
507 636 639 704 sinodos
658 635 712 702 uel
726 640 905 702 conuentus
925 633 1070 700 forenses
1087 653 1146 698 uos
1161 633 1218 716 ire,

94 747 144 811 uel
160 742 282 812 iudicio
307 743 445 809 seculari
461 742 503 808 de
528 743 661 829 propria
677 743 862 810 substantia
887 741 941 808 uel
957 741 1220 828 possessionibus

93 853 214 919 uestris
229 851 398 918 subiacere
414 849 601 936 compellat,
619 869 679 916 nec
695 850 739 916 ad
754 851 867 918 domos
878 856 1005 917 uestras
1022 869 1123 917 causa
1139 849 1220 916 ordi·

94 981 154 1028 nes
170 959 372 1042 celebrandi,
389 979 507 1025 causus
522 957 695 1039 tractandi,
715 959 766 1024 uel
784 963 960 1026 conuentus
974 957 1102 1043 aliquos
1118 957 1221 1044 publi·

93 1089 149 1137 cos
165 1068 370 1138 conuocandi
399 1069 511 1135 uenire
528 1073 712 1154 presumat,
740 1087 800 1134 nec
824 1067 1010 1152 regularem
1029 1068 1219 1136 electionem

92 1178 235 1244 Abbatis
252 1179 352 1244 uestri
368 1176 537 1263 impediat,
554 1183 610 1244 aut
626 1177 667 1243 de
677 1175 873 1244 instituendo
889 1176 940 1243 uel
957 1176 1152 1244 remouendo
1169 1196 1219 1258 eo,
1309 1249 1318 1256 ,

91 1285 146 1370 qui
162 1304 224 1370 pro
240 1291 387 1369 tempore
402 1283 509 1366 fuerit,
535 1289 646 1351 contre
666 1288 789 1349 statuta
804 1281 1029 1351 Cisterciensis
1044 1283 1166 1351 ordinis
1183 1303 1224 1350 ee·

92 1392 302 1476 aliquatenus
317 1390 520 1458 intromittat.
545 1392 579 1458 Si
596 1409 673 1458 uero
689 1389 882 1477 Episcopus,
899 1393 932 1458 iu
950 1392 1041 1459 cuius
1061 1391 1219 1478 parochia

92 1499 209 1566 domus
225 1506 337 1565 uestra
351 1497 490 1564 fundata
506 1505 556 1564 est
565 1547 575 1582 ,
593 1517 664 1563 cum
681 1496 864 1564 humilitate
886 1518 926 1564 ac
943 1497 1136 1582 deuotione,
1154 1517 1219 1582 qua

93 1605 255 1688 conuenit,
271 1605 446 1688 requisitus
463 1605 671 1672 substitutum
687 1605 847 1670 Abbatem
864 1603 1066 1688 benedicere,
1091 1611 1124 1672 et
1140 1603 1217 1688 alie,

92 1731 155 1798 qne
171 1713 216 1778 ad
235 1711 374 1779 officium
391 1712 588 1798 Episcopale
605 1710 778 1796 pertinent,
796 1710 889 1779 uobis
903 1709 1049 1778 conferre
1065 1711 1218 1795 renuerit,

92 1820 219 1886 licitum
235 1819 278 1886 sit
294 1819 399 1887 eidem
416 1819 556 1902 Abbati,
583 1818 611 1884 si
627 1825 735 1884 tamen
760 1816 913 1884 sacerdos
931 1817 1043 1901 fuerit,
1069 1818 1218 1904 proprios

94 1927 239 1995 nouitios
255 1927 457 2012 benedicere,
482 1933 514 1994 et
530 1927 607 2009 clia,
633 1945 696 2009 que
711 1925 755 1990 ad
771 1923 911 1991 officium
928 1944 1021 1991 suum
1041 1924 1216 2012 pertinent,

94 2053 249 2101 exercere
259 2084 267 2117 ,
293 2041 326 2100 et
341 2034 436 2102 uobis
453 2035 563 2101 omnia
588 2034 630 2100 ab
647 2032 712 2099 alio
729 2033 894 2117 Episcopo
910 2033 1088 2119 percipere,
1116 2053 1218 2117 quea

92 2147 204 2208 uestro
219 2139 339 2206 fuerint
353 2141 498 2207 indebite
517 2140 697 2224 denegata.
719 2139 805 2206 Illud
821 2138 1021 2224 adiicientes,
1044 2141 1126 2208 utin
1142 2140 1218 2207 reci-

94 2246 225 2332 piendis
250 2246 526 2334 professionibus,
554 2267 618 2332 que
632 2268 654 2313 a
670 2246 850 2314 benedictis
874 2246 963 2313 uela
986 2247 1217 2315 benedicendis

92 2353 277 2422 Abbatibus
294 2355 487 2422 exhibentur
496 2407 504 2440 ,
530 2373 570 2421 ea
586 2356 651 2423 sint
665 2355 822 2440 Episcopi
838 2352 943 2422 forme
959 2360 991 2421 et
1005 2355 1217 2441 expressione

91 2464 245 2544 contenti,
262 2482 325 2547 que
342 2463 385 2530 ab
401 2463 526 2548 origine
542 2463 665 2532 ordinis
681 2464 825 2531 noscitur
848 2461 1017 2546 instituta;
1041 2467 1078 2529 ut
1092 2461 1217 2529 scilieet

91 2567 239 2634 Abbates
255 2569 318 2655 ipsi
335 2570 427 2638 saluo
444 2571 558 2638 ordine
574 2591 632 2638 suo
649 2572 792 2656 profiteri
809 2572 958 2654 debeant,
979 2575 1010 2635 et
1023 2576 1136 2638 contra
1151 2577 1215 2638 sta·

92 2681 163 2741 tute
189 2675 313 2744 ordinis
337 2678 460 2744 nullum
485 2678 723 2764 professionem
750 2679 859 2746 iacere
884 2679 1129 2765 compellantur.
1153 2680 1216 2744 Pro

91 2783 391 2852 consecrationibus
407 2805 485 2854 uero
502 2788 655 2853 alterium
665 2786 726 2852 ‘uel
742 2787 964 2872 ecclesiarum,
981 2787 1052 2852 siue
1067 2806 1127 2870 pro
1144 2785 1216 2852 oleo

92 2896 226 2974 sancto,
251 2893 305 2957 uel
330 2893 476 2976 quolibet
501 2894 566 2961 alio
582 2895 804 2963 ecclesiastico
821 2899 1035 2976 sacramento,
1060 2893 1168 2960 nulius
1194 2913 1215 2956 a

91 2997 186 3063 uobis
203 2999 264 3063 sub
290 3000 423 3068 obtentu
439 2999 683 3068 consuetudinis
699 3003 750 3067 uel
767 3001 833 3068 elio
859 3001 953 3067 modo
973 2999 1143 3084 quiequam
1160 3018 1215 3064 au-

89 3102 169 3168 deat
183 3111 386 3190 extorquere,
403 3106 461 3174 sed
477 3108 537 3173 bec
553 3109 662 3174 omnic
677 3108 780 3190 gratis
796 3107 889 3174 uobis
913 3107 1093 3191 Episcopus
1109 3103 1213 3173 dioce-

90 3227 193 3276 sanue
209 3210 385 3298 impendat.
401 3213 554 3297 Alioquin
565 3213 664 3280 liceat
679 3213 783 3296 uobis,
801 3232 1023 3296 quemcunque
1032 3211 1213 3278 malueritis

89 3313 294 3382 Catholicum
320 3318 411 3386 adire
426 3320 613 3387 Antistitem
638 3320 777 3405 gratiam
802 3326 834 3386 et
856 3319 1113 3386 communionem
1129 3319 1213 3405 Apo-

89 3421 206 3488 stolice
222 3423 316 3490 Sedis
341 3425 531 3510 habentem,
555 3427 610 3512 qui
626 3433 738 3495 nostra
760 3427 861 3494 fretus
887 3427 1080 3494 auctoritate
1106 3426 1211 3507 uobis,

89 3527 179 3613 quod
195 3531 387 3616 postulatur,
412 3533 589 3620 impendat.
613 3534 738 3614 Quodsi
763 3535 857 3602 sodes
874 3533 1042 3604 diocesani
1057 3533 1215 3620 Episcopi

93 3635 178 3702 sorte
194 3637 379 3721 uaeouerit,
405 3640 531 3706 interim
548 3641 658 3708 omnia
673 3641 897 3708 ecclesiastica
912 3645 1118 3708 sacramenta
1133 3660 1154 3706 a
1169 3641 1214 3708 ui-

88 3740 172 3806 cinis
191 3741 361 3829 Episcopis
385 3745 535 3830 accipere
551 3745 654 3814 libere
678 3753 711 3812 et
726 3747 850 3832 absque
872 3747 1128 3818 contradictione
1142 3767 1213 3834 pos·

93 3849 188 3935 sitis,
214 3852 262 3916 sic
286 3861 413 3937 tcmeu,
442 3861 476 3919 ut
498 3876 538 3920 ex
563 3856 625 3922 boc
650 3856 858 3942 imposterum
883 3857 1024 3943 propriis
1041 3857 1213 3943 Episcopis

87 3957 212 4023 nullum
222 3959 436 4042 preiudicium
451 3968 633 4045 generetur.
653 3963 738 4042 Quia
748 3983 825 4030 uero
839 3963 998 4032 interdum
1010 3965 1213 4050 propriorum

89 4062 328 4150 Episcoporum
345 4067 473 4152 copiam
489 4088 553 4134 non
570 4067 708 4152 bebetis,
725 4069 863 4153 siquem
880 4071 1078 4155 Episcopum
1098 4071 1212 4136 Roma-

87 4191 129 4236 ne
146 4169 250 4254 Sedis,
267 4177 302 4236 ut
318 4172 468 4256 diximus,
486 4174 744 4242 communionem
760 4177 944 4261 habentem,
963 4181 996 4241 et
1012 4176 1053 4243 de
1068 4195 1131 4261 quo
1147 4178 1212 4262 plc-

86 4297 164 4343 uem
181 4279 331 4346 notitiam
348 4281 518 4366 habeatis,
544 4301 603 4367 per
618 4302 677 4350 uos
693 4284 832 4351 transire
848 4285 1028 4369 contigerit,
1048 4285 1091 4350 ab
1107 4305 1145 4350 ec
1161 4284 1212 4350 be-

87 4384 293 4452 nedictiones
309 4405 461 4454 uasorum
479 4393 512 4453 et
527 4389 684 4475 uestium,
705 4392 966 4460 consecrationes
985 4391 1148 4475 alterium,
1164 4413 1212 4459 or·

86 4489 271 4559 dicationes
288 4496 520 4563 monachorum
536 4499 729 4565 auctoritate
745 4498 839 4566 Sedis
856 4499 1045 4585 Apostolice
1064 4501 1211 4587 accipere

86 4598 238 4664 ualeatis.
264 4601 365 4667 Porro
391 4601 417 4668 si
436 4603 591 4691 Episcopi
618 4607 670 4672 uel
694 4605 753 4674 alii
775 4606 992 4674 Ecclesicrum
1009 4615 1149 4677 rectores
1177 4607 1209 4674 in
