3200 5182
638 880 715 948 stt.

115 1061 146 1125 A
163 1063 255 1148 pyr'r'rr'
270 1058 424 1147 kriptnlao
440 1059 710 1146 bizonysa'pleosle,
735 1062 815 1148 hopy
832 1067 938 1130 ,lernou
957 1068 1046 1134 oaldi
1061 1071 1149 1135 lokoo
1165 1072 1243 1137 bizo-

114 1193 193 1256 myos
217 1171 292 1234 meki
318 1173 444 1256 roroo'np
468 1173 561 1254 sty'sn
586 1169 723 1254 mepitfflt
741 1169 850 1255 fo'ldot
876 1175 1094 1273 Heroenr'qes
1111 1180 1245 1246 Dictae

378 1278 521 1340 hermani
537 1274 731 1339 latosotnat
748 1279 865 1347 eladto.
888 1286 985 1348 1226.

472 1459 894 1525 Asssns.

229 1651 416 1738 Capitulum
433 1654 623 1722 Geuriensis
645 1657 791 1724 Ecclesie
808 1657 967 1742 omnibns,
986 1659 1029 1725 od
1044 1679 1124 1742 quos
1141 1659 1246 1726 littere

117 1769 289 1848 presentes
313 1764 529 1850 pervenerint,
556 1766 695 1833 salutem
712 1773 743 1831 et
759 1767 929 1834 oraciones
952 1768 986 1832 in
1002 1768 1152 1835 Domino.
1169 1768 1243 1835 Uni·

118 1891 289 1940 versorum
320 1871 439 1938 notioie
471 1873 721 1958 significandum
748 1875 916 1960 duximus,
951 1875 1037 1959 qnod
1062 1876 1246 1961 Stephanus

117 1983 206 2048 filins
222 1981 299 2047 Mod
324 1980 365 2046 de
389 1981 469 2047 villa
485 1983 572 2049 Vald
588 1983 632 2048 ad
648 2004 707 2050 nos
733 1983 902 2066 accedens,
932 1984 1099 2051 confessus
1125 1991 1184 2068 est,
1210 2005 1246 2052 so

118 2088 309 2156 vendidisse
326 2088 489 2173 Heroenig
515 2096 546 2156 et
562 2091 702 2156 Diohsre
720 2091 760 2156 do
777 2091 857 2156 villa
873 2093 1017 2160 Hermam
1036 2099 1167 2177 terram,
1185 2112 1246 2175 qus

120 2196 312 2263 adiudicata
328 2201 377 2260 est
393 2197 423 2262 ei
440 2219 498 2282 pro
514 2203 617 2264 morte
633 2198 732 2264 Esioh
747 2199 866 2263 uterini
882 2198 993 2264 fratris
1012 2199 1063 2264 sui
1080 2202 1122 2265 ab
1147 2199 1246 2267 homi-

120 2305 218 2372 nibus
243 2305 389 2370 eiusdem
405 2304 493 2388 ville,
510 2304 677 2372 Demetrio
698 2305 860 2388 videlieet,
883 2304 1038 2390 Omodoo,
1055 2307 1172 2391 Mieov,
1189 2307 1247 2372 Te·

124 2413 219 2498 gech,
239 2412 343 2495 Iluba,
360 2414 483 2496 Portal,
500 2413 616 2495 Jacob,
635 2413 788 2495 Domous,
807 2413 943 2496 Domov,
969 2413 1060 2480 Bitoo
1076 2419 1107 2478 et
1122 2412 1248 2480 duobus

122 2520 199 2585 filiis
210 2521 315 2602 Heoh,
333 2525 409 2583 ante
425 2520 535 2585 Jnlam
551 2519 737 2585 Palatinum
754 2528 785 2585 et
801 2520 1055 2606 Supruniensem
1072 2519 1247 2605 Comitem

58 2685 61 2689 r
122 2628 170 2694 sio
187 2627 291 2692 eniam
307 2627 460 2710 quodam,
477 2628 607 2694 nomine
624 2627 778 2694 Faroasio
800 2628 840 2692 de
857 2629 969 2712 Colon,
996 2629 1104 2711 quise
1123 2629 1250 2712 pristal-

122 2734 199 2799 dnm
226 2735 261 2798 in
275 2734 338 2799 hae
355 2753 455 2799 eausa
472 2735 611 2819 dicebat,
641 2737 801 2801 referente
818 2735 1013 2818 audivimus,
1041 2757 1101 2820 pro
1124 2743 1250 2821 septem

122 2841 243 2906 marcis
270 2842 409 2924 argenti,
436 2844 548 2925 quein
566 2843 678 2908 eodem
704 2843 848 2924 instanti,
872 2843 904 2906 in
930 2842 1101 2924 presencia
1126 2850 1250 2926 nostra,

124 2949 232 3016 eidem
249 2949 409 3015 venditori
426 2957 502 3015 sunt
518 2951 632 3017 solute.
649 2951 752 3015 Terra
773 2958 890 3032 antem,
911 2950 994 3014 siout
1016 2947 1102 3014 idem
1117 2951 1251 3035 Stepha-

123 3077 196 3140 nus,
217 3077 316 3139 quam
331 3058 510 3144 pristaldns
530 3060 600 3124 eius
616 3058 803 3140 retulerunt,
821 3057 963 3140 undique
975 3062 1096 3122 metata
1111 3063 1171 3140 est,
1189 3077 1251 3139 qne

124 3187 167 3232 ex
183 3187 251 3231 una
267 3173 362 3251 parte
387 3168 516 3234 adiacet
533 3175 618 3233 terre
635 3169 728 3253 Wep,
746 3187 786 3230 ex
803 3169 906 3232 altera
930 3173 1014 3231 terre
1035 3164 1190 3247 Chomud,
1210 3185 1251 3230 ex

124 3278 228 3341 tercia
238 3282 323 3342 terre
339 3277 445 3361 Huda,
464 3298 504 3342 ex
515 3285 632 3361 quarta
642 3285 727 3342 terre
748 3277 892 3342 eiusdem
903 3275 1069 3360 Stephani,
1088 3295 1129 3340 ex
1139 3275 1253 3358 quinta

124 3391 212 3449 terre
229 3383 334 3449 Bend.'
359 3384 451 3450 Vnde
467 3385 594 3450 litteras
620 3385 680 3450 snb
698 3384 806 3467 sigillo
833 3389 953 3466 nostre,
981 3401 1022 3446 ne
1040 3382 1144 3448 forum
1170 3383 1254 3448 inter

126 3508 184 3556 eos
210 3488 332 3554 factum
347 3491 444 3574 lapsu
468 3492 624 3575 temporis
653 3511 711 3574 per
737 3491 872 3555 eundem
891 3489 1100 3574 Stephanum,
1128 3489 1180 3554 vel
1196 3507 1255 3575 per

128 3597 214 3661 alios
230 3596 365 3680 infringi
380 3599 495 3684 possit,
517 3599 588 3663 dari
605 3599 749 3664 fecimus.
777 3601 869 3666 Anno
886 3597 1130 3664 Inoarnaoionis
1146 3597 1255 3663 Domi·

125 3701 200 3768 nioe
217 3703 337 3769 Μ’)ΟΟο
348 3703 494 3769 XX⁰VI?

130 3898 179 3962 (As
191 3901 292 3951 eredoti
306 3898 372 3951 utr'rn
387 3903 492 3954 kerolto
506 3901 604 3954 Romer
617 3901 721 3964 Floris;
736 3904 819 3966 Gyori
833 3901 983 3952 tortonelmi
998 3901 1026 3952 es
1041 3900 1171 3966 regeszeti
1184 3903 1256 3954 fitne-

543 3994 598 4054 telr,
609 3995 646 4042 II.
661 3993 737 4045 kotet
747 3995 808 4042 289.
823 3992 852 4056 l.)

567 4289 829 4302 ——n———-——-
