3202 5190
823 279 978 385 mc..

341 507 426 571 gone
452 481 655 566 Keweiensi‚
682 479 786 545 bliebo
810 475 1011 546 Bicboriensi
1022 525 1030 558 ,
1057 472 1216 541 Nicbolao
1242 470 1472 559 Supruniensi,

338 591 524 661 Alexandro
534 587 751 672 Sumugiensi,
768 587 879 668 Bugen
893 583 1040 666 Albensi,
1058 581 1217 648 Niebolao
1228 580 1343 646 Ferrei
1359 579 1472 645 Castri

338 699 519 768 Comitatus
535 695 728 780 tenentibus,
745 692 849 776 Regni
866 692 970 759 nostri
986 711 1071 758 anno
1088 695 1215 758 octauo.

340 897 475 962 (Eredetie
487 891 661 959 bo'rbtrtydn,
672 892 795 958 mclynelr
805 886 911 942 uterer
924 905 941 940 a
954 885 1042 956 kirtly
1055 904 1129 957 nagy
1141 889 1225 941 alaku
1239 887 1362 957 pecsdtja
1375 895 1473 941 veros·

340 987 421 1054 slrga
435 988 535 1052 selyem
548 982 670 1036 asindron
685 983 760 1049 ldgg,
774 997 790 1033 a
802 978 903 1034 semele.
915 979 1031 1045 berczag
1041 975 1208 1045 Batmytnyi
1220 975 1314 1032 esaldd
1327 979 1475 1032 bermondi

804 1065 1001 1135 levdtlrtbsn.)

347 2005 389 2066 Il.
405 2003 510 2066 Esurire
526 1999 632 2085 kirdly
644 2023 663 2060 o
674 1997 908 2084 proruuculralrui
919 1998 1119 2082 apdtsdpuult
1135 1999 1200 2081 rdpr'
1216 1997 1356 2061 birtotcts
1371 2003 1409 2084 ej
1421 2000 1475 2064 ole-

654 2103 825 2192 mriuyrtyul
841 2106 950 2168 ordrici
965 2127 1038 2189 mep.
1057 2107 1154 2170 1213.

453 2305 490 2368 In
507 2303 637 2370 nomine
662 2303 780 2367 Sancte
796 2300 964 2366 Trinitatis
990 2304 1022 2364 et
1038 2299 1208 2365 individue
1229 2301 1380 2366 Vnitatis.
1410 2301 1476 2367 Au·

347 2411 442 2476 dreas
459 2411 520 2476 Dei
538 2410 645 2494 gratia
661 2409 847 2492 Hungarie,
864 2407 1042 2490 Obroatis,
1060 2407 1248 2489 Dalmaeie,
1271 2409 1383 2488 Reme,
1402 2408 1478 2473 Ser·

346 2519 415 2600 uie,
442 2517 568 2584 Galicie
585 2515 840 2600 Lodomerieque
857 2517 926 2582 Rex
952 2515 1206 2600 inperpetuum.
1234 2514 1394 2591 Quoniam
1423 2535 1475 2596 ea,

345 2645 408 2709 que
424 2624 591 2690 eharitatis
603 2629 756 2707 geruntur
772 2621 889 2704 officio,
907 2621 995 2708 apud
1004 2641 1085 2704 eum,
1099 2621 1153 2704 qui
1170 2620 1313 2687 ebaritas
1329 2629 1388 2704 est,
1406 2642 1476 2688 non

346 2731 430 2794 celat
455 2730 586 2815 ingrata
612 2736 793 2816 temporum
813 2731 953 2814 obliui03
981 2729 1113 2812 dignum
1140 2733 1200 2812 est,
1228 2735 1262 2792 nt
1278 2748 1338 2810 ea,
1371 2748 1439 2810 que
1455 2751 1478 2794 a

346 2837 488 2919 Regibus
504 2835 647 2919 gloriose
673 2836 828 2903 memorie
844 2835 962 2900 Diuine
981 2833 1255 2900 remuneracionis
1275 2834 1391 2900 intuitu
1409 2837 1476 2901 ool-

346 2946 415 3009 lata
431 2943 586 3010 Ecclesiis
604 2963 678 3010 esse
693 2949 952 3027 cognoscuntur,
980 2949 1070 3008 tanto
1087 2942 1281 3009 clemencins
1296 2941 1402 3027 Regia
1419 2963 1476 3008 au-

346 3051 499 3116 thoritate
514 3050 610 3116 illesa
626 3055 855 3136 permaneant3
873 3054 994 3134 quanto
1008 3049 1175 3116 oraciones
1185 3050 1257 3116 Deo
1267 3049 1393 3134 jugiter
1406 3070 1476 3116 ser-

347 3157 507 3224 uiencium
534 3156 623 3243 apud
639 3160 761 3240 Regem
777 3159 901 3240 Regum
917 3156 1059 3223 omnium
1084 3157 1329 3224 clementiorem
1347 3158 1477 3225 aditum

347 3266 492 3349 optinere
509 3266 563 3349 pie
589 3263 801 3331 conliduntur.
828 3263 946 3330 Dileeti
962 3265 1062 3348 igitur
1080 3285 1119 3330 ac
1137 3264 1243 3331 tidelis
1270 3267 1373 3333 nostri
1390 3268 1477 3333 Vros

346 3371 484 3436 Abbatis
502 3371 543 3437 de
558 3373 668 3438 Monte
684 3369 795 3437 Sancti
812 3372 942 3438 Martini
958 3373 990 3438 in
1006 3373 1179 3438 Pannonia
1201 3371 1376 3439 favorabili
1393 3375 1476 3460 peti·

347 3477 430 3541 eioni
457 3477 596 3560 benigne
622 3478 936 3560 condescendentes,
968 3478 1175 3565 priuilegium
1192 3475 1298 3545 'Beati
1324 3478 1477 3547 Ladizlai

347 3582 446 3664 Regis
461 3583 603 3665 gloriose
628 3584 780 3650 memorie
796 3589 886 3650 tanto
903 3585 1108 3651 clemenciori
1125 3584 1254 3668 affectu,
1280 3605 1321 3650 ne
1341 3585 1477 3653 inimice

347 3689 518 3753 vetustatis
535 3691 758 3755 succumberet
775 3689 927 3774 silencio,
956 3690 1007 3756 vel
1025 3691 1136 3774 alique
1158 3693 1346 3780 calumpnia
1373 3713 1478 3760 emer·

348 3802 444 3876 gente
468 3794 650 3879 deperiret,
668 3796 771 3878 Regia
796 3797 994 3864 authoritate
1009 3797 1142 3883 dignum
1158 3799 1308 3866 duximus
1324 3800 1477 3867 corrobo·

348 3921 420 3968 rare
436 3907 467 3967 et
491 3921 668 3987 renouare;
695 3910 817 3986 quanto
843 3923 982 3989 superne
1006 3906 1071 3972 uite
1090 3905 1282 3974 seruenciori
1310 3906 1475 3973 desiderio

348 4011 389 4076 ab
416 4010 488 4094 ipso
513 4009 614 4076 Beato
631 4011 720 4093 Rege
744 4011 896 4076 collatum
913 4019 944 4078 et
969 4011 1191 4080 confirmatum
1217 4013 1303 4080 dicte
1326 4014 1476 4080 Ecclesia

347 4137 419 4184 esse
436 4117 567 4184 minime
583 4116 777 4200 diffidimus;
795 4125 827 4182 et
845 4125 965 4200 quanto
982 4118 1170 4185 euidenoins
1190 4118 1399 4187 oracionibus
1415 4119 1475 4185 ibi·

348 4225 421 4288 dem
437 4225 508 4288 Deo
520 4223 644 4307 jugiter
669 4223 883 4289 seruiencium
899 4223 932 4291 in
953 4225 1250 4311 opportunitatibus
1275 4226 1398 4292 nostris
1413 4246 1474 4293 nos

348 4330 498 4414 adjuvari
524 4328 662 4396 feliciter
687 4330 819 4397 cottidie
844 4331 1009 4398 sentimus.
1036 4331 1131 4400 Unde
1155 4333 1232 4416 quia
1257 4333 1378 4399 Beatus
1404 4335 1476 4400 Rex

348 4434 523 4502 Ladizlaus
545 4435 635 4501 illam
653 4435 833 4503 Ecclesiam
850 4438 1035 4524 specialiter
1050 4439 1258 4524 prerogatina
1284 4439 1474 4506 dileccionis

348 4541 379 4605 in
397 4541 546 4608 omnibus
564 4544 734 4629 amplexus
751 4549 818 4625 est;
846 4549 936 4611 tante
952 4547 1177 4631 prerogatiue‚
1200 4559 1296 4630 qna'm
1314 4567 1357 4614 cn
1375 4549 1472 4632 longa
