3202 5190
592 323 747 427 -34—9-

104 519 201 585 nibus
218 518 354 604 setigeri
369 538 418 597 eo,
436 517 523 602 qnod
538 517 673 586 libertas
690 519 763 604 ipss
773 521 806 586 in
823 521 995 608 priuilegio
1015 523 1231 610 petrisnostri

105 623 212 690 minus
228 625 377 710 plenarie
393 631 444 692 est
458 644 635 712 expresso3
661 645 722 692 nos
738 626 779 692 de
794 633 905 694 nostre
928 628 1105 697 deuooione
1124 629 1230 696 eidem

103 731 303 799 Monesterio
319 729 558 819 expressiorem
574 731 782 799 concedimus
798 732 990 819 libertatem,
1008 735 1179 802 uidelicet:
1197 744 1232 802 ut

104 838 252 926 predicte
276 859 379 908 nones
393 838 506 906 Sancti
521 839 652 906 Martini
676 860 736 926 per
751 841 861 908 omnia
877 861 949 908 eom
973 842 1157 910 libertatem
1175 843 1230 909 lna-

106 948 225 1032 beant,
256 965 356 1030 qoam
381 945 580 1032 Bistryensis
606 954 639 1012 et
665 947 853 1016 Orodiensis
879 949 1098 1016 Ecclesiomm
1128 968 1230 1016 nones

106 1058 250 1120 utentur.
275 1052 317 1120 nt
335 1059 370 1118 ut
385 1050 482 1118 hoins
497 1059 608 1120 nostre
623 1052 880 1122 confirmacionis
896 1063 928 1122 et
943 1057 1162 1124 concessionis
1177 1077 1231 1123 no·

104 1167 173 1228 stre
188 1168 283 1230 tenor
307 1167 499 1247 perpetuum
516 1162 614 1228 robur
631 1162 796 1248 optineat,
822 1183 895 1232 eum
920 1164 1111 1232 anctoritate
1127 1165 1231 1248 Regia

106 1269 325 1355 perhenemns
340 1289 400 1356 per
425 1276 610 1355 presentem
626 1269 783 1356 peginam
799 1269 907 1356 sigillo
933 1265 1048 1339 nostro
1063 1271 1229 1338 munitam.

105 1377 228 1444 Datum
254 1397 313 1463 per
339 1397 454 1444 manns
474 1375 623 1460 Magistri
648 1375 772 1442 Thone
798 1377 873 1444 sule
897 1378 999 1463 Begie
1024 1377 1229 1460 (lancellerii,

104 1491 137 1550 et
162 1483 415 1572 Bezprimiensis
439 1485 621 1571 Prepesiti,
654 1504 739 1551 snno
770 1483 813 1550 ab
839 1486 1070 1553 Inoamscione
1098 1485 1230 1554 Domini

105 1593 151 1657 ll?
162 1590 230 1658 OC?
243 1593 304 1668 le'
316 1591 502 1658 Venerabili
511 1592 660 1660 iohanne
671 1591 887 1676 strigoniensi
898 1593 1162 1679 Archiepisoopo,
1172 1594 1229 1658 Re-

105 1699 249 1767 uerendo
265 1699 440 1768 Bertholdo
457 1697 627 1768 Colocensi
644 1699 756 1768 Electo
773 1699 905 1766 etBsno
922 1699 1154 1794 existentibus;
1171 1699 1230 1765 Os·

105 1807 184 1874 lano
202 1806 617 1892 Quinque-Eccleslensem,
633 1805 786 1874 Bolezlso
803 1807 1016 1892 Wooiensem,
1037 1805 1229 1891 Gothepono

105 1915 318 2000 Agriensem,
335 1915 467 1984 Simone
483 1912 730 1981 Wersdiensem
739 1964 749 1999 ,
775 1913 945 1980 Desiderio
961 1913 1229 1997 Ghenediensem

105 2023 278 2090 Willermo
296 2022 648 2106 Transsilvaniensem
665 2019 833 2088 Gothsrdo
849 2020 1114 2105 Zegrsbiensem,
1134 2021 1230 2087 Petro

105 2129 320 2198 Genriensem
331 2181 340 2216 ‚
366 2131 507 2198 Roberto
532 2129 805 2214 Bczprimiensem
830 2128 994 2195 Ecclesiae
1020 2127 1156 2196 feliciter
1176 2147 1229 2212 gu-

105 2237 340 2322 bernantibus3
367 2237 449 2303 Poth
466 2235 616 2303 Palatino
632 2244 665 2301 et
681 2235 897 2302 llnssuniensi
914 2234 1049 2319 comite,
1073 2235 1230 2301 lliehsele

104 2345 269 2412 Woinoda
293 2343 527 2430 existentibns;
560 2347 655 2410 Petro
681 2343 852 2411 Bachiensi
863 2394 872 2428 ,
901 2343 978 2410 Julc
1001 2332 1228 2426 Bridrugiensl,

102 2453 259 2520 Bsncone
273 2451 497 2538 Bychoriensi,
515 2451 569 2536 qui
586 2461 619 2517 et
635 2451 774 2518 Coriolis
791 2455 908 2519 Comes
927 2457 977 2518 est
992 2450 1128 2534 Regino,
1145 2449 1229 2514 ller-

104 2561 189 2629 cello
205 2561 401 2646 Kewcicnsi,
420 2561 476 2644 qui
492 2569 525 2627 et
543 2557 683 2627 Ourislis
699 2563 815 2627 Comes
832 2565 891 2644 est,
907 2557 1044 2625 Nicolao
1056 2557 1229 2624 Posonien·

103 2691 175 2737 sem
191 2668 388 2735 comitatum
403 2668 600 2751 tenentibus,
625 2667 729 2752 Regni
745 2667 848 2734 nostri
864 2687 949 2732 anno
966 2665 1024 2732 Vl.⁰

141 2869 177 2930 (A
197 2869 388 2934 pannoolnalmi
408 2865 608 2934 lliapltslgnnlr
628 2862 814 2918 levtltirlbsn
833 2863 892 2916 livii
913 2864 936 2914 ri.
952 2881 978 2914 n.
998 2865 1080 2915 Liber
1090 2864 1191 2914 Rubor·

129 2971 132 2982 ·
600 2957 644 3008 sor
661 2957 744 3020 rer.)

545 3243 796 3252 -·——-—-—--
