3202 5190
593 383 750 484 ...aa

108 579 305 665 antiquitate
321 577 476 664 possidet,
501 578 660 662 derogare
675 579 806 646 minime
824 582 855 647 in
873 583 982 669 aliquo
998 587 1154 670 volentes,
1173 587 1229 654 sed

103 695 139 753 nt
150 689 207 772 jus
223 686 342 769 exigit,
360 685 498 752 eundem
516 686 632 769 locum,
650 706 745 770 quem
768 687 894 773 integro
911 689 1028 757 affectu
1044 695 1230 778 specialiter

104 794 280 879 diligimus,
299 793 456 880 ampliare
466 799 673 879 satagentes;
692 795 816 862 scilicet
825 797 983 882 quidquid
993 800 1084 866 estin
1100 808 1229 868 aucten-
1272 811 1277 820 ‘

103 900 276 968 tieoBeati
293 901 401 986 Regis,
419 901 461 966 ad
479 900 727 968 rescindendum
740 905 916 987 quamlibet
935 907 1155 992 calumpniam
1172 896 1229 974 im·

104 1017 268 1094 posterum
287 1014 443 1094 perpetuo
463 1009 700 1074 confirmamus.
719 1009 826 1076 Tener
843 1017 951 1078 autem
968 1015 1140 1082 auctentioi
1152 1015 1228 1102 ipsi·

104 1135 143 1182 us
158 1114 236 1182 talis
255 1120 315 1181 est.
917 1201 923 1212 ι

213 1219 369 1299 Quamvis
387 1219 481 1287 homo
498 1221 608 1287 omnia
617 1271 626 1304 ,
644 1240 706 1304 quc
722 1223 878 1308 possidet,
894 1245 915 1290 a
934 1225 1003 1291 Deo
1021 1227 1157 1312 babeat,
1183 1235 1229 1295 ta-
1277 1261 1278 1264 ¹

105 1348 178 1394 men
194 1325 229 1393 id
245 1327 331 1412 quod
348 1326 457 1412 habet,
474 1329 545 1394 Deo
560 1327 697 1411 prebere
713 1347 777 1394 non
794 1328 929 1395 dubitet.
956 1331 1083 1398 Etenim
1099 1334 1127 1400 si
1142 1333 1229 1402 Chri-

104 1443 165 1520 sto,
184 1457 204 1501 a
220 1454 284 1518 qno
300 1436 402 1502 multa
412 1434 520 1519 habet,
539 1454 646 1519 pauca
656 1437 823 1520 porrigere
839 1435 980 1523 dubitat3
999 1447 1031 1505 et
1047 1441 1126 1526 ilud,
1143 1445 1229 1527 quod

104 1543 252 1629 possidet
268 1542 384 1628 perdit,
402 1550 434 1609 et
450 1544 521 1628 eJus
537 1545 803 1628 remuneratione,
829 1551 864 1611 ut
879 1546 1056 1615 absconsor
1073 1550 1168 1616 nnius
1185 1559 1229 1617 ta-

104 1651 184 1717 lenti
209 1650 340 1716 carebit.
366 1649 451 1727 Quia
467 1651 521 1734 qni
547 1649 579 1716 in
596 1649 649 1717 his
663 1650 884 1737 delectantur,
910 1673 973 1736 que
998 1654 1226 1738 hujusmundi

106 1763 191 1842 sunt,
208 1776 336 1843 semper
352 1756 555 1840 mendicant,
582 1763 615 1822 et
631 1757 664 1822 in
681 1763 827 1840 egestate
842 1767 1042 1842 permanent.
1064 1760 1136 1838 Qua
1151 1785 1228 1832 vero

106 1863 365 1931 remuneratione
388 1884 430 1929 uc
455 1865 675 1950 privaremur,
700 1863 910 1932 Beatissimae
935 1869 1004 1934 Rex
1033 1869 1227 1957 Stephanus,

105 1971 221 2056 suique
246 1990 451 2038 successores
467 1973 583 2055 Reges,
600 1973 719 2055 Duces,
736 1972 920 2056 Pontifices,
939 1973 1091 2058 Comites,
1117 1980 1227 2045 ceteri-

105 2099 167 2163 que
193 2076 337 2162 religiosi
363 2079 510 2145 homiuea
522 2129 530 2162 ,
557 2083 588 2143 et
608 2079 677 2163 Ego
703 2080 772 2145 Rex
797 2079 972 2148 Ladizlaus
997 2085 1227 2152 monasterinm

104 2185 214 2252 Sancti
231 2185 363 2251 Martini
379 2205 476 2272 snpra
487 2187 627 2253 Mentem
638 2187 806 2278 Paunpnie
822 2188 928 2272 situm,
945 2197 1041 2274 prout
1058 2191 1162 2276 Regia
1176 2194 1228 2259 uis

105 2292 285 2376 concessit,
311 2293 421 2359 multis
446 2293 701 2362 condonanimus
727 2295 854 2381 opibus.
883 2297 976 2364 Unde
993 2317 1087 2382 vero,
1115 2321 1154 2365 ne
1170 2319 1228 2386 per

105 2399 294 2466 violentiam
311 2400 492 2484 aliquorum
508 2401 560 2466 vel
576 2402 742 2486 fraudem,
774 2423 831 2470 seu
846 2424 905 2490 per
920 2407 1155 2491 negligentiam
1171 2407 1227 2475 ali-

105 2505 183 2590 quid
200 2507 364 2593 depereat,
390 2507 460 2592 Ego
476 2509 544 2574 Rex
560 2509 727 2592 Hungarie
743 2510 918 2579 Ladizlaus
935 2514 1071 2581 consilio
1087 2515 1227 2582 omnium

106 2617 208 2699 Regni
225 2615 288 2680 mei
304 2614 481 2680 Primatum
508 2615 619 2680 curaui
636 2617 839 2685 dinumerare
856 2625 887 2685 et
902 2621 1130 2688 commendare
1155 2621 1229 2688 huie

107 2723 216 2787 charte
234 2720 398 2806 scripturo.
426 2722 466 2787 Et
482 2729 516 2786 ut
531 2729 663 2808 propter
678 2725 905 2810 antiquitatem
922 2729 1119 2813 negligentic
1137 2730 1228 2796 loeus

106 2849 169 2897 non
186 2829 335 2911 daretur,
358 2829 535 2913 jussimus,
560 2839 595 2896 ut
611 2831 654 2896 ad
670 2833 858 2900 memoriam
884 2837 1021 2920 porteris
1038 2857 1096 2922 per
1122 2855 1228 2904 suece-

107 2936 216 3003 dentia
232 2942 380 3021 tempora
396 2937 634 3003 observaretur.
652 2936 721 3014 Qne
737 2947 845 3005 antem
862 2941 984 3007 tradita
1000 2949 1083 3027 sunt,
1101 2961 1228 3026 queque

106 3042 267 3126 acquisita
292 3043 398 3108 cidem
416 3045 533 3109 Sancte
549 3043 609 3109 Dei
627 3043 772 3110 Ecclesia
798 3047 841 3111 ab
857 3046 907 3112 his
932 3047 1067 3132 prefatis
1094 3048 1226 3116 bomini·

106 3153 184 3234 bus,
212 3169 284 3216 cnm
303 3152 426 3218 ceteris
444 3151 511 3217 suis
536 3150 694 3218 reditibus
719 3151 861 3236 interra,
888 3153 921 3218 in
937 3173 1033 3237 aqua,
1057 3154 1091 3220 in
1107 3155 1227 3223 tributo

106 3259 185 3324 etin
203 3259 290 3323 omni
307 3257 491 3324 substantia
507 3265 538 3324 et
553 3258 718 3341 facultate,
744 3258 924 3324 continetur
941 3259 1001 3324 sub
1019 3259 1079 3326 bac
1096 3261 1227 3328 denota·

106 3365 203 3431 tione.
221 3365 290 3430 Hec
306 3373 379 3430 sunt
395 3372 502 3431 autem
518 3365 636 3452 predia
652 3373 683 3431 et
700 3366 885 3432 mansiones
901 3371 1071 3451 ceteraque
1091 3368 1225 3436 mobilia
1268 3423 1273 3430 .

106 3469 251 3555 ejusdem
269 3473 388 3537 Sancte
404 3472 467 3538 Dei
483 3473 648 3540 Ecclesie:
665 3471 807 3538 Primum
824 3473 971 3558 predium
988 3483 1039 3541 est
1047 3475 1226 3560 Pannonia,

105 3580 161 3645 nbi
178 3579 409 3646 llonasterinm
435 3580 531 3646 situm
559 3585 617 3646 est.
644 3579 826 3646 Secundum
851 3580 999 3667 predium
1025 3591 1075 3649 est
1098 3584 1228 3667 Ruohti,

105 3687 191 3771 quod
208 3686 298 3753 dedit
315 3689 384 3754 Rex
400 3686 575 3754 Ladizlaus
590 3707 650 3773 pro
666 3688 891 3772 redempcione
908 3689 1016 3756 anime
1032 3710 1099 3774 sue,
1126 3697 1158 3758 et
1175 3691 1228 3758 sil·

107 3813 183 3859 uam
199 3813 308 3878 uuam,
325 3814 386 3878 qne
401 3801 536 3863 uocatur
551 3795 697 3878 Hashag.
714 3796 857 3862 Tertium
874 3795 1021 3882 predium
1038 3803 1088 3865 est
1098 3797 1230 3866 Himudi

106 3900 237 3967 nemine
252 3900 330 3966 ville
345 3902 556 3988 appellatum.
574 3901 732 3979 Quartum
748 3903 895 3988 predium
912 3911 971 3988 est,
992 3903 1079 3987 quod
1094 3913 1230 3972 vocatur

105 4005 200 4072 Labi.
211 4003 366 4084 Quintum
377 4007 523 4093 predium
535 4013 593 4090 est,
601 4007 686 4090 quod
696 4009 988 4094 vocaturVuosian,
1001 4009 1115 4076 eodem
1126 4011 1229 4077 eciam

105 4113 235 4179 nomine
251 4113 328 4179 ville
345 4113 555 4199 appellatum.
584 4116 716 4180 Sextum
733 4112 880 4199 predium
895 4122 944 4179 cst
960 4113 1099 4179 Weihna
1115 4117 1228 4182 ecdem

105 4219 200 4286 modo
216 4221 346 4286 nomine
363 4221 440 4289 ville
460 4223 673 4306 appellatum.
701 4219 880 4304 Septimum
897 4219 1044 4303 predium
1065 4227 1124 4302 est,
1142 4221 1228 4306 quod

106 4324 195 4392 dedit
205 4327 305 4392 Karci
319 4329 434 4395 eodem
444 4329 546 4396 eciam
557 4329 694 4410 nominc,
712 4327 804 4410 cujus
822 4325 1005 4413 appellatur
1015 4326 1115 4393 locus.
1136 4327 1229 4394 Octa·

105 4453 179 4499 vum
196 4434 344 4519 predium
361 4443 428 4518 est,
458 4435 545 4521 qnod
561 4455 582 4500 a
598 4435 713 4502 colono
737 4433 863 4518 accepit
885 4433 1076 4499 vocabulum
1092 4433 1228 4516 Wcinic,

106 4544 138 4604 ct
153 4541 307 4623 quoniam
323 4542 368 4608 ibi
380 4543 577 4628 pisoatemm
594 4543 689 4627 eopia
705 4547 765 4623 est,
783 4539 825 4606 ad
839 4539 995 4606 auxilium
1012 4559 1124 4607 eorum
1140 4539 1230 4606 dedit

107 4647 176 4711 Rex
186 4645 360 4716 Ladizlaus
377 4651 482 4716 lacum
503 4669 611 4733 unum,
629 4649 684 4733 qui
700 4647 958 4732 vccatanrecu,
978 4655 1010 4714 et
1026 4655 1147 4714 terram
1157 4665 1229 4731 par·
