3268 5194
861 347 1020 452 A..

375 565 435 616 sus
451 545 556 616 clerus
572 555 605 616 ct
619 549 760 636 populus
776 547 977 616 Jadereusis.
993 548 1035 616 lit
1053 567 1115 636 ego
1132 549 1172 616 G.
1189 549 1228 616 G.
1245 547 1392 636 Scriptor
1408 545 1507 636 hujus

374 657 521 726 cartulae
537 659 588 725 bis
604 656 745 742 interlui,
761 663 795 724 et
810 657 904 724 testis
919 673 1003 724 sum.

624 857 739 924 (Farlab'
751 857 889 926 Illyricum
904 855 1018 910 Sacrum
1030 855 1063 908 V.
1076 855 1132 908 ket
1145 854 1207 908 boi.
1220 852 1251 926 1.)

802 1123 1061 1142 v-w--m

909 1687 964 1760 23.

375 1889 502 1958 Girord
512 1891 619 1976 pdpui
633 1889 780 1956 lcduetnek
795 1889 990 1972 leotronam,
1014 1887 1154 1978 mclylycl
1169 1890 1277 1956 Peterl
1292 1897 1378 1955 csend
1393 1909 1504 1975 psyco-

434 1998 510 2084 pom'
524 2001 635 2089 updtot
651 2021 692 2066 aa.
710 1999 811 2066 Jonas
827 1997 1026 2087 czelldjdook
1041 1997 1229 2064 birtolrdban
1245 1997 1324 2063 cidi.
1342 1998 1443 2064 1075.

482 2197 520 2261 ln
537 2213 621 2261 anno
637 2195 679 2260 M.
690 2195 727 2260 L.
738 2193 840 2262 XXV.
857 2194 900 2260 ab
916 2193 1144 2264 lucamatione
1153 2193 1284 2262 Domini
1303 2193 1408 2262 nostri
1422 2193 1507 2260 lesu

376 2301 505 2387 Christi,
522 2321 632 2370 mense
647 2301 852 2387 Novembris,
869 2321 910 2370 ea
924 2307 1129 2389 tempestate,
1156 2321 1222 2390 qna
1237 2302 1354 2371 Comes
1370 2299 1507 2368 Amicus

376 2411 499 2493 Regem
515 2407 668 2476 Oroatiae
686 2407 782 2493 cepit.

482 2516 552 2601 Ego
569 2514 729 2583 Girardus
744 2519 884 2582 Sanctae
900 2517 1067 2583 Romanae
1081 2513 1251 2583 Ecclesiae
1259 2513 1506 2602 Apocrisarins,

375 2623 630 2709 Sipontinaeque
645 2623 740 2691 Sedis
756 2623 865 2709 gratia
879 2623 941 2690 Dei
956 2623 1202 2711 Archipraesul,
1221 2623 1342 2691 missus
1358 2645 1381 2691 a
1395 2622 1508 2691 Domi-

377 2751 419 2798 no
436 2730 595 2814 Gregorio
611 2731 705 2815 Papa
729 2736 841 2814 partes
857 2730 889 2795 in
905 2729 987 2796 istas
997 2780 1006 2813 ,
1031 2729 1130 2796 statui
1150 2736 1299 2796 sanctam
1323 2729 1507 2816 Synodum‚

377 2837 548 2923 Spoletina
563 2837 597 2902 in
613 2837 694 2902 urbe
717 2836 852 2920 sedens,
879 2837 1030 2904 universo
1047 2857 1119 2902 cum
1135 2842 1229 2904 coetu
1253 2835 1389 2904 firmans
1413 2854 1507 2920 vera,

304 3003 310 3016 ,
376 2963 535 3012 execrans
550 2942 675 3026 illicita,
693 2961 851 3028 respuens
866 2943 963 3010 falsa.
979 2946 1063 3011 Tum
1078 2943 1112 3010 in
1126 2944 1210 3013 hora
1230 2945 1348 3012 Petrus
1363 2943 1508 3010 Venera-

376 3051 453 3118 bilis
467 3051 581 3118 Abbas
605 3051 717 3118 Sancti
733 3052 919 3137 Grysogoni
943 3057 1137 3138 conquestus
1163 3057 1214 3120 est
1227 3051 1269 3119 de
1292 3052 1379 3118 uella
1391 3047 1509 3118 Sancti

376 3158 555 3242 lobannis,
581 3177 665 3243 quae
681 3158 780 3240 vulgo
795 3157 928 3244 Silagus
943 3159 1146 3242 nominatur,
1174 3158 1261 3245 quod
1278 3177 1356 3225 suns
1372 3158 1508 3246 Episeo

376 3286 447 3354 pus,
464 3266 615 3334 videlicet
623 3267 806 3351 Stephanus
822 3265 912 3332 illam
929 3266 993 3332 sibi
1007 3265 1206 3350 abstulerat,
1223 3265 1310 3332 unde
1320 3263 1436 3332 Abbas
1451 3285 1508 3331 no

376 3373 428 3442 bis
444 3373 624 3439 chartulam
641 3373 796 3459 porrexit,
820 3373 854 3438 in
870 3391 936 3458 qna
949 3371 1131 3439 invenimus
1146 3371 1234 3457 quod
1249 3369 1404 3455 Gorbina,
1421 3389 1511 3455 qnae

375 3482 452 3549 olim
468 3480 691 3566 supradictam
715 3482 833 3548 cellam
856 3499 918 3546 sua
933 3485 1050 3565 sponte
1065 3479 1265 3564 donaverat,
1291 3483 1367 3565 post
1387 3495 1509 3562 sugge

376 3591 466 3653 rente
481 3587 545 3652 sibi
560 3587 701 3670 inimico,
727 3587 880 3654 studebat
895 3586 1034 3654 anferre.
1060 3587 1131 3655 Hoc
1149 3593 1277 3672 gestum
1292 3592 1343 3653 est
1356 3590 1511 3671 tempore

376 3691 536 3758 Aonzouis
552 3693 670 3776 Legati
695 3693 817 3761 domini
832 3693 962 3763 Nicolai
980 3695 1103 3780 Papae.
1128 3695 1195 3764 Sed
1211 3694 1317 3762 dictus
1331 3691 1510 3778 Apoorisa·

375 3799 444 3866 rius
459 3798 573 3867 videns
589 3801 650 3867 hoo
666 3808 737 3867 arte
753 3801 918 3869 diabolica
935 3802 1126 3886 machinari,
1146 3801 1266 3886 audax,
1283 3809 1320 3869 nt
1334 3801 1512 3886 Scriptura

376 3911 538 3974 testatur:
566 3908 606 3993 ,J
608 3915 699 3974 ustus
716 3908 849 3974 conlidit
863 3916 899 3977 ut
914 3908 999 3992 leo“;
1015 3907 1183 3975 investivit
1197 3908 1362 3976 Abbatem
1377 3927 1439 3995 per
1454 3909 1511 3974 ba

377 4015 485 4081 culum
494 4064 503 4099 ,
529 4033 624 4100 quem
640 4015 794 4098 gestabat
816 4033 914 4081 manu
923 4063 933 4100 ,
957 4014 1071 4081 eodem
1087 4013 1200 4082 Priore
1216 4013 1418 4082 concedente
1435 4033 1511 4082 eum

376 4144 436 4193 sno
451 4124 584 4210 populo,
602 4128 635 4190 et
649 4123 783 4208 iusuper
799 4129 951 4188 aeternas
973 4120 1220 4188 maledictiones
1236 4119 1355 4189 futuris
1372 4141 1511 4207 usurpa-

377 4232 502 4302 toribus
519 4229 618 4298 dedit.
646 4229 717 4313 ligo
734 4235 842 4295 antem
857 4227 971 4295 videns
987 4227 1151 4312 sibijuste
1165 4227 1248 4312 lieri,
1273 4235 1307 4295 et
1322 4246 1419 4296 omne
1435 4247 1510 4298 cors-

378 4339 487 4406 silium
504 4355 620 4421 meum,
646 4355 774 4402 rursum
790 4335 1009 4422 praecipimus
1026 4357 1085 4404 sno
1101 4337 1250 4405 Praesuli
1269 4336 1429 4405 investire
1445 4337 1511 4405 Ab·

377 4445 486 4510 batem
511 4463 571 4511 suo
586 4443 643 4511 illo
666 4443 823 4511 coenobio
848 4459 907 4528 per
932 4445 1070 4529 pedum,
1096 4445 1184 4530 quod
1207 4463 1305 4511 manu
1331 4447 1510 4531 portabat5

378 4550 674 4617 contradicentibus
691 4555 799 4616 autem
814 4556 927 4618 nostra
941 4553 1043 4618 verba
1058 4551 1150 4636 haec,
1175 4557 1209 4616 et
1224 4551 1356 4619 auferre
1371 4553 1511 4620 volenti-

378 4658 450 4741 bus,
474 4663 549 4747 post
563 4657 663 4726 noxia
678 4657 781 4726 verba
795 4658 885 4731 illius
900 4658 1127 4751 missiprioris
1142 4659 1380 4750 collaudamus,
1405 4667 1440 4726 et
1455 4681 1511 4732 no·
