3268 5194
412 1137 541 1198 Zirmas
556 1131 695 1219 rpaiutci
704 1130 805 1218 prior,
824 1130 932 1216 cuppis
946 1131 1055 1196 adreci
1063 1128 1234 1216 fdradlcuck
1250 1124 1462 1216 etp-eudelete

882 1238 981 1304 1078.

472 1419 510 1484 In
525 1415 655 1484 nomine
671 1415 803 1484 Domini
819 1415 921 1484 nostri
937 1417 1017 1484 Jesu
1030 1417 1161 1485 christi.
1179 1417 1250 1502 Ego
1266 1415 1394 1481 Zirmas
1410 1431 1501 1479 nnnc

366 1523 460 1591 Prior
470 1522 674 1610 Spalatensis
691 1523 985 1590 filiusl‘raestantii
1000 1525 1106 1592 bonae
1117 1521 1303 1608 memoriae,
1324 1521 1402 1589 olim
1418 1521 1501 1586 item

365 1633 569 1721 spalatensis
585 1631 718 1700 Prioris.
745 1632 795 1697 Ex
812 1653 874 1716 quo
892 1633 1048 1701 Dominus
1072 1641 1182 1702 noster
1198 1654 1249 1701 mc
1267 1629 1419 1699 clementi
1436 1649 1501 1697 sua

364 1749 566 1828 paternaque
584 1741 769 1808 visitatione
786 1741 939 1826 dignatus
957 1749 1025 1826 est,
1052 1743 1193 1811 adversa
1207 1739 1415 1822 valetudine,
1442 1757 1501 1804 va·

365 1849 487 1934 riisqne
506 1849 652 1934 eorporis
678 1847 891 1916 incommodis
906 1849 1020 1917 vexari
1037 1849 1149 1936 coepi,
1171 1855 1203 1918 et
1219 1869 1292 1916 cum
1308 1865 1501 1934 supremum

365 1957 454 2023 vitae
470 1957 555 2022 diem
572 1955 650 2022 mihi
668 1955 836 2022 imminere
851 1957 938 2023 haud
949 1957 1067 2025 dubius
1087 1958 1280 2042 existimem,
1293 1955 1500 2042 jussiaccer·

365 2063 423 2131 siri
438 2063 540 2130 filium
565 2083 671 2130 meum
696 2063 901 2131 Dominioum
924 2065 1084 2132 Dabrium
1107 2066 1269 2132 Abbatem
1294 2061 1405 2130 Sancti
1428 2063 1501 2129 Ste-

365 2171 475 2258 phani‚
493 2171 548 2256 qni
564 2191 637 2237 cum
659 2171 803 2239 venisset
818 2193 891 2239 cnm
911 2173 978 2239 suis
995 2173 1183 2258 monachis,
1208 2181 1243 2242 ut
1260 2193 1311 2240 me
1328 2171 1499 2253 inviseret,

366 2277 540 2364 quinimmo
558 2285 593 2344 ut
609 2279 687 2346 mihi
704 2281 842 2347 consilia
857 2282 986 2348 animae
1002 2281 1173 2368 profutura
1192 2285 1404 2368 suggererem
1431 2299 1501 2346 om·

365 2405 423 2452 nes
439 2384 563 2471 pariter
587 2387 763 2455 admonere
778 2405 830 2454 me
846 2389 1034 2475 hortarique
1051 2395 1244 2478 coeperunt,
1270 2395 1305 2455 ut
1322 2385 1500 2454 monacha·

366 2492 430 2560 lem
446 2491 593 2559 habitum
608 2493 784 2580 induerem,
802 2501 834 2561 et
849 2495 882 2562 in
898 2517 1010 2565 eorum
1026 2497 1184 2565 familiam
1204 2517 1322 2566 nomen
1338 2492 1498 2583 profiteri,

365 2617 540 2684 eorumque
556 2599 656 2667 trater
682 2619 756 2669 esse
768 2603 895 2670 vellem.
922 2603 982 2671 His
998 2603 1237 2675 hortationibus
1252 2611 1422 2694 permotus
1446 2619 1500 2668 sa·

365 2707 563 2775 crumillam
579 2709 725 2794 habitum
741 2711 885 2798 sumpsi,
914 2733 1010 2799 quem
1026 2719 1124 2781 antea
1139 2715 1180 2783 ob
1197 2733 1272 2782 mea
1289 2712 1410 2780 delicta
1427 2729 1500 2777 sus·

366 2811 476 2900 cipere
493 2817 670 2883 abnuerem
679 2869 688 2902 ,
714 2823 746 2885 et
761 2839 965 2906 summopere
982 2820 1116 2907 gavisus
1132 2843 1203 2889 sum
1220 2841 1271 2888 mc
1291 2817 1499 2905 adscriptum

365 2920 465 2990 fnisse
481 2923 631 3008 catalogo
654 2943 824 2992 servorum
849 2933 881 2994 et
903 2927 1040 2995 fratrum
1064 2929 1177 2996 Sancti
1201 2925 1379 3014 Stephani,
1407 2923 1500 3010 apud

366 3051 480 3117 quem,
506 3039 541 3098 ut
558 3051 674 3117 corpus
691 3052 797 3101 meum
812 3035 1019 3124 humaretur,
1045 3037 1145 3106 etiam
1160 3045 1258 3124 atque
1273 3039 1374 3105 etiam
1390 3033 1499 3103 oravi.

365 3139 466 3206 Porro
493 3138 577 3206 dono
598 3141 757 3226 tradoque
782 3141 856 3208 hnic
883 3149 994 3211 nostro
1020 3143 1086 3212 filio
1111 3149 1144 3210 et
1166 3144 1289 3211 Abbati
1311 3141 1499 3209 Ecclesiam

364 3248 505 3313 Sanctae
518 3245 643 3312 Mariae
660 3247 701 3315 de
717 3249 864 3334 Paluda,
890 3270 987 3336 quam
1003 3271 1024 3316 a
1039 3257 1176 3337 parente
1192 3272 1265 3320 meo
1291 3250 1426 3336 accepi,
1453 3269 1499 3315 ea

364 3372 498 3437 prorsus
515 3351 643 3420 ratione
668 3374 707 3421 ac
722 3339 881 3442 formula,
906 3379 972 3442 qua
987 3358 1066 3425 mihi
1089 3357 1214 3426 hadita
1236 3357 1316 3443 ruit,
1339 3378 1406 3422 non
1418 3355 1497 3439 jure

365 3457 578 3525 haereditatis
593 3463 874 3548 aconsanguineis
890 3464 923 3530 in
939 3472 1088 3550 posteros
1099 3465 1333 3550 devolvendae,
1351 3462 1411 3530 sed
1418 3465 1497 3548 jure

364 3561 593 3649 possessionis,
610 3569 791 3637 translatae
812 3569 847 3635 in
863 3589 974 3638 servos
995 3571 1057 3637 Dei
1082 3581 1182 3659 atquc
1208 3574 1242 3638 in
1267 3571 1498 3658 supradictum

364 3671 555 3738 coenobium
574 3673 685 3742 Sancti
700 3677 868 3762 Stephani.

471 3778 531 3844 His
542 3779 632 3848 Actis
648 3781 861 3852 interfuerunt
877 3785 1077 3873 infrascripti
1091 3793 1212 3855 testes:
1230 3785 1382 3856 dominus
1395 3785 1498 3855 Joan-

364 3905 421 3952 nes
449 3885 598 3973 Ataima;
625 3889 773 3958 dominus
797 3895 912 3959 Petrus
938 3895 1081 3980 Corvus;
1116 3895 1267 3962 dominns
1293 3895 1497 3962 Benedictus

364 3994 511 4062 Calmon.
528 3995 598 4082 Ego
610 4015 688 4064 vero
698 3997 888 4066 Theodorus
898 4001 1073 4086 Presbyter
1088 3999 1218 4088 scripsi,
1235 4009 1268 4069 et
1283 4002 1378 4069 testis
1389 4001 1496 4069 adfui.

749 4192 1109 4266 mammmmm
