3164 5192
597 325 754 442 „ges

105 547 249 638 iectum,
280 557 314 618 et
338 550 572 619 exaltationem
597 554 669 637 ejus
693 559 849 638 tanquam
875 553 1041 640 propriam
1057 547 1239 639 affectatis,

105 660 197 726 unde
213 660 399 726 nullatenus
426 657 632 744 dubitamus,
650 660 728 744 quin
753 662 839 727 inter
854 660 912 747 pia
933 661 1096 728 desideria
1118 668 1239 745 restra,

106 766 306 834 desideretis
323 766 485 852 ardenter,
503 775 537 833 ut
553 765 752 834 Graecorum
769 767 919 834 Ecclesia
936 768 1048 835 redeat
1067 768 1111 835 ad
1126 769 1241 835 Roma-

106 895 208 960 nam,
235 881 268 939 et
283 873 463 940 membrum
479 872 523 938 ad
539 877 638 960 caput
647 924 656 958 ,
683 880 716 938 et
731 872 775 939 ad
800 879 937 940 matrem
953 873 1022 941 filia
1046 880 1239 958 revertatur,

105 985 232 1067 fiatque
249 1001 347 1048 uuum
357 981 443 1048 ovile
459 987 492 1046 ct
506 1001 589 1047 unus
605 986 728 1066 pastor,
745 998 806 1047 nec
816 981 859 1047 sit
875 980 1041 1049 distinctio
1053 981 1094 1048 de
1110 989 1239 1049 caetero

105 1091 196 1157 inter
212 1091 347 1159 Latinos
364 1095 397 1156 et
412 1091 576 1176 Graecos,
602 1087 663 1154 sed
679 1096 746 1155 tam
764 1091 799 1155 in
815 1089 879 1155 lide
895 1088 1076 1175 catholica,
1093 1110 1190 1174 quam
1206 1089 1241 1155 in

106 1197 236 1264 unitate
253 1196 478 1264 ecclesiastica
490 1197 653 1264 uniantur.
671 1197 801 1282 Verum,
821 1204 1104 1282 quantumcunque
1121 1195 1165 1262 ad
1179 1195 1241 1263 hoc

106 1305 332 1390 crucesignati
347 1323 383 1371 se
408 1310 559 1371 asserant
574 1305 763 1391 laborasse,
790 1304 917 1372 videtur
931 1313 1040 1371 tamen
1065 1302 1241 1388 aliquibus,

106 1412 201 1495 qnod
216 1413 326 1500 potius
342 1411 376 1478 in
392 1413 635 1480 excusationem
652 1433 764 1498 suam,
791 1432 889 1497 quam
904 1413 945 1481 cb
963 1411 1168 1479 devotionem
1183 1413 1241 1478 Ec·

107 1521 234 1588 clesiae
250 1521 396 1608 fecerint,
414 1522 501 1606 quod
517 1521 669 1607 iecerunt,
696 1543 737 1588 nc
753 1523 786 1588 in
804 1542 860 1589 cos
876 1521 1029 1588 videlicet
1045 1529 1177 1608 propter
1194 1539 1241 1586 se·

106 1629 255 1697 cundum
268 1629 584 1716 transgressionem,
612 1631 697 1697 sicut
711 1637 845 1717 propter
861 1630 1001 1717 primam
1016 1628 1095 1695 moti
1111 1627 1240 1712 suimus,

108 1755 326 1804 moveremur.
343 1735 440 1822 Nam,
457 1737 485 1803 si
498 1739 626 1804 oculum
646 1738 828 1824 simplicem
837 1736 1038 1820 habuissent,
1055 1735 1241 1801 etlaboras-

107 1852 184 1911 sent
198 1844 424 1930 principaliter
439 1865 498 1932 pro
516 1845 741 1913 ecclesiastica
756 1848 891 1930 unitate,
912 1851 980 1910 tam
997 1843 1126 1928 dorote,
1144 1862 1241 1928 quam

108 1951 290 2019 efficaciter
298 1962 538 2040 procurassent,
555 1961 590 2020 ut
602 1957 782 2043 Imperator
798 1954 928 2021 nuntios
945 1973 1021 2022 suos
1033 1952 1076 2020 ad
1091 1973 1152 2021 nos
1169 1973 1241 2019 cum

107 2059 302 2147 patentibus
312 2059 429 2127 litteris
439 2061 684 2148 transmisisset,
701 2063 735 2129 in
746 2063 864 2147 quibus
875 2083 911 2129 se
926 2061 1141 2147 confiteretur,
1158 2061 1241 2128 sicut

103 2169 243 2253 jurasse
259 2166 386 2252 dicitur,
399 2168 582 2255 juravisse,
611 2168 766 2236 fecissent
782 2169 901 2256 etiam,
926 2175 960 2236 ut
975 2167 1167 2235 Patriarcha
1182 2187 1240 2256 per

109 2275 244 2343 nuntios
260 2281 292 2340 et
307 2276 419 2362 apices
430 2297 507 2345 suos
518 2277 728 2364 Apostolicae
739 2277 833 2346 Sedis
854 2276 1078 2362 magisterium
1089 2295 1241 2360 recogno·

109 2389 218 2452 sceret
233 2389 265 2448 et
280 2383 479 2472 Primatum
508 2393 549 2471 et,
566 2393 632 2452 tam
652 2393 684 2452 et
701 2407 799 2472 quam
825 2386 919 2454 nobis
943 2392 974 2452 et
1000 2383 1241 2452 successoribus

108 2490 233 2558 nostris
250 2491 466 2558 reverentiam
482 2499 514 2561 et
529 2481 749 2560 obedientiam
769 2493 1006 2579 repromittens,
1025 2513 1045 2558 a
1061 2490 1155 2559 nobis
1171 2493 1241 2579 pal·

109 2599 194 2665 lium
210 2603 374 2684 sumptum
391 2597 431 2664 de
447 2599 541 2666 Beati
554 2599 641 2667 Petri
658 2621 793 2688 corpore
810 2601 1000 2689 postularet,
1017 2601 1087 2667 sine
1103 2620 1166 2684 quo
1182 2620 1241 2665 nec

109 2709 197 2793 ipse,
222 2726 283 2773 nec
298 2707 383 2774 alius
398 2707 460 2775 rite
475 2713 584 2796 potest
599 2709 821 2777 Patriarchale
843 2709 983 2779 officium
999 2728 1160 2777 exercere.
1177 2707 1241 2776 Mo·

109 2837 228 2885 nemus
244 2817 343 2904 igitur
366 2817 604 2887 iratcmitatem
621 2826 763 2887 vestram
779 2827 811 2888 et
832 2820 1041 2887 exhortamur
1061 2825 1192 2905 attente,
1210 2823 1242 2884 et

109 2947 173 3013 per
190 2925 383 3013 Apostolica
399 2929 492 2996 robis
503 2928 627 3018 scripta
643 2929 845 3016 mandamus,
861 2935 1028 3016 quatenus,
1039 2934 1074 2994 ut
1090 2927 1176 3012 quod
1187 2928 1241 2993 mi-

111 3059 175 3105 nus
194 3043 244 3104 est
260 3044 367 3106 actum
384 3039 551 3126 hactenus,
569 3039 761 3127 suppleatur
781 3039 964 3124 efficaciter,
982 3037 1157 3122 laboretis,
1177 3035 1241 3102 nisi

116 3147 208 3214 enim
234 3147 461 3232 praesentibus
487 3148 581 3215 robis
606 3151 663 3216 liat
679 3183 962 3198 —————
979 3146 1019 3212 de
1045 3143 1133 3212 facili
1153 3145 1242 3230 Jura·

112 3261 260 3322 mentum
272 3254 326 3321 vel
342 3257 516 3342 promissio
528 3257 740 3343 Imperatoris
757 3257 907 3323 effectum
924 3253 1068 3320 debitum
1078 3251 1240 3338 sortietur,

112 3370 146 3432 ct
157 3385 219 3432 ros
235 3362 398 3432 secundae
413 3365 678 3451 transgressioni,
695 3365 778 3432 sicut
794 3371 826 3432 ct
835 3363 959 3450 primae
969 3359 1159 3429 videbimini
1169 3380 1240 3428 con-

112 3477 272 3546 sensisse.
290 3475 410 3544 Datum
426 3475 597 3563 Anagniae
614 3510 656 3526 -—
672 3513 715 3527 -
733 3515 773 3525 -
790 3514 834 3526 -
850 3495 937 3542 auno
953 3479 1056 3542 sexto.

470 3676 650 3745 (iligneam
665 3677 701 3731 H.
715 3679 770 3730 lrbt.
785 3679 845 3730 261.
859 3677 888 3744 l.)
