3202 5190
619 291 780 389 „3⁵9-

131 485 354 572 speculatores
365 492 498 571 propter
514 484 762 551 infestacionem
779 485 1051 552 Teothonicorum
1068 488 1101 550 iu
1115 488 1264 572 predicta

129 601 219 660 terra
236 593 401 659 minimine
411 601 545 677 possent
560 592 743 678 persistere,
762 591 804 656 ad
815 591 985 676 pristinum
1003 595 1108 660 locum
1125 593 1261 662 redeuu·

133 713 193 784 tes,
211 702 367 786 populum
383 700 521 766 Abbatis
538 700 740 786 expulerunt,
761 707 858 785 atque
874 700 958 767 inter
974 700 1032 766 hec
1048 707 1135 766 terra
1152 703 1249 767 Eccle

130 809 180 874 sie
204 807 239 872 in
255 805 462 874 solitudinem
490 807 634 890 redacta,
661 815 771 872 nostra
796 827 854 872 nec
880 807 1025 873 iussione
1050 813 1261 874 restauratur.

133 916 206 993 Qne
223 935 294 979 cnm
312 915 435 980 nnllam
448 915 616 981 habuisset
627 913 922 996 contradictionem,
939 915 1186 1000 precedentibus
1201 935 1260 1001 pre

132 1021 283 1087 omnibus
307 1020 561 1106 ioubagionibus
579 1020 695 1105 castri,
715 1021 898 1104 Peroratio,
915 1019 1087 1105 Ebcrgeno
1112 1028 1144 1086 et
1159 1022 1259 1104 Bura,

135 1128 343 1214 sequentibus
354 1129 455 1194 eoianr
472 1139 503 1195 et
518 1129 745 1196 attestantibus
758 1128 872 1194 uicinis
888 1127 1150 1211 iovbagionibus,
1162 1129 1259 1194 Petro

131 1236 284 1303 videlieet
299 1234 410 1302 Sancti
427 1235 556 1300 llartiui
584 1235 771 1316 sacerdote,
791 1235 949 1302 Michaele
971 1235 1036 1300 filio
1052 1234 1139 1300 Petri
1156 1234 1259 1301 Comi-

132 1345 186 1426 tis,
204 1343 323 1409 Micbol
334 1343 538 1424 Centurione,
555 1343 731 1428 Stephano,
750 1342 854 1426 Baka,
866 1343 988 1409 Wollos
1005 1349 1037 1407 et
1053 1345 1135 1408 Pota
1154 1339 1258 1405 iratri-

131 1453 203 1533 bus,
220 1450 356 1534 Zerma,
374 1450 514 1518 Martiuo
531 1459 562 1517 et
580 1451 716 1534 Bcgdan
741 1450 992 1534 iovbagionibus
1009 1449 1145 1515 Comitis
1161 1447 1257 1514 Nico·

130 1555 187 1643 lai,
205 1555 348 1642 CbopoV,
375 1557 501 1624 Thema
521 1562 552 1622 et
568 1557 659 1640 Noge
677 1557 955 1643 speculatoribus,
981 1558 1075 1640 lloys
1091 1563 1167 1621 tunc
1183 1561 1259 1620 tem·

132 1664 222 1748 poris
239 1664 346 1730 Castri
363 1663 473 1730 Ferrci
501 1666 617 1731 Comes
644 1674 676 1730 et
693 1686 732 1730 ex
759 1673 852 1750 parte
872 1673 986 1731 nostra
1011 1663 1105 1729 buius
1124 1662 1172 1728 rei
1197 1662 1259 1748 pri·

132 1771 267 1852 staldus
295 1772 396 1837 ruisse
421 1792 480 1856 pro
499 1793 533 1838 se
549 1775 680 1838 Matheo
698 1773 823 1838 Clerioo
841 1779 960 1854 nostro,
979 1767 1114 1836 condem
1138 1778 1258 1835 terram

130 1877 277 1943 circuiuit
294 1887 326 1944 et
342 1879 488 1960 metauit,
515 1885 548 1943 et
563 1880 688 1963 absque
704 1879 963 1944 contradiccione
984 1877 1094 1959 aliqua
1110 1875 1257 1940 Ecclesie

129 1981 242 2051 Sancti
258 1983 417 2051 Gotbardi
443 1985 591 2052 restituit.
618 1987 705 2052 Meto
722 1995 830 2051 autem
852 1983 996 2050 ciusdem
1020 1989 1105 2048 terre
1130 1981 1256 2069 incipit,

130 2093 188 2157 nbi
204 2092 348 2175 riuulns,
376 2093 430 2174 qui
447 2091 564 2158 dicitur
581 2095 701 2174 Dobra,
720 2093 807 2158 cadit
823 2092 856 2158 in
872 2091 1003 2157 flumine
1017 2092 1122 2173 Raba,
1140 2097 1172 2155 et
1187 2109 1256 2176 per·

127 2199 177 2283 git
193 2218 307 2266 uersus
334 2199 501 2266 meridiem
527 2220 628 2283 usque
646 2201 689 2265 ad
706 2199 845 2265 riunlum
862 2200 1000 2281 siccum,
1029 2204 1061 2264 et
1075 2197 1120 2263 ibi
1141 2195 1254 2262 iterum

128 2315 287 2392 metatur;
306 2306 424 2374 deinde
442 2306 588 2373 ascendit
604 2307 637 2372 in
654 2313 794 2374 montem
809 2327 921 2373 versus
939 2305 1104 2391 orientem,
1128 2306 1184 2372 ubi
1199 2305 1255 2370 ite·

127 2433 198 2479 rum
216 2421 372 2498 metatur,
401 2435 440 2480 ae
465 2415 541 2480 inde
565 2415 777 2501 progrediens
801 2415 832 2480 irr
850 2413 996 2483 eiusdem
1020 2413 1139 2482 montis
1165 2415 1252 2479 barac

127 2521 245 2606 positis
261 2523 356 2586 metis
373 2521 461 2587 cadit
475 2520 508 2586 in
526 2528 624 2609 caput
635 2523 793 2606 Zalaoga,
811 2529 843 2587 et
859 2523 905 2587 ibi
920 2528 1078 2604 metatur;
1095 2520 1172 2587 inde
1182 2541 1253 2607 pro·

127 2627 274 2713 graditur
300 2629 342 2694 ad
373 2638 476 2696 metas
502 2629 653 2714 Nicbolaj
683 2631 835 2714 Comitis,
869 2630 1097 2713 continuatque
1127 2629 1252 2696 uadens

126 2755 229 2820 usque
255 2737 288 2802 in
304 2736 451 2818 Lindum
478 2746 511 2802 et
537 2739 716 2804 ascendens
742 2759 801 2824 per
817 2739 945 2804 Lindua
970 2738 1087 2804 transit
1112 2741 1252 2804 montem

125 2862 234 2925 uuum,
252 2848 284 2906 et
300 2843 387 2910 cadit
403 2843 435 2910 iu
450 2842 601 2925 riuulum,
620 2844 674 2927 qui
689 2845 807 2912 dicitnr
823 2844 975 2928 Sibring3
999 2847 1031 2910 et
1046 2865 1104 2929 per
1120 2842 1252 2927 Sibring

124 2950 296 3017 reuertitur
312 2953 345 3017 in
362 2951 478 3018 flumen
496 2951 597 3033 Rabe,
617 2953 885 3035 contineaturque
900 2971 999 3036 super
1013 2958 1115 3018 totum
1131 2950 1250 3016 flumen

124 3059 217 3125 Rabe
233 3079 334 3142 usque
352 3059 393 3124 sd
412 3060 524 3126 Dobra
540 3061 675 3139 iterum,
703 3061 756 3125 ubi
773 3061 863 3144 prius
883 3061 1058 3145 inceperat.
1084 3059 1126 3124 Vt
1142 3059 1250 3123 auteur

125 3167 219 3233 buius
236 3165 449 3232 institutionis
476 3171 586 3232 nostre
602 3167 760 3251 paginam
783 3167 893 3231 nullus
918 3163 1039 3230 audeat
1063 3163 1249 3246 infringere,

124 3274 176 3340 uel
194 3272 226 3338 ei
243 3289 324 3338 ausu
340 3272 513 3339 temerario
531 3273 701 3355 contraire,
718 3271 808 3338 illam
825 3269 925 3354 sigilli
942 3268 1044 3337 nostri
1066 3268 1249 3336 testimonio

124 3380 360 3446 confirmamus.
378 3380 438 3446 Cui
456 3379 483 3443 si
500 3379 571 3464 quis
583 3379 825 3461 contradixerit,
844 3376 1102 3462 indignationem
1113 3375 1249 3460 Regiam

124 3496 278 3570 tauquam
304 3507 377 3553 rcus
402 3487 470 3552 lese
486 3487 669 3554 Maiestatis
686 3506 720 3552 se
741 3487 868 3553 nouerit
888 3483 1101 3552 incursmum.
1128 3483 1249 3548 Datum

124 3613 181 3679 per
198 3614 313 3660 manus
330 3595 453 3660 Thomu
464 3591 618 3658 Albensia
636 3594 796 3677 l'repositi
814 3599 845 3658 et
861 3587 1247 3676 HungarieOaucellarij,

123 3721 208 3769 anno
235 3702 277 3767 ab
302 3697 536 3768 incarnacione
560 3701 692 3770 Domini
719 3697 951 3768 iromxflr.
988 3695 1175 3765 Venerabili
1196 3698 1249 3764 Jo-

123 3807 232 3874 banue
248 3809 738 3894 StrigoniensiArchiepiscopo,
756 3809 946 3876 Reuerendo
964 3806 1116 3875 Bertoldc
1135 3805 1248 3872 Ghoic-

123 3915 211 3980 censi
221 3914 476 4000 Arcbiepiscopo
490 3921 522 3980 et
533 3913 703 3981 Woiwoda
715 3915 938 3999 existentibus;
951 3916 1075 3981 Gaiano
1087 3911 1247 3994 Quinque·

122 4019 370 4106 Ecelesicnscm,
389 4021 582 4104 cathapauo
599 4021 811 4106 Agrienscm‚
828 4021 970 4104 Symoue
986 4017 1245 4101 Waradiensem‚

122 4125 293 4192 Desiderio
310 4124 583 4210 Obanadiensem,
594 4127 761 4194 Willermo
778 4125 1059 4210 Transsiluanam,
1077 4125 1245 4192 Gotbardo

122 4233 387 4317 Zagrabienscrn,
411 4237 508 4301 Petro
526 4231 756 4320 Geuricnsem,
784 4235 924 4300 lieberto
947 4231 1245 4318 Wesprimienscm,

121 4337 246 4408 Jaeobo
263 4340 468 4408 Waciensem
491 4340 672 4407 Ecclesiam
693 4341 828 4407 feliciter
853 4338 1129 4424 gubernantibus3
1157 4337 1246 4404 Banc

121 4445 273 4512 Palatino
298 4455 330 4511 et
349 4445 537 4513 Posociensi
564 4447 690 4514 Gemite
702 4497 709 4530 ,
739 4447 876 4513 Martino
901 4445 992 4512 Bano
1020 4441 1244 4526 existentibus,

120 4551 197 4618 luia
212 4549 400 4620 Bacbicnsi„
414 4561 448 4620 et
463 4553 586 4620 Curiati
605 4551 748 4640 Gemite,
765 4552 897 4619 Andrea
917 4549 1154 4635 Budrugiensi,
1181 4551 1233 4615 Hu
