3202 5190
627 865 702 932 223.

95 1042 142 1108 ΙΙ.
162 1042 274 1106 Eudrc
297 1043 405 1130 larcio
428 1044 595 1132 Vusmsyyc
613 1043 851 1134 fdiepdrp'dnalc
873 1046 1078 1135 mepbappju,
1105 1049 1184 1136 bopy
1203 1075 1223 1114 c

250 1173 291 1216 sa.
309 1151 460 1235 gothardi
475 1162 631 1218 monentur
639 1155 750 1240 joyoit
758 1153 955 1239 fenolartsa,
972 1158 1071 1224 1214.

203 1345 243 1410 Α.
262 1345 323 1412 Dei
347 1345 459 1430 gracia
484 1348 653 1434 Hungarie
674 1351 743 1415 Rex
768 1346 919 1416 fidelibus
945 1351 1012 1416 suis
1038 1350 1157 1419 Comiti
1183 1349 1224 1417 de

92 1451 216 1516 Ferrco
233 1450 366 1537 Castro,
394 1456 513 1520 eteius
530 1455 653 1521 Ouriali
671 1455 788 1523 Comiti
805 1477 877 1522 cum
894 1457 1053 1540 omnibus,
1080 1457 1124 1523 ad
1140 1478 1223 1542 quos

92 1557 199 1624 littere
216 1569 384 1644 presentes
393 1563 602 1647 peruenerint
612 1565 751 1631 salutem
762 1570 795 1630 et
811 1566 955 1648 graciam
971 1566 1006 1630 in
1022 1573 1222 1651 perpetuum.

92 1667 257 1744 Quociens
281 1669 360 1752 quid
382 1671 563 1754 allegibus
589 1671 833 1758 priuilegiatur,
860 1672 1018 1757 perhenni
1044 1673 1223 1739 stabilitate

91 1775 250 1840 firmatur.
283 1775 374 1841 Vnde
399 1797 472 1842 cum
498 1777 652 1844 uniuersa
679 1777 856 1864 priuilegia
880 1779 997 1862 Regali
1028 1779 1222 1845 auctoritate

91 1880 285 1948 confirmata
301 1881 524 1949 inuiolabilem
540 1883 684 1950 debcant
700 1885 846 1952 obtinere
865 1885 1071 1970 firmitatem,
1100 1886 1222 1953 firmius

91 1997 203 2056 tamen
220 1990 387 2058 obseruari
412 1989 533 2058 debent
547 1993 745 2079 priuilegia,
771 2014 834 2078 quc
850 1994 972 2061 Christi
989 1994 1148 2079 Ecclesijs
1168 2016 1222 2061 no-

91 2105 163 2164 stra
187 2099 241 2165 uel
266 2105 508 2166 antecessomm
533 2107 717 2168 nostrorum
744 2102 944 2188 benignitate
971 2110 1145 2169 noscuntur
1177 2104 1221 2168 in-

90 2205 194 2272 dulta.
212 2207 295 2272 Hinc
310 2215 370 2291 est,
388 2207 474 2290 quod
492 2207 589 2274 ualde
605 2228 665 2275 nos
683 2217 801 2293 mouet,
823 2210 907 2276 sicut
923 2229 963 2275 ex
979 2211 1142 2277 relacione
1160 2209 1221 2275 lra-

89 2320 178 2380 trum
203 2320 384 2382 nostrorum
410 2314 451 2380 de
466 2317 587 2382 Sancto
604 2314 772 2383 Gothardo
788 2319 1023 2403 comperimus,
1048 2319 1136 2401 quod
1154 2319 1219 2402 qui·

90 2422 169 2488 dam
182 2424 285 2489 nostri
295 2423 525 2490 ministeriales
541 2433 574 2492 et
584 2424 726 2510 operarij
743 2425 914 2491 occasione
926 2425 1120 2509 litterarum,
1137 2445 1220 2508 quas

90 2551 110 2596 a
127 2531 226 2599 nobis
241 2533 425 2618 impetrant,
450 2532 626 2618 priuilegia
643 2539 754 2600 nostra
771 2533 823 2598 uel
839 2543 1080 2600 antecessorum
1097 2543 1221 2600 nostro-

88 2661 161 2706 rum
187 2639 449 2726 contempnendo
475 2647 665 2725 presumunt
680 2641 847 2708 annulare.
875 2642 966 2708 Vnde
991 2643 1084 2709 nobis
1101 2642 1220 2708 Comiti

89 2755 121 2814 et
137 2747 263 2816 Curiali
273 2747 392 2816 boanti
408 2749 518 2815 Ferrei
530 2749 638 2816 Castri
654 2751 853 2836 specialiter,
870 2757 902 2818 et
918 2751 1068 2818 omnibus
1084 2751 1127 2816 ad
1138 2771 1219 2834 quos

88 2857 200 2925 littere
215 2864 384 2943 presentes
400 2859 617 2944 pamenerint,
636 2859 770 2926 firmiter
786 2879 824 2926 ac
840 2857 984 2925 districte
1009 2859 1218 2946 precipimus,

87 2987 129 3032 ne
146 2965 312 3031 hominem
329 2965 382 3030 uel
407 2965 534 3032 litteras
549 2967 712 3048 quaslibet
726 2987 747 3032 a
762 2967 857 3032 nobis
882 2967 1000 3033 missas
1025 2971 1140 3032 contra
1157 2967 1219 3050 pri-

88 3073 215 3158 uilegia
232 3073 420 3159 monasterij
437 3073 549 3138 Sancti
565 3071 725 3140 Gothardi
742 3073 918 3160 recipiatis,
945 3083 980 3140 ut
996 3094 1054 3159 per
1070 3073 1130 3139 hoc
1148 3073 1220 3139 iura

88 3189 122 3248 et
138 3183 309 3252 libertates
318 3181 464 3250 ciusdem
475 3183 665 3266 monasterii
682 3183 923 3268 inminuantur;
941 3183 1120 3249 sicutenim
1133 3181 1219 3247 idem

88 3291 324 3358 monasterium
338 3298 372 3358 et
387 3291 458 3358 eius
473 3291 628 3377 populum
645 3311 666 3356 a
681 3290 907 3358 iurisdiccione
933 3309 992 3374 per
1009 3288 1217 3374 priuilegium

88 3400 286 3468 omnimodis
301 3397 387 3488 (lgy)
410 3402 609 3486 exemimus,
635 3420 675 3466 ne
691 3397 825 3484 aliquod
849 3400 900 3466 ius
917 3398 1032 3466 Oomes
1052 3397 1160 3462 Casiri
1185 3395 1218 3460 in

87 3507 204 3575 eodem
221 3507 357 3574 cenobio
382 3507 436 3574 uel
460 3507 529 3574 eius
545 3507 666 3594 populo
684 3506 835 3592 haberet;
861 3507 909 3573 sic
925 3511 958 3571 et
983 3525 1004 3570 a
1030 3504 1218 3589 monetarijs

87 3615 211 3682 nostris
236 3619 269 3680 et
284 3613 458 3680 liberorum
484 3612 691 3680 denariorum
714 3633 753 3680 ac
779 3611 960 3700 ponderum
988 3611 1219 3680 collectoribus

86 3747 145 3813 per
159 3723 370 3811 priuilegium
385 3723 616 3806 libcranimus,
641 3741 682 3788 ne
699 3723 732 3788 iu
748 3729 871 3790 terram
886 3721 1005 3807 prefati
1027 3719 1219 3806 monasterij

85 3831 331 3920 ingrediantur,
355 3851 415 3898 nec
430 3828 653 3914 descendant,
678 3851 737 3896 nec
753 3831 911 3916 populum
937 3837 1126 3916 numerent,
1155 3831 1219 3896 nisi

86 3944 193 4010 locum
208 3940 348 4009 eundem
363 3949 471 4007 nostre
487 3939 641 4026 peccunia
654 3939 730 4005 fidei
747 3958 860 4004 eorum
876 3938 999 4006 credite
1011 3937 1218 4006 defraudato-

85 4073 155 4118 rcm
180 4069 337 4117 accusare
361 4049 543 4132 noluerint,
569 4055 603 4114 et
629 4047 662 4113 in
683 4053 796 4114 nostra
822 4048 996 4134 presencia
1025 4046 1219 4112 connincere

86 4165 295 4242 accusatum,
321 4155 449 4242 quodsi
464 4158 497 4223 in
512 4155 709 4241 probacione
732 4154 931 4238 defecerint,
958 4151 1047 4219 idem
1063 4153 1218 4220 iudicium

84 4266 260 4348 subibunt,
285 4265 318 4332 in
334 4285 398 4348 quo
414 4265 616 4352 sepedictum
641 4264 872 4331 monasterium
893 4259 1215 4346 condempnaucrint.

86 4375 236 4459 Denique
252 4373 330 4458 quia
345 4393 443 4458 snper
469 4373 564 4440 fidem
583 4371 722 4439 Abbatis
737 4379 770 4438 et
789 4370 935 4437 eiusdem
952 4369 1016 4434 loci
1032 4367 1218 4434 conuentus

87 4481 288 4564 reliquimus,
304 4479 391 4563 ouon
408 4479 600 4564 peccuniam
616 4485 760 4545 nostram
776 4477 817 4542 de
833 4475 956 4564 populo
965 4495 1024 4540 suo
1041 4471 1217 4540 secundum

86 4610 181 4656 sunm
197 4589 404 4675 priuilegium
420 4589 555 4672 colligat
570 4593 603 4654 et
618 4588 712 4654 nobis
729 4584 866 4670 deierat,
887 4593 944 4652 aut
960 4585 1013 4650 cui
1025 4582 1216 4650 iusserimus

133 4725 235 4760 norrun.
254 4724 335 4760 uuna.
352 4723 556 4763 ursa-orsu.
584 4716 616 4754 ιι.
1014 4701 1055 4756 24
