3238 5184
817 349 976 450 jes-

333 545 527 614 nuneiautea
550 543 646 610 diotia
662 541 793 609 arbitris
809 543 861 607 uel
878 541 1109 609 amieebilibus
1128 545 1408 628 compositoribus,
1434 551 1469 609 et

331 653 417 719 inter
432 669 469 716 se
484 647 528 716 ed
547 648 686 716 inuioem
700 653 812 735 portes
827 667 885 734 per
895 647 1152 734 stipulationem,
1170 651 1230 716 sub
1240 670 1328 736 pena
1337 655 1467 716 eentum

334 775 516 824 mtrosrum
533 755 662 840 argenti
673 752 832 821 soluenda
852 772 872 818 a
889 759 993 839 parto,
1020 773 1083 838 que
1099 761 1212 821 ooutru
1238 755 1364 821 veniret
1378 755 1469 841 perti

335 861 505 930 arbitrium
531 879 588 927 seu
612 859 886 947 oomposieionem
911 859 1078 942 seruouti,
1109 859 1197 944 quod
1225 859 1380 946 quiequid
1402 861 1469 946 ipsi

335 969 487 1054 dixerint,
513 965 733 1050 leudauerint,
758 967 972 1052 preoeporint,
1000 966 1149 1033 arbitrati
1172 967 1305 1052 fuerint,
1329 988 1469 1055 pronun·

335 1077 494 1143 sitierint
517 1073 571 1141 vel
590 1075 842 1160 composuerint,
868 1079 971 1141 totum
991 1071 1121 1140 omnino
1145 1079 1254 1139 ratum
1277 1074 1468 1158 firmumque

334 1183 520 1264 habebunt,
543 1179 666 1247 laoient
690 1187 723 1246 et
749 1178 989 1262 obseruabunt,
1022 1178 1233 1262 emelgabunt
1257 1187 1291 1246 et
1314 1179 1348 1245 in
1375 1181 1467 1246 nullo

334 1289 498 1356 ullatenus
523 1285 757 1368 eontradioent,
785 1285 1016 1352 renuneiautes
1039 1283 1127 1351 omni
1144 1285 1218 1368 iuri,
1235 1293 1268 1351 et
1282 1287 1391 1372 legum
1407 1305 1466 1353 seu

335 1414 494 1463 oenouum
518 1393 661 1476 auxilio;
685 1412 752 1476 qua
772 1411 858 1478 pena
876 1393 984 1460 soluta
1000 1391 1052 1458 vel
1068 1391 1242 1459 eommissa
1259 1395 1369 1459 omnia
1383 1412 1466 1460 sem-

335 1521 395 1589 per
418 1506 571 1568 menetut
594 1499 800 1566 intemerata.
823 1500 941 1564 Aotum
966 1499 1002 1566 iu
1016 1496 1112 1565 domo
1137 1498 1320 1584 Hospitalis
1344 1501 1465 1566 Souote

335 1607 466 1692 Ornois,
498 1607 704 1694 presentibus
735 1605 901 1692 pertibus,
936 1603 1066 1674 domino
1091 1605 1236 1672 Firmino
1259 1606 1389 1673 Abbete
1423 1607 1465 1673 de

334 1716 462 1797 Thete,
492 1713 594 1780 fratre
615 1711 792 1780 Benedioto
825 1709 957 1780 Ordinis
981 1711 1243 1793 Predioatorum,
1274 1719 1306 1779 et
1332 1711 1463 1779 domino

336 1821 481 1888 Adriano
511 1819 726 1906 hospitalario
757 1818 902 1886 eiusdem
933 1817 996 1886 loei
1027 1830 1060 1885 et
1089 1817 1236 1885 valterio
1265 1817 1390 1884 eloneo
1422 1819 1463 1884 de

335 1930 426 2013 Sola,
452 1935 484 1995 et
507 1926 653 2013 pluribus
669 1925 755 2011 eliis,
783 1945 868 1995 omno
884 1927 927 1992 ab
952 1925 1318 1993 Inoamaoiouebomini
1333 1925 1463 1991 millesi-

337 2057 390 2106 mo
406 2033 627 2103 ducentesimo
643 2033 810 2116 trigesimo
825 2035 937 2119 toreio,
957 2033 1010 2101 die
1023 2029 1239 2099 kalendarum
1254 2033 1343 2114 Jnuij
1360 2031 1462 2097 ludio·

335 2145 428 2212 oione
443 2149 547 2209 sexta.

437 2321 576 2386 (Eredetis
588 2316 753 2385 bdrhdrtydn
765 2334 783 2370 a
794 2320 987 2386 pauuoubelmi
998 2317 1142 2386 fsaplslg
1154 2316 1358 2378 lertltdrdbaa)

860 3044 940 3112 342.

342 3223 533 3309 Upyooaeon
549 3225 684 3308 opdtadp
701 3221 945 3308 jodbdpyoinok
959 3227 992 3286 s'e
1006 3221 1154 3308 oepeiuek
1170 3223 1338 3306 ponoezoi.
1364 3223 1462 3285 1233.

444 3419 514 3485 Isiu
530 3423 604 3485 sunt
618 3417 812 3501 munumina
827 3423 860 3482 et
883 3417 1111 3502 oppressiones
1126 3435 1223 3502 super
1238 3415 1357 3500 quibus
1372 3427 1462 3484 mota

336 3531 410 3590 sunt
425 3523 532 3608 litigia
548 3525 600 3591 vel
615 3523 747 3608 querele

441 3631 617 3697 Vduornioi
641 3638 864 3716 aggrauantur
888 3630 1016 3698 soluere
1033 3631 1177 3698 deciman
1202 3639 1235 3698 et
1250 3630 1329 3697 dare
1344 3631 1402 3697 fila
1417 3632 1463 3696 ad

336 3753 436 3800 unum
450 3735 541 3803 rhete
557 3737 702 3819 busonis,
729 3745 762 3804 et
777 3743 908 3823 portare
923 3737 968 3804 nd
986 3738 1229 3822 monasterium,
1255 3745 1287 3804 et
1302 3757 1462 3806 renouare

335 3847 441 3910 ortum
463 3841 724 3910 Pannoniensem
757 3839 918 3926 indebite,
954 3850 986 3908 et
1011 3842 1089 3909 dare
1122 3861 1241 3936 ponem
1263 3841 1461 3912 iacientibus

334 3947 452 4016 rhetia.

439 4057 520 4122 Item
535 4054 596 4122 beo
611 4063 687 4121 suut
702 4055 897 4140 greumiua
912 4055 1107 4140 equestrium
1124 4055 1358 4122 seruientium:
1385 4056 1461 4122 Nou

333 4167 481 4229 tenentur
498 4161 577 4227 dure
593 4181 712 4247 equum
727 4162 853 4230 nunciis
868 4162 1026 4246 Abbetis;
1052 4181 1112 4228 nee
1127 4171 1277 4228 tenentur
1290 4161 1376 4229 ferre
1393 4181 1460 4229 our-

331 4287 403 4335 rum
418 4268 610 4353 viniferum;
637 4289 698 4338 nee
714 4270 826 4337 Abbes
843 4267 901 4337 dat
925 4268 1126 4356 prebendam
1151 4269 1242 4353 equis
1263 4267 1410 4356 ipsorum
1424 4271 1459 4336 in

330 4375 396 4458 via,
422 4374 509 4458 quod
532 4373 641 4443 fsoere
666 4373 819 4460 deberet,
844 4395 904 4442 neo
933 4384 1026 4442 extra
1042 4375 1190 4460 Regnum
1214 4375 1331 4443 dooere
1357 4397 1459 4461 equos

330 4479 487 4568 ipsorum,
512 4484 571 4549 sed
595 4484 708 4550 Abbas
725 4483 822 4550 Vries
846 4481 939 4550 duxit
954 4485 1090 4550 Romam
1105 4483 1223 4567 viginti
1248 4483 1330 4551 duos
1356 4504 1458 4570 equos

332 4605 444 4653 eorum
468 4607 542 4655 oum
568 4590 703 4658 totidem
728 4589 871 4657 merobis
894 4591 1033 4675 urgenti,
1058 4599 1091 4657 et
1115 4609 1282 4675 nunquam
1303 4593 1457 4660 reddidit.
