3218 5192
607 257 759 360 Q

117 451 224 538 magis
250 455 407 521 miramur
432 461 530 539 atque
545 475 741 540 gravamur,
768 475 840 522 cum
856 455 915 522 filii
939 455 1145 524 obedientiae
1169 471 1243 522 csse

115 558 288 645 deberetis,
306 580 401 627 auree
417 568 545 628 vestras
560 561 749 646 obturastis,
766 581 827 628 nec
842 563 949 648 bonae
969 563 1143 630 memoriae
1159 561 1243 628 Anu-

113 668 208 734 stesii
233 676 267 736 et
282 669 419 736 Adriani
434 670 654 736 Romanorum
678 671 862 758 Paparum,
911 671 944 738 ni
960 689 1058 757 super
1083 671 1145 737 hoc
1163 671 1244 736 setis

113 782 253 860 peteme
280 795 340 842 vos
371 775 610 863 instruxerunt,
642 779 832 846 mandatum
865 785 962 865 atque
993 778 1244 846 admonitionem

115 881 286 950 estendere
301 883 460 952 uoluistis.
486 885 581 954 Unde
596 885 750 969 quonism
765 885 806 952 de
821 885 1042 955 inobedientia
1057 906 1122 952 non
1138 886 1244 952 solum

114 1030 157 1042 -
188 1030 233 1044 -·
257 1031 302 1042 -
321 993 462 1078 simplex
486 993 624 1060 clericus
639 995 733 1078 gravi
752 1001 841 1062 essct
866 993 1148 1062 animadversione
1178 993 1245 1080 plc-

114 1101 273 1185 ctendus,
291 1107 324 1167 et
338 1100 383 1166 ad
398 1099 577 1186 periculum
592 1100 772 1168 animarum
787 1107 979 1186 vestrarum,
996 1099 1061 1167 nisi
1076 1100 1171 1166 eitius
1189 1120 1244 1166 cor

115 1247 160 1258 -
176 1247 223 1258 -
238 1208 395 1276 -dubio
410 1210 573 1294 pertinere
590 1230 649 1294 per
663 1210 856 1296 Apostolioa
871 1209 965 1276 vobis
985 1208 1107 1294 scripta
1121 1207 1245 1296 praeci-

112 1317 240 1404 piendo
256 1316 459 1401 mandamus,
488 1325 521 1384 et
536 1317 569 1384 in
583 1317 704 1384 virtuto
719 1315 935 1400 obedientiae,
962 1316 1045 1383 sicut
1064 1322 1246 1384 antecesso-

114 1445 170 1492 res
186 1425 290 1493 vestri
306 1425 570 1516 antecessoribus
587 1427 658 1493 cius
683 1425 802 1492 secisse
817 1430 992 1492 noscuntur
1001 1475 1010 1509 ,
1036 1425 1168 1510 plenam
1184 1430 1246 1490 stu·

11 1551 12 1556 ¹
114 1532 225 1600 dentis
241 1532 461 1600 obedientiam
476 1572 520 1584 -
536 1571 580 1582 -
595 1571 640 1582 -
655 1533 906 1622 Metropolitano
928 1539 1047 1617 vestro,
1071 1533 1156 1598 sicut
1169 1528 1247 1597 boni

114 1647 148 1706 et
165 1639 278 1707 deuoti
291 1640 351 1706 tilii
375 1641 538 1708 humiliter
554 1641 748 1726 persistatis.
774 1639 870 1718 Quod
885 1642 915 1708 si
929 1640 1013 1708 forto
1035 1637 1247 1724 neglexeritis

113 1783 160 1795 —-
177 1783 223 1796 -
238 1783 284 1794 -
308 1747 452 1831 Legatos
475 1753 606 1836 noster,
636 1767 732 1832 quem
757 1748 800 1814 ad
826 1755 938 1835 partes
962 1748 1038 1813 illes
1064 1745 1245 1830 dirigimus,

114 1860 256 1942 propter
264 1854 326 1922 hoc
341 1853 376 1920 in
384 1874 443 1922 uos
452 1855 608 1922 canonice
618 1874 733 1941 promu
749 1891 793 1904 —-
808 1893 852 1903 -
868 1893 912 1904 —-
921 1873 1124 1942 permanere.
1141 1852 1247 1931 Quod-

117 1963 148 2028 si
162 1980 227 2027 ncc
251 1960 300 2026 sic
325 1960 544 2048 resipueritis,
569 1962 748 2030 timendum
763 1962 856 2030 uobis
873 1961 952 2046 erit,
976 1981 1018 2027 ne
1033 1959 1248 2046 depositionis

115 2069 318 2136 sententiam
342 2104 644 2120 -----
666 2070 847 2138 discessum
862 2070 964 2155 legati
978 2077 1175 2136 memoratus
1190 2066 1248 2133 Ar·

116 2177 350 2264 chicpiecopus
377 2183 509 2264 propter
533 2178 787 2246 inobedientiam
815 2184 847 2245 et
871 2176 1080 2245 rebellionem
1105 2181 1246 2244 vestram

115 2321 162 2333 -
181 2322 226 2332 -
243 2323 288 2334 -
303 2321 348 2334 --
363 2285 549 2354 curabimus
564 2287 689 2352 firmem
703 2287 835 2354 babere.

229 2395 354 2460 Datum
370 2393 547 2462 Beneuemi
563 2400 678 2478 quarm
697 2395 859 2463 kelendas
874 2393 1034 2462 lanuarii.

486 2593 637 2662 (Ugyenott
656 2595 704 2648 VI.
723 2595 780 2648 kos.
799 2595 843 2646 81.
862 2592 891 2662 l.)

555 2916 822 2931 ——nh-——fl

664 3505 720 3585 et.

69 3782 74 3790 ,
120 3706 190 3778 ῙῙΙ.
208 3711 340 3778 Soada
351 3715 443 3798 pcipe
467 3711 621 3778 rcadclctc
636 3735 657 3777 α
679 3713 825 3778 dulcinuc‘
840 3714 871 3776 cs
887 3713 1075 3778 catiliani-i
1086 3711 1254 3800 pllsplikse'·
1323 3743 1330 3748 ·

293 3819 351 3906 pole
364 3820 585 3906 papsdpdnok,
603 3841 790 3907 upyanuzon
806 3820 975 3889 erdemben.
993 3821 1090 3889 1167.

239 4015 428 4082 Alexander
443 4013 627 4099 Episcopus
643 4033 756 4080 seruus
777 4033 944 4082 servorum
959 4015 1022 4080 Dei
1036 4013 1163 4079 dilectis
1179 4013 1255 4079 liliis

119 4122 293 4190 uniuersis
320 4120 447 4187 clericis
462 4139 521 4206 per
537 4119 789 4186 Dulohinensem
814 4127 846 4186 et
861 4116 1109 4186 Antibarensem
1125 4119 1256 4204 Episco-

119 4237 227 4319 patus
244 4229 428 4298 constitutis
445 4230 584 4296 salutem
600 4227 864 4315 stApostolicam
879 4228 1146 4295 benedictionem.
1166 4227 1256 4292 Siout

123 4359 170 4404 ex
188 4338 410 4405 insinuatione
435 4337 631 4403 venerabilis
646 4335 755 4402 fratris
780 4333 957 4424 T(ribunii)
974 4333 1133 4418 Rugusini
1148 4333 1256 4398 Archi-

123 4445 281 4532 episcopi
297 4464 400 4530 nuper
424 4445 519 4511 nobis
545 4444 692 4527 innotuit,
719 4443 948 4510 Dulohinensis
972 4449 1004 4508 et
1028 4440 1257 4508 Antibcrensis

120 4553 349 4639 Episcopi-
365 4589 409 4602 --
424 4589 468 4602 -
484 4557 598 4620 contra
613 4571 685 4617 eum
702 4555 734 4617 et
749 4551 930 4618 Ecclesiam
947 4571 1039 4617 suem
1059 4569 1179 4618 cornus
1194 4551 1257 4616 ela
