3202 5190
839 323 987 433 grc-

357 531 452 600 stolis
468 515 604 614 legitur,
631 547 766 614 quorum
782 527 894 593 vicarii
912 533 987 593 suut
1002 525 1170 610 Episcopi,
1191 525 1278 610 quod
1294 543 1352 610 per
1368 542 1486 590 manns

355 635 597 722 impositionem
608 635 763 721 Spiritum
774 639 929 700 Sanctum
945 633 1081 716 dabant,
1102 631 1375 716 quemadmodum
1392 631 1489 696 Actu-

355 765 408 810 om
426 744 656 828 Apostolorum
683 743 779 809 lcctio
804 741 1002 809 manifestat.
1029 739 1128 828 ,Cum
1152 739 1343 820 audissent,
1370 739 1490 824 inquit,

358 851 528 938 Apostoli,
555 849 609 934 qui
635 854 728 915 eraut
753 847 1006 934 Hierosolymis,
1032 847 1110 932 quia
1131 846 1309 932 recepisset
1336 844 1492 912 Samaria

356 959 491 1026 verbnm
508 958 590 1040 Dei,
616 955 774 1022 miserunt
788 955 833 1020 ad
858 975 914 1022 eos
928 955 1059 1022 Petrum
1085 961 1117 1020 et
1133 956 1293 1022 loannem
1311 977 1319 1017 :
1341 953 1400 1037 qni
1418 973 1492 1018 cum

356 1066 532 1150 venissent,
544 1067 717 1132 oraverunt
728 1082 786 1146 pro
797 1062 889 1147 ipsis,
903 1069 938 1128 ut
949 1061 1135 1146 acciperent
1144 1059 1298 1145 Spiritum
1309 1060 1492 1142 Sanctum,

357 1174 500 1240 nondum
527 1173 613 1238 euim
640 1169 673 1234 in
689 1190 884 1254 quemquam
908 1169 1037 1236 illorum
1061 1177 1217 1252 venerat;
1245 1168 1302 1234 sed
1329 1167 1494 1254 baptizati

357 1290 482 1348 tautum
499 1279 635 1346 crontiu
651 1279 780 1346 nomine
790 1277 922 1345 Domini
931 1279 1019 1346 Jesu.
1034 1279 1126 1344 Tunc
1140 1277 1354 1364 imponebant
1371 1295 1493 1342 manus

360 1409 459 1476 super
485 1385 580 1472 illos,
608 1397 640 1456 et
664 1388 877 1475 accipiebant·
886 1387 1042 1472 Spiritum
1068 1385 1243 1454 Sanctum“
1271 1386 1358 1474 (Act
1375 1384 1496 1470 vm).

360 1499 459 1582 Ouios
476 1497 635 1563 adventus
652 1515 710 1580 per
726 1494 887 1560 unctionis
903 1495 1092 1579 mysterium
1109 1494 1319 1580 designatur,
1344 1493 1428 1576 quia
1444 1512 1494 1558 co·

359 1603 490 1686 lumba,
516 1603 547 1668 in
565 1623 630 1686 qua
644 1601 784 1687 Spiritus
799 1603 939 1668 Sanctus
964 1621 1062 1686 super
1078 1601 1240 1668 Christum
1266 1601 1299 1666 iu
1324 1601 1496 1686 baptismo

361 1709 540 1794 descendit,
557 1711 778 1795 advesperam
789 1710 822 1775 in
833 1710 1034 1795 cataclysmo
1045 1715 1219 1792 revertens,
1238 1729 1362 1775 ramum
1382 1707 1498 1774 retulit

363 1818 496 1884 virentis
525 1817 643 1884 olivae.
669 1815 769 1901 Cujus
795 1817 906 1900 utique
930 1825 1166 1884 sacramentum
1191 1816 1300 1883 David
1325 1816 1498 1901 Propheta

362 1944 594 2011 praenoscens,
611 1925 859 1992 exhilarandam
872 1925 1115 1992 socieminoleo
1127 1924 1341 2010 praedicavit.
1363 1925 1498 2009 Unguu·

361 2039 413 2098 tur
428 2041 601 2117 praeterea
616 2032 792 2098 secundum
811 2033 1069 2100 ecclesiasticum
1086 2053 1217 2116 morem,
1235 2054 1307 2099 cum
1324 2051 1498 2099 consecra·

363 2147 414 2204 tur
429 2141 544 2224 altare,
562 2161 634 2206 cum
650 2140 819 2207 dedicatur
834 2141 1010 2227 templum,
1037 2150 1156 2208 etcum
1175 2140 1380 2208 benedicitur
1397 2140 1497 2220 calix,

364 2270 428 2317 non
445 2251 548 2316 solum
566 2271 607 2315 ex
632 2249 785 2315 mandato
802 2249 885 2333 legis
900 2249 1061 2333 Divinae,
1088 2271 1198 2316 verum
1218 2250 1316 2316 etiam
1342 2248 1499 2334 exemplo

366 2357 460 2423 Beati
476 2356 643 2440 Silvestri,
669 2357 725 2440 qui
741 2377 814 2422 cum
829 2359 1044 2426 consecrabat
1066 2358 1192 2440 altare,
1217 2356 1299 2423 illud
1318 2355 1499 2422 chrismate

366 2463 578 2547 perungebat.
596 2465 767 2550 Praecepit
782 2465 867 2531 enim
885 2467 1042 2533 Dominus
1062 2466 1178 2551 Moysi,
1197 2471 1231 2530 ut
1246 2463 1371 2530 faceret
1389 2463 1499 2530 oleum

371 2569 550 2654 unctionis,
577 2571 616 2636 de
633 2592 696 2655 quo
713 2577 850 2656 ungeret
865 2574 1110 2640 tabernaculum
1124 2572 1312 2654 testimonii,
1334 2577 1369 2636 et
1385 2591 1498 2636 arcam

368 2679 566 2762 testamenti,
584 2699 793 2763 mensamque
810 2701 882 2746 cum
899 2683 998 2748 vasis.
1023 2684 1073 2748 Do
1089 2681 1206 2765 quibua
1223 2680 1321 2747 etiam
1339 2677 1498 2745 unctioni-

370 2788 430 2851 bu's
446 2785 475 2851 ai
491 2785 630 2852 forsitan
645 2788 857 2871 dubitavcris,
883 2809 956 2855 cum
972 2796 1040 2855 ate
1064 2788 1218 2856 fuerimus
1241 2786 1412 2872 requisiti,
1438 2785 1498 2851 sra-

369 2893 555 2959 ternitetem
581 2899 670 2958 tuam
694 2895 823 2977 plenius
848 2897 1053 2963 instruemus.
1079 2897 1308 2962 Verumtamen
1334 2893 1499 2961 unctionis

371 3006 612 3066 sacramentum
638 3000 727 3066 aliud
752 3001 883 3086 quidem
908 3003 1023 3086 efficit,
1048 3011 1081 3069 et
1096 3004 1233 3088 figuram
1257 3003 1375 3069 tamin
1392 3001 1498 3085 Novo,

372 3127 469 3192 quarn
485 3109 518 3174 in
534 3109 643 3175 Veteri
659 3109 880 3176 Testamenta
911 3110 1004 3176 Unde
1019 3133 1082 3178 nou
1094 3111 1243 3195 judaizat
1259 3111 1412 3178 Ecclesia
1427 3131 1499 3177 cum

374 3215 535 3283 unctionis
551 3217 694 3282 celebrat
711 3223 970 3302 sacramentum,
989 3218 1072 3284 sicut
1089 3217 1190 3301 aliqui
1205 3219 1425 3302 mentiuntur,
1446 3217 1499 3303 qui

374 3343 478 3408 neque
495 3323 691 3408 Scripturas,
715 3345 819 3408 neque
836 3327 897 3392 Dei
913 3346 1032 3394 novere
1049 3325 1230 3392 veritatem.
1256 3327 1428 3392 lionemus
1444 3327 1500 3410 igi·

373 3439 425 3496 tur
441 3429 678 3497 fraternitatem
704 3437 793 3498 tuam
810 3437 843 3498 et
858 3432 1066 3500 exhortamur
1085 3433 1258 3514 attentius,
1284 3450 1343 3516 per
1363 3431 1497 3518 Aposto-

374 3538 439 3603 lica
453 3537 514 3603 tibi
539 3537 663 3624 scripta
688 3539 882 3606 mandentes
894 3591 902 3624 ,
929 3546 1089 3623 quatenus
1114 3539 1156 3606 ad
1174 3539 1363 3605 mandatum
1389 3538 1501 3606 dilecti

375 3643 434 3710 tilii
449 3643 551 3710 nostri
568 3647 697 3729 Leonis,
715 3647 800 3714 tituli
817 3647 957 3714 Sanctae
976 3647 1090 3714 Crucis
1107 3645 1291 3732 Presbyteri
1302 3645 1501 3726 Cardinalis,

376 3750 586 3835 Apostolicae
602 3752 696 3821 Sedis
712 3757 838 3841 Legati,
857 3761 893 3821 tu
909 3774 1036 3839 quoque
1052 3757 1187 3822 Sacram
1202 3755 1365 3840 suscipias
1381 3755 1501 3820 unctio

375 3877 469 3942 nom,
496 3879 537 3924 ne
554 3859 632 3943 quid
646 3861 705 3927 tibi
721 3862 807 3928 desit
823 3863 866 3928 ad
882 3863 1115 3948 plenitudinem
1136 3861 1350 3946 sacramenti,
1377 3869 1415 3929 ut
1432 3883 1502 3928 cum

378 3967 478 4034 Sacro
492 3966 593 4035 fueris
610 3970 785 4038 chrismate
796 3971 969 4055 delibutus,
986 3971 1259 4058 Arcbiepiscopos
1275 3976 1308 4037 et
1317 3970 1502 4056 Episcopus

375 4085 449 4143 tuos
475 4076 625 4144 similiter
648 4098 755 4162 ungas
767 4131 775 4164 ,
804 4085 836 4144 et
861 4099 920 4164 per
944 4099 1001 4147 eos
1026 4079 1130 4148 iacias
1156 4087 1271 4146 manus
1296 4078 1503 4146 sacerdotum

376 4184 489 4269 inungi
503 4185 575 4251 oleo
592 4185 772 4270 benedicto,
793 4186 885 4252 illum
902 4186 942 4253 de
959 4195 1089 4255 caetero
1105 4187 1139 4254 in
1159 4185 1349 4255 ordinandis
1366 4185 1504 4270 Presby-

377 4290 456 4357 teris
473 4297 505 4357 et
521 4293 750 4360 consecrandis
766 4293 940 4380 Episcopis
957 4315 1079 4362 morem
1103 4314 1239 4362 servans
1254 4301 1287 4360 et
1310 4293 1438 4360 iaciens
1454 4292 1504 4360 ob·

378 4399 521 4484 servari,
548 4421 641 4485 quem
659 4402 849 4486 Apostolica
864 4402 966 4469 Sados
983 4404 1154 4488 observat,
1181 4422 1284 4488 quae,
1311 4402 1504 4489 disponente

377 4509 536 4592 Domino,
562 4515 749 4577 cunctorum
766 4511 909 4578 fidelium
927 4518 1028 4579 mater
1048 4517 1098 4578 est
1113 4517 1145 4578 ct
1161 4511 1330 4597 magistra.
1347 4511 1503 4578 Mittimus

378 4625 486 4692 aulem
500 4617 560 4682 tibi
576 4637 635 4704 per
651 4617 858 4686 (lardinalem
876 4620 1079 4710 praedictum
1088 4619 1294 4689 Pontiiealia
1303 4625 1502 4708 ornamenta,
