3218 5192
648 969 703 1040 la.

104 1171 130 1236 l.
151 1169 285 1259 Frippea
298 1173 514 1240 rdrnci-rsdmst
531 1177 658 1239 ocdoada·
674 1171 807 1239 Ottolcdr
830 1171 944 1257 ataJ'eri
962 1168 1142 1256 berezophez
1156 1193 1236 1258 mep-

104 1280 374 1366 bs'zcltclratkttld,
391 1283 468 1368 hopy
478 1281 549 1364 uolo,
566 1305 581 1345 s
596 1305 616 1345 u
632 1281 701 1347 esch
715 1277 892 1364 lcirdlylyol
908 1281 990 1343 caaz
1000 1277 1154 1344 amatrici
1168 1279 1235 1344 ber-

159 1387 281 1475 czeppel
300 1389 548 1476 Mapyororszctp
564 1389 769 1455 tolciatctdbcu
784 1385 1065 1453 tcadcskozauuck.
1082 1388 1180 1452 1157.

217 1581 403 1650 Fridericus
415 1586 477 1650 stb.
488 1621 532 1632 -
543 1621 586 1632 -
602 1584 671 1652 Nos
686 1583 798 1668 itaque
809 1581 931 1648 auditis
945 1581 1145 1666 singulorum
1161 1601 1237 1648 nun-

104 1687 228 1756 tiorum
245 1691 285 1757 de
301 1692 472 1776 Hungaria
497 1692 635 1775 singulis
650 1689 881 1776 legationibus,
907 1688 978 1756 sine
995 1687 1236 1756 carissimorum

106 1804 294 1865 nostrorum
305 1801 557 1887 oonsilio,Regis
567 1799 720 1867 videlicet
730 1798 917 1882 Bohemiae,
928 1795 1237 1882 etDucisAustriac,

108 1905 220 1989 patrui
229 1907 343 1989 nostri,
355 1916 387 1974 et
401 1909 466 1974 tuis
475 1909 623 1974 similiter
632 1906 714 1972 nihil
724 1925 809 1971 nuno
819 1910 972 1988 tractare,
984 1903 1064 1970 nihil
1075 1902 1237 1986 ordinare,

107 2011 191 2078 nihil
207 2031 343 2096 prorsus
366 2015 540 2080 terminare
556 2015 717 2080 volumus.
741 2013 905 2094 Indc'est,
930 2012 1017 2096 quod
1034 2032 1075 2079 en
1101 2010 1238 2077 consilio

106 2119 220 2185 curiae
235 2127 368 2187 nostrae
383 2122 592 2189 honorabiles
608 2124 738 2206 legatos
755 2128 894 2206 nostros,
918 2121 1112 2206 Magistrum
1130 2119 1239 2186 videli-

107 2233 160 2292 cet
175 2224 395 2315 H(einricum)
405 2279 415 2312 ,
440 2229 532 2295 Sacri
547 2229 667 2295 Palatii
691 2227 794 2295 nostri
809 2227 1089 2312 Protonotarium,
1116 2229 1172 2314 qui
1198 2228 1239 2295 de

109 2335 263 2400 omnibus
280 2335 426 2403 consiliis
443 2338 563 2404 nostris
579 2337 773 2404 familiarior
784 2335 878 2404 nobis
895 2344 954 2420 est,
971 2342 1004 2402 et
1020 2335 1126 2419 nragis
1136 2355 1238 2402 seore-

32 2511 35 2514 ,
106 2443 233 2526 t'arius,
261 2449 294 2509 et
310 2442 466 2512 Comitem
483 2444 704 2532 H(einricum)
720 2445 761 2511 de
781 2443 875 2510 Dietu
885 2495 894 2528 ,
920 2443 1063 2510 nobilem
1087 2444 1190 2510 vimm
1207 2451 1239 2510 et

107 2551 321 2636 prudentem,
346 2559 424 2619 tuae
441 2553 604 2620 honestati
621 2573 641 2618 a
657 2554 759 2619 latere
784 2560 893 2619 nostro
917 2551 1174 2618 transmittimus.
1201 2553 1239 2618 In

107 2679 247 2743 quorum
264 2679 321 2726 ore
336 2661 437 2726 uerba
453 2669 566 2728 nostra
581 2661 726 2746 plenarie
740 2661 927 2748 posuimus;
945 2659 1062 2744 quibus
1079 2659 1177 2724 etiam
1192 2665 1238 2726 to·

107 2775 177 2832 tam
193 2768 395 2834 voluntatem
421 2775 566 2835 nostram
582 2769 642 2834 tibi
658 2769 814 2836 secretius
841 2767 1055 2834 intimandam
1081 2766 1239 2833 commisi-

109 2893 203 2956 mus;
229 2893 314 2957 quae
334 2876 443 2941 omnia
467 2897 508 2942 ex
524 2894 580 2943 ore
603 2877 749 2960 ipsorum
775 2876 889 2942 audies
906 2881 938 2941 ct
954 2893 1144 2960 cognosces.
1168 2874 1239 2958 Age

108 3002 188 3066 crgo
215 2983 300 3049 sicut
315 2983 366 3050 vir
380 2985 486 3052 fidelis
512 2992 544 3051 et
559 2983 770 3052 charissimus
786 2985 954 3069 Princeps,
972 2991 1005 3050 et
1021 3003 1117 3067 quem
1142 2984 1239 3048 hono·

107 3109 178 3156 rem
194 3099 341 3158 nostrum
352 3098 384 3158 et
393 3092 526 3178 Imperii
542 3093 685 3178 perfecte
700 3092 839 3178 diligere
849 3093 1010 3159 oredimus
1026 3099 1059 3158 et
1074 3091 1238 3176 amplecti,

108 3203 142 3262 et
158 3196 203 3262 ad
219 3200 476 3283 promovendum
486 3202 642 3268 honorem
659 3193 790 3286 Imperii
807 3199 895 3264 circa
910 3197 1157 3283 hocnegotium,
1175 3216 1241 3262 una

108 3323 182 3371 cum
198 3305 290 3388 Rege
306 3304 482 3372 Bohemiae
507 3312 538 3372 et
554 3308 646 3372 Duce
661 3305 834 3388 Austriac,
857 3305 953 3387 juxta
972 3305 1154 3369 verbumst
1169 3322 1240 3388 per-

109 3411 299 3480 suasionem
316 3415 497 3498 legatorum
507 3421 690 3482 nostrorum
706 3432 834 3481 omnem
850 3433 970 3496 curam,
987 3411 1239 3478 sollicitudinem

108 3527 143 3587 et
157 3520 303 3589 studium
326 3527 417 3589 tuum
433 3524 480 3589 ita
502 3523 676 3608 diligenter
692 3523 869 3606 adhibeas,
893 3522 976 3590 siout
991 3541 1050 3588 nos
1067 3520 1108 3587 de
1123 3526 1179 3586 tua
1195 3519 1240 3585 di-

109 3628 252 3695 lectione
276 3649 448 3714 speramns
472 3638 505 3696 et
520 3631 721 3697 confidimus.
749 3628 914 3714 Quidquid
941 3629 1027 3696 enim
1043 3649 1101 3696 vos
1117 3635 1183 3694 tres
1199 3647 1240 3694 ex

110 3735 250 3802 consilio
266 3741 386 3820 vestro,
404 3756 470 3803 una
485 3757 557 3803 curn
572 3736 695 3820 legatis
711 3735 831 3804 nostris
848 3755 944 3821 super
961 3737 1021 3802 hoc
1040 3736 1140 3802 verbo
1157 3735 1240 3802 or'di-

110 3842 272 3909 naveritis
289 3850 321 3908 et
345 3845 544 3930 statueritis,
571 3864 631 3911 nos
648 3844 771 3927 absque
787 3843 873 3910 omni
888 3843 1117 3911 retractatione
1135 3851 1241 3910 ratum

110 3951 308 4017 habebimus
323 3957 356 4017 et
372 3959 510 4036 gratum.

108 4149 284 4215 (Sudcndorf,
307 4151 462 4217 Regiatrum
477 4152 541 4203 oder
560 4151 759 4218 merkuilrdigc
771 4151 920 4204 Urlrundon
935 4151 978 4204 sur
990 4153 1033 4204 dic
1046 4149 1175 4202 deutsche
1189 4149 1241 4204 Ge·
1288 4121 1291 4130 Ι

419 4239 547 4296 echichte.
562 4242 634 4292 ana
649 4243 726 4295 1849.
740 4241 832 4292 1.kut.
847 4241 889 4291 dl.
904 4241 933 4306 l.)
