3218 5192
117 1107 182 1174 ΙΙΙ.
198 1107 330 1174 Sdador
348 1114 438 1194 pcipe
455 1133 475 1172 u
489 1111 624 1196 repasci
640 1109 790 1196 epyhdzat
807 1111 838 1174 dc
856 1109 965 1175 cartole
983 1113 1092 1198 jopcit
1113 1135 1152 1175 aa
1177 1133 1250 1196 upo-

282 1217 357 1283 stcla'
372 1218 442 1282 rath
457 1218 587 1284 monor
598 1215 794 1304 pdrtsoydau
810 1217 867 1282 ald
883 1221 972 1284 cesai.
989 1221 1087 1283 1167.

224 1414 415 1481 Alexander
440 1414 624 1502 Episcopus
649 1435 762 1482 servus
791 1435 957 1483 servorum
983 1418 1044 1482 Dei
1070 1415 1251 1482 venerabili

113 1519 209 1588 hatri
227 1521 372 1590 Tribuno
388 1523 558 1607 Ragusino
569 1523 835 1610 archiepiscopo,
854 1523 986 1608 eiusque
1003 1524 1249 1590 successorihus

112 1629 258 1695 salutem
274 1639 307 1697 et
321 1629 548 1716 Apostolioam
564 1629 833 1698 benedictionem.
861 1630 898 1696 In
916 1630 1069 1696 eminenti
1084 1632 1246 1716 Apostoli-

112 1755 170 1800 cae
181 1736 284 1803 Sedis
300 1739 434 1824 specula
451 1737 616 1806 constituti
632 1737 750 1805 fratres
761 1745 889 1806 nostros
900 1739 1080 1825 Episcopos
1099 1739 1247 1804 fraterna

111 1841 271 1910 debemus
287 1845 446 1911 charitate
463 1845 624 1930 diligere,
650 1851 683 1910 et
701 1865 812 1914 corum
837 1845 936 1929 quieti
953 1865 991 1910 ac
1017 1844 1245 1928 tranquillitati

114 1953 294 2018 salubriter
321 1952 502 2020 auxiliante
527 1951 666 2021 Domino
684 1953 864 2040 providere.
885 1953 1087 2040 Eupropter,
1114 1971 1244 2018 venera-

113 2057 188 2126 bilis
216 2060 253 2126 in
269 2059 397 2128 Christo
422 2061 524 2127 irater
540 2060 683 2128 Tribune
698 2061 865 2146 Ragusine
881 2061 1136 2146 Archiepiscope
1144 2112 1153 2146 ,
1179 2059 1244 2126 tuis

113 2167 206 2234 iustis
236 2167 510 2254 postulationibus
537 2169 713 2236 clementer
729 2171 912 2253 annuimus,
940 2173 971 2234 et
987 2166 1167 2234 Ecclesiam
1182 2169 1242 2234 Ra·

114 2274 278 2361 gusinam,
295 2276 347 2342 cni
364 2283 495 2344 auctore
511 2277 651 2345 Domino
674 2293 827 2363 praeesse
844 2274 1056 2360 dignosceris,
1081 2272 1124 2338 ad
1140 2294 1243 2342 exem·

112 2383 186 2466 plar
211 2384 505 2470 praedecessorum
531 2389 713 2453 nostrorum
733 2385 839 2452 felicis
860 2381 1035 2452 memoriae
1050 2381 1241 2466 Innocentii,

113 2491 294 2579 Anastasii,
310 2491 448 2558 Adriani
462 2493 683 2560 Romanorum
705 2492 896 2560 Pontificum
921 2493 981 2559 suh
997 2491 1091 2558 Beati
1106 2491 1194 2559 Petri
1210 2498 1243 2556 et

111 2607 228 2666 nostra
243 2600 444 2686 protectione
460 2601 666 2687 suscipimus,
691 2606 723 2666 et
737 2599 921 2686 praesentis
938 2600 1051 2687 scripti
1065 2599 1240 2686 privilegio

114 2709 349 2775 communimus
374 2715 406 2776 et
431 2711 658 2776 confirmamus
684 2710 745 2775 tibi
761 2709 891 2794 tuisque
916 2708 1160 2776 suecessoribus
1180 2714 1239 2772 etc.

109 2813 147 2879 ln
165 2816 284 2902 quibus
301 2815 383 2886 haec
398 2817 541 2907 propriis
558 2817 710 2884 duximus
726 2815 938 2903 exprimenda
953 2815 1143 2885 vocabulis:
1168 2813 1240 2880 Om-

113 2942 169 2991 nes
193 2925 370 3011 parochias
396 2926 439 2992 ad
457 2929 514 3012 jus
531 2925 725 2993 commissae
749 2925 809 2990 tibi
825 2925 993 2990 Ecclesiae
1020 2923 1238 3009 pertinentes;

110 3033 237 3099 scilicet
252 3033 462 3101 Zachulmiae
476 3035 642 3119 Regnum,
668 3035 815 3117 Regnum
831 3033 1008 3115 Serviliae,
1037 3049 1076 3094 ac
1092 3029 1239 3111 Regnum

108 3138 301 3224 Tribuniae,
326 3141 491 3208 civitatem
506 3159 635 3225 quoque
651 3139 938 3222 catharinensem,
963 3155 1020 3202 sen
1036 3135 1153 3217 Rosea,
1179 3133 1240 3197 Bu·

110 3242 320 3331 duanensem,
337 3245 528 3332 Avarorum,
555 3245 819 3330 Liciniatensem,
847 3241 1106 3324 scodrinensem,
1122 3238 1239 3305 Driva-

110 3352 303 3439 atinensem,
331 3361 364 3421 et
377 3353 596 3438 Polatensem,
621 3373 693 3419 cum
708 3351 858 3418 Abbatiis
870 3402 878 3436 ,
904 3347 1061 3415 Ecclesiis
1087 3351 1118 3411 et
1141 3345 1237 3412 Paro-

112 3459 190 3546 chijs
217 3461 296 3529 suis.
318 3461 495 3528 Praeterea
513 3467 575 3527 etc.
602 3461 720 3544 Siqua
741 3460 841 3542 igitur
864 3458 898 3524 in
922 3457 1065 3522 futurum
1088 3453 1239 3520 ecclesia·

111 3569 193 3636 stica
221 3565 442 3635 saecularisve
468 3585 612 3653 persona
628 3565 714 3632 hanc
729 3569 860 3631 nostrae
886 3559 1122 3630 constitutionis
1148 3559 1237 3645 pagi-

108 3696 180 3746 nam
197 3677 306 3746 sciens
322 3683 436 3744 contra
454 3695 527 3744 eam
551 3683 672 3744 temere
687 3675 799 3744 venire
814 3673 997 3757 tentaverit,
1021 3671 1163 3739 secundo
1179 3673 1237 3734 ter-

107 3787 189 3857 tiove
206 3786 423 3872 commonita,
452 3785 480 3852 si
496 3805 560 3853 non
586 3783 809 3852 satisfactione
835 3801 980 3866 congrua
1005 3776 1236 3861 emendaverit,

108 3896 276 3981 potestatis
291 3893 490 3979 honorisque
505 3892 557 3959 sui
573 3891 733 3976 dignitate
751 3896 871 3976 careat,
896 3907 1051 3973 reamque
1064 3907 1100 3954 se
1114 3883 1234 3951 Divino

107 3998 224 4071 iudicio
240 4000 382 4071 existere
398 4001 439 4067 de
451 4003 640 4087 perpetrata
654 3997 825 4084 iniquitate
835 4001 1011 4081 cognoscat
1021 4001 1081 4061 etc·
1096 3991 1227 4060 Cunctis

111 4119 215 4179 antem
231 4109 338 4178 eidem
361 4110 433 4180 loco
451 4128 512 4176 sna
530 4107 604 4176 iura
622 4105 829 4175 servantibus
851 4107 894 4172 sit
908 4125 975 4193 pax
993 4099 1125 4170 Domini
1141 4103 1233 4166 nostr

106 4215 179 4290 lesu
195 4217 316 4288 Christi
332 4225 493 4303 quatenus
508 4217 570 4283 stb.

428 4361 545 4450 (rapu
563 4360 670 4448 teu-t

254 4472 325 4559 Ego
340 4467 528 4540 Alexander
543 4468 731 4538 Catholicae
745 4459 913 4532 Ecclesiae
928 4457 1110 4547 Episcopus
1127 4474 1171 4525 ss.

256 4585 328 4672 Ego
344 4579 530 4652 Bernardus
546 4585 605 4646 etc.
