3200 5182
622 290 779 388 -44-7.--

131 502 232 550 unum
255 484 475 567 monticulum,
502 503 564 567 que
581 483 755 565 nulgaliter
771 483 927 568 Agcgous
944 486 1043 550 berch
1067 495 1210 572 uocatur,
1228 491 1260 555 in

131 591 292 676 superiori
318 592 380 658 line
398 591 483 656 dicte
498 591 633 676 piscine,
661 597 693 656 et
710 591 753 654 ibi
771 591 859 656 cadit
880 592 923 657 ad
937 592 1087 680 rinulum,
1114 616 1177 678 que
1192 595 1262 662 fluit

133 697 174 763 de
203 707 291 764 terra
306 699 417 784 castri,
444 707 477 766 et
493 719 594 782 usqne
620 699 662 762 ad
680 697 819 764 riuulum
835 699 1035 782 Augustinus
1060 722 1188 788 semper
1212 713 1261 770 est

132 811 393 890 commetaneus;
422 805 455 870 in
472 804 586 870 codem
613 805 716 870 riuulo
733 806 833 871 currit
849 807 891 871 ad
916 806 1073 875 iacturam
1099 810 1194 876 unius
1210 832 1259 878 sa-

132 913 213 994 gitte
225 932 339 980 uersus
351 912 597 996 occidentalem,
614 914 669 977 nbi
687 913 846 978 nicinatur
860 921 945 980 terre
961 917 1070 1000 castri,
1088 938 1186 1001 quam
1200 925 1260 983 ter-

131 1041 203 1086 ram
219 1021 320 1088 castri
337 1029 411 1087 tunc
427 1022 584 1105 temporis
601 1020 716 1087 Comes
733 1022 899 1106 Nycolaus
922 1023 1054 1107 iobagio
1070 1026 1169 1090 castri
1189 1047 1260 1111 pos-

132 1126 282 1213 sidebat;
301 1128 418 1194 deinde
439 1129 639 1194 ascenditad
657 1131 1180 1218 unummontemuersuslrapasd,
1199 1154 1260 1217 que

131 1235 219 1322 (lgy)
232 1237 265 1302 in
276 1239 438 1322 Vngarico
449 1240 577 1321 Nerges
589 1239 685 1303 bercb
699 1239 891 1322 nominatur,
903 1245 935 1304 et
945 1261 1003 1324 per
1013 1240 1151 1306 eundem
1162 1241 1259 1308 berch

132 1343 433 1410 uiciuaturterreno
445 1344 579 1430 Lapasd
595 1343 749 1428 usquead
761 1345 900 1428 priorem
912 1352 1041 1431 metam,
1058 1345 1143 1412 unde
1154 1367 1259 1431 egres·

132 1471 172 1515 sa
189 1457 239 1516 est
255 1451 359 1536 prima
375 1459 471 1518 meta.
490 1454 531 1518 Vt
548 1453 646 1535 igitur
662 1461 852 1538 prenarrata
868 1454 914 1517 rei
931 1455 1031 1519 series
1048 1457 1260 1539 perpatuerit·

132 1557 258 1624 mitatis
283 1559 381 1624 robur
406 1561 569 1650 optineat,
597 1559 742 1646 predicto
769 1559 899 1625 Henchc
925 1582 984 1627 nec
1010 1559 1157 1648 (correct.
1180 1561 1258 1648 non)

131 1665 296 1750 aliquibus
312 1668 610 1733 contradicentibus
636 1675 806 1754 presentes
831 1669 956 1734 litteras
977 1671 1009 1736 in
1035 1677 1259 1752 argumentum

130 1774 208 1840 fidei
225 1775 327 1858 sigilli
344 1775 446 1840 nostri
471 1775 647 1841 munimine
664 1777 834 1842 roboratas
851 1774 1004 1842 duximus
1029 1777 1257 1860 indulgendas.

131 1883 237 1949 Etheo
253 1884 433 1968 Proposito,
460 1881 635 1950 Benedicta
653 1885 797 1966 Lectorc,
818 1883 977 1966 Gregorio
995 1884 1143 1967 Cantore,
1167 1884 1259 1968 Ozya

132 1991 286 2076 Custode,
303 1993 484 2077 ceterisque
495 1993 650 2059 fratribus
667 1993 833 2058 Ecclesias
850 1994 913 2057 Dei
930 1992 1066 2058 feliciter
1081 1994 1258 2076 gubernan-

129 2099 238 2184 tibus;
256 2121 340 2167 anno
358 2103 487 2168 Domini
503 2103 548 2168 bl⁰
566 2101 630 2166 CC'
647 2101 800 2166 vicesimo
817 2103 965 2186 septimo.

130 2279 165 2340 (A
179 2277 257 2332 vrlczi
271 2279 457 2348 klptalannak
471 2283 582 2332 isso-ki
592 2279 737 2332 lcirltdbol
751 2282 860 2344 „datum
870 2298 918 2347 pcr
928 2296 1022 2331 manus
1033 2281 1196 2332 honorabilis
1206 2285 1258 2334 uiri

131 2373 232 2423 domini
251 2376 325 2424 Pctri
338 2375 460 2424 Lactoris
472 2375 594 2424 Ecclesia
607 2379 697 2424 nostro
711 2375 847 2424 antedicta
860 2379 957 2439 quarto
966 2373 1009 2423 dis
1021 2375 1082 2422 testi
1096 2375 1257 2440 Concepcio·

130 2465 171 2512 nis
186 2463 268 2512 licata
282 2463 402 2526 Virginis
412 2458 561 2524 Gloriosc“‚
572 2477 589 2512 a
602 2478 716 2527 magyar
735 2463 786 2511 lrir.
807 2463 928 2512 kamarai
943 2459 1118 2524 lcvdltrlrhan,
1132 2463 1257 2528 malynelr

129 2553 231 2603 credeli
245 2549 422 2619 pdldrinytira,
443 2569 459 2602 a
473 2549 675 2617 bb'rbartydnak
689 2549 831 2618 lrllllapjltn
845 2567 861 2602 a
875 2553 1026 2603 kdrctkaz'd
1045 2551 1121 2601 kllzel
1135 2551 1257 2617 ogykorri

128 2640 278 2707 ioljogyaes
288 2641 428 2692 olvasbatd
438 2661 444 2692 :
453 2644 508 2703 „Ea
519 2643 626 2692 isWari
637 2641 791 2706 kaptjaljan
802 2641 903 2705 lonoljo
912 2641 1124 2706 lrogchrebelj
1137 2641 1258 2707 banchye

129 2735 222 2798 rt'attja
235 2748 295 2797 meg
306 2733 433 2798 hyortyat
443 2733 475 2782 de
488 2733 631 2798 faljoseget
640 2731 667 2795 js
678 2732 787 2795 dlljosjo
797 2733 896 2797 wrdnja
907 2731 1005 2780 lrotnen
1020 2738 1047 2780 et
1056 2731 1136 2795 gyrja
1149 2737 1257 2796 aaysten

128 2823 286 2888 crjnrjierjs
299 2822 403 2888 nrjljcia
417 2823 589 2887 templjotjol,
603 2823 703 2886 rnolyot
716 2823 800 2887 nyclrl
814 2821 895 2884 walja
909 2837 939 2870 cz
951 2823 1052 2884 Djencs
1065 2821 1162 2884 nadjor
1174 2823 1255 2884 lapan

256 2910 453 2961 Zabandrastnl
468 2928 495 2960 os
510 2911 681 2974 erasmostjul
693 2926 721 2959 es
736 2911 829 2958 Ezrrek
843 2909 950 2973 lrntnrja
963 2909 1129 2974 ntlenalje.“)

656 3661 734 3728 284.

125 3849 156 3911 A
183 3847 352 3933 veazprcioi
377 3841 597 3930 kdptalaaaak
623 3841 892 3928 bizooysciplcuclc,
918 3867 939 3906 a
961 3843 1086 3910 Miscda
1111 3865 1253 3924 comcc,s

132 3955 277 4020 Villemt'r
294 3954 324 4016 ds
334 3953 473 4016 testcdrei
488 3950 571 4014 kb'zb'
583 3971 675 4036 perca
687 3949 806 4035 daphea
826 3953 939 4014 tdrteat
951 3950 1136 4036 bardisa'pos
1151 3971 1252 4035 appea-

556 4059 708 4124 lccdesrb'l.
733 4059 827 4122 1227.

235 4257 404 4324 Vniuersis
421 4255 540 4322 Christi
556 4253 703 4320 fidelibus
728 4259 910 4338 presentem
926 4254 1080 4338 paginam
1096 4252 1252 4338 inspectu-

125 4370 170 4434 ris
198 4367 384 4452 Capitulum
409 4365 674 4453 Wcsprimiensis
691 4365 836 4430 Ecclesia
861 4364 999 4430 salutem
1025 4365 1056 4428 in
1077 4383 1152 4429 uero
1168 4361 1252 4429 salu-

126 4477 200 4541 tari.
218 4474 270 4539 Ad
286 4481 474 4542 cunctorum
490 4473 638 4558 cupimus
655 4469 825 4557 peruenire
841 4470 1005 4553 noticiam,
1027 4467 1112 4551 quod
1127 4468 1253 4534 Mischa

125 4581 243 4648 Comes
269 4581 431 4665 quendam
447 4581 671 4666 Willernirum,
699 4585 730 4644 ct
746 4578 861 4643 iratres
878 4599 963 4664 suos,
982 4577 1192 4644 Eustachium
1208 4575 1251 4640 vi-
