3238 5184
648 329 714 426 eae

106 541 375 608 confirmacionis
400 539 555 624 paginam
568 533 745 621 ‚dupplicis
762 534 863 618 sigilli
887 538 989 603 nostri
1009 537 1183 604 munimine
1199 539 1243 605 fe-

107 652 216 717 cimus
233 647 412 716 oommniri.
438 649 559 712 Datum
576 645 618 711 ab
640 645 871 712 incarnacione
888 646 1018 713 Domini
1036 666 1120 712 anno
1144 647 1244 712 mille-

108 757 197 824 simo
215 755 439 823 ducentesimo
456 755 566 821 XXX⁰
581 755 642 818 ΙΙΙ0
662 753 765 836 Regni
783 759 889 819 antem
900 755 1002 821 nostri
1018 773 1103 822 anno
1115 756 1241 822 XXXI?

208 955 345 1018 (Eredetie
358 951 533 1020 bb'rhdrtyin,
547 970 564 1004 a
575 952 767 1018 pannouhalmi
782 951 925 1020 tdapsltsaig
938 950 1143 1018 leveltrirdban.)

549 1240 814 1255 ——————-

556 1663 558 1666 ’
646 1690 723 1758 aar.

115 1873 200 1937 Beda
217 1873 323 1958 ifjabb
339 1871 445 1958 kirdly
460 1895 481 1935 a
497 1871 736 1936 boracroaoatcrt'
747 1875 914 1957 opdtsdpot
925 1871 1036 1958 Sydon
1052 1871 1173 1957 belpse'p
1184 1869 1244 1934 ttr-

457 1977 591 2042 toltctbca
608 1977 791 2062 awgerdaitr'.
816 1979 914 2046 1233.

226 2157 308 2223 Bela
323 2155 386 2222 Dei
403 2155 515 2240 gracia
524 2157 603 2236 Rex,
621 2153 855 2240 primogenitus
872 2156 970 2240 Regis
981 2154 1159 2241 Hungarie,
1176 2175 1240 2222 cm-

115 2268 215 2333 nibus
232 2262 352 2329 Christi
368 2260 518 2328 fidelibus
536 2262 673 2328 salutem
698 2260 822 2327 iuvere
842 2263 956 2329 salutis
981 2263 1144 2348 largitore.
1163 2262 1244 2328 Cum

115 2371 319 2442 Monasteria
334 2371 368 2436 in
384 2369 529 2454 Vngaria
554 2369 729 2436 constituta
744 2372 879 2437 multum
900 2371 1070 2456 indigeant
1093 2371 1244 2439 sollicitu-

117 2483 195 2548 dine
211 2479 346 2564 Regalis
361 2476 590 2563 prcuidencie;
615 2480 756 2545 maxime
774 2479 900 2561 talium,
921 2480 978 2564 qui
996 2480 1115 2547 mundo
1131 2479 1245 2563 ignoti,

117 2589 323 2658 solummodo
348 2587 462 2653 uiuunt
486 2589 567 2672 Deo,
595 2596 721 2674 oportet
744 2591 970 2675 possessiones
995 2592 1049 2658 vel
1074 2611 1115 2656 en
1135 2593 1246 2656 nostra

118 2697 310 2780 donacione,
329 2695 381 2761 vel
397 2715 438 2760 ex
453 2694 658 2780 beneplacito
675 2698 813 2764 aliorum
828 2701 862 2764 in
879 2699 1084 2783 elemosynas
1101 2697 1246 2780 assigna-

117 2813 172 2870 tes
190 2803 340 2888 diligenti
367 2801 579 2887 prouideneia
596 2802 776 2889 custodire;
801 2806 880 2888 quia
894 2806 928 2870 in
945 2803 1165 2872 custodiendis
1181 2803 1246 2868 illis

117 2912 294 2978 renibuoio
321 2911 432 2975 multa.
459 2909 542 2975 Hinc
558 2917 617 2995 est,
644 2909 730 2992 quod
751 2911 911 2979 uniuersis
935 2917 1002 2977 tam
1028 2904 1244 2996 presentibus,

118 3041 219 3104 quam
234 3019 351 3085 futuris
367 3025 479 3085 tenore
505 3017 708 3102 presencium
724 3021 871 3086 volumus
896 3019 1068 3104 peruenire
1094 3016 1151 3105 (ad
1168 3017 1246 3083 noti-

120 3127 232 3217 ciam),
250 3128 338 3212 quod
354 3147 426 3194 eum
442 3127 673 3195 Monasterium
690 3129 852 3196 Dominici
868 3127 951 3194 Beni
967 3127 1008 3192 de
1017 3129 1127 3194 Monte
1142 3125 1175 3190 in
1191 3125 1245 3191 ho-

119 3259 233 3305 norem
251 3237 370 3304 Sancte
384 3237 488 3302 Marie
513 3245 599 3302 terra
615 3237 757 3321 quadam
772 3236 885 3322 Sydan
908 3237 1037 3304 nomine
1053 3235 1113 3301 sub
1131 3232 1246 3302 eodem

120 3345 320 3415 Monasterio
346 3346 410 3412 sita
436 3345 532 3410 nimis
557 3345 712 3431 indigeat,
740 3351 771 3411 et
796 3347 857 3412 boo
874 3345 959 3430 patri
983 3351 1093 3412 nostro
1117 3341 1244 3427 illustri,

120 3456 253 3522 Andrec
269 3454 332 3519 Dei
347 3453 460 3536 gracia
476 3453 557 3535 Regi
572 3454 740 3537 Hungarie
755 3473 813 3539 per
832 3453 993 3519 Abbatem
1010 3458 1042 3517 et
1055 3451 1173 3516 fratres
1190 3451 1246 3515 lle·

121 3564 222 3632 clesie
248 3561 395 3629 eiusdem
419 3561 536 3628 fuisset
561 3562 781 3645 declaratum
805 3569 837 3627 et
862 3563 984 3648 pariter
1007 3560 1083 3626 inde
1107 3561 1248 3626 virorum

120 3671 385 3742 condescendens
410 3670 626 3757 peticionibus
650 3671 888 3755 religiosorum,
913 3677 1033 3737 terram
1058 3669 1180 3735 dietam
1196 3687 1248 3733 en·

121 3789 252 3867 ceptam
268 3801 289 3845 a
305 3784 411 3844 castro
428 3778 646 3864 Soproniensi,
663 3800 722 3865 pro
739 3777 882 3846 remedio
896 3778 1002 3842 anime
1014 3778 1126 3842 matris
1141 3781 1250 3842 nostre

121 3887 334 3970 contulisset;
365 3885 453 3951 idem
479 3885 591 3951 Abbas
617 3891 648 3950 et
673 3886 791 3952 tratres
817 3886 859 3951 ad
887 3892 1031 3952 nostram
1057 3880 1249 3949 aecedentes

121 3993 336 4082 presenciam,
354 4013 451 4077 super
467 3992 645 4059 collacione
658 3994 762 4078 patris
778 3994 879 4060 nostri
890 3990 1170 4060 confirmacionem
1189 3987 1250 4073 pri·

122 4103 237 4188 uilegij
254 4100 356 4168 nostri
374 4100 446 4185 sibi,
473 4101 538 4167 imo
555 4101 700 4166 Roolesie
717 4101 881 4166 humiliter
906 4108 938 4165 et
954 4099 1128 4183 diligenter
1143 4103 1250 4181 postu·

121 4215 234 4278 larunt
258 4209 480 4292 indulgentem
497 4205 553 4294 (P).
575 4208 644 4275 Nos
669 4209 775 4291 igitur,
804 4214 836 4272 et
860 4207 968 4272 anime
993 4206 1106 4272 matris
1129 4212 1248 4287 nostre,

121 4326 221 4407 prout
236 4336 422 4402 possumus,
433 4316 642 4399 miserentes,
664 4321 695 4380 et
705 4314 921 4402 peticionibus
939 4316 1097 4382 dictorum
1113 4313 1251 4379 Abbatis

122 4435 156 4495 et
172 4427 309 4492 fratrum
326 4423 517 4490 satisfacere
533 4423 687 4506 volentes,
715 4439 813 4506 super
829 4421 917 4487 diota
932 4429 1021 4490 terra
1039 4422 1250 4489 eollacionem

122 4535 229 4621 patris
257 4531 360 4600 nostri
385 4531 531 4596 Ecclesia
556 4529 642 4596 dicte
658 4531 892 4596 confirmamus.
919 4530 1017 4596 (luins
1036 4537 1120 4597 terre
1146 4528 1252 4616 prima

121 4647 215 4709 meta
228 4639 344 4725 incipit
359 4639 402 4704 ab
418 4637 596 4721 occidente,
623 4644 655 4703 et
668 4643 757 4704 tenet
781 4645 900 4705 metam
916 4657 998 4704 cum·
1013 4639 1127 4707 ecdem
1143 4639 1253 4707 Mona·
