3238 5184
641 301 798 402 Ἀ.

148 512 204 561 res
218 503 280 562 etc.
306 494 428 560 Datum
443 491 598 560 Laterani
614 493 673 562 111.
690 493 768 564 Idus
787 495 978 564 Decembris
997 449 1211 564 Pontificatus
1227 515 1285 563 no-

151 600 212 666 stri
226 617 313 668 anno
330 599 479 686 septimo.

512 793 641 860 (Theiner
653 812 679 847 u.
691 813 714 848 ο.
729 798 750 848 L
764 798 822 849 ket.
837 798 878 850 76.
892 791 923 864 1.)

680 1511 758 1580 att.

150 1691 254 1755 Diues
269 1689 438 1754 uddcmclr
453 1689 553 1754 ictuc
568 1711 647 1755 acon
656 1690 786 1775 purten,
812 1691 921 1779 mclyet
935 1693 1028 1778 Peru,
1053 1693 1200 1760 Poctmk
1216 1694 1278 1780 fic,

0 1866 13 1884 ¹
131 1796 244 1897 *Pecs
258 1795 447 1861 Mdricauclt
463 1795 515 1879 stu
531 1798 562 1859 ta
578 1795 744 1863 ddutdrsce'
768 1796 846 1862 elien
862 1797 951 1863 Hubi
975 1802 1007 1866 de
1024 1797 1172 1866 Meukcrt
1195 1800 1277 1886 hely·

367 1903 518 1989 sdpekuek
525 1901 695 1988 selduldcu
710 1905 802 1970 miatt
816 1907 956 1972 iudttott.
966 1909 1064 1973 1233.

259 2095 438 2180 Dyonisius
449 2095 511 2162 Dei
529 2097 641 2181 gracia
657 2095 773 2165 Comes
784 2098 955 2166 Palatinus
964 2101 1126 2168 uniuersis
1142 2119 1277 2186 presens

152 2199 309 2284 scriptum
323 2201 517 2288 inspecturis
532 2204 672 2270 salutem
681 2205 715 2271 in
731 2205 848 2272 salutis
863 2213 1003 2274 auctore.
1014 2207 1227 2274 Presentibus
1243 2215 1276 2273 et

151 2305 270 2372 futuris
296 2315 409 2376 tencre
434 2308 638 2395 presencium
662 2311 813 2378 volumus
837 2311 908 2379 fieri
933 2311 1160 2396 menifestum,
1192 2311 1279 2397 qued

151 2411 235 2479 Pcth
260 2413 346 2480 filius
361 2413 445 2482 Poth
468 2417 600 2482 Petrum
625 2416 726 2483 tilium
742 2417 893 2502 Mauricij
917 2427 949 2485 ct
964 2417 1082 2503 viginti
1106 2438 1205 2484 unum
1223 2418 1278 2484 ho·

151 2518 256 2586 mines
282 2517 449 2605 adipsum
473 2522 673 2607 pertinentes
698 2523 742 2590 ad
766 2532 912 2592 nostrum
937 2525 1054 2591 asciuit
1075 2524 1278 2611 presencium

151 2645 212 2711 pro
229 2625 452 2694 destructione
477 2628 613 2695 duarum
629 2631 780 2696 villarum
802 2630 883 2714 eius,
910 2650 992 2714 quas
1017 2631 1278 2717 supradictorum

151 2731 317 2799 hominum
333 2733 493 2801 adiutorio
520 2734 736 2801 destruxerat.
763 2735 921 2802 Villurum
936 2745 1055 2818 autem,
1080 2755 1144 2818 que
1158 2735 1279 2802 destru-

152 2847 258 2925 xerat,
284 2841 417 2908 nomina
442 2848 518 2906 sunt
541 2840 630 2906 Hubi
654 2847 686 2906 et
700 2841 861 2908 Menhurt.
884 2841 999 2908 Petrus
1025 2848 1134 2906 autem
1160 2840 1277 2924 steni,

153 2944 259 3011 tribus
275 2947 420 3019 terminis
445 2947 624 3030 assignatis
647 2966 706 3032 per
720 2945 926 3034 pristaldum
954 2965 1062 3013 coram
1077 2946 1171 3012 nobis
1195 2966 1278 3014 com·

151 3069 269 3136 perere
295 3054 527 3139 neglexerunt3
555 3061 671 3138 quarto
696 3063 807 3120 tamen
821 3053 960 3119 termino
986 3051 1187 3135 accedentes,
1206 3053 1278 3137 ipse

152 3159 190 3222 P.
208 3156 251 3222 ad
266 3157 403 3225 formam
427 3160 520 3245 pacis
537 3180 635 3245 super
659 3160 722 3225 hae
736 3178 870 3224 causum
890 3156 975 3244 (igy)
1000 3157 1085 3224 inter
1110 3177 1147 3224 se
1163 3179 1279 3244 propo·

153 3264 295 3330 nendam
310 3285 370 3334 ncs
385 3267 524 3351 rogauit,
542 3274 574 3334 et
590 3267 638 3332 ita
652 3264 773 3332 factam
788 3265 872 3330 inter
889 3283 925 3330 se
940 3263 1190 3331 cenucncionem
1209 3273 1278 3331 tan·

154 3370 228 3436 dem
252 3372 346 3439 nobis
371 3373 574 3438 retulerunt:
599 3373 642 3436 Vt
665 3373 782 3437 Petrus
809 3370 891 3437 Potin
918 3368 1036 3436 Gemiti
1060 3370 1279 3454 quadraginta

153 3488 220 3544 tres
236 3497 365 3546 marcas
389 3481 423 3544 in
439 3479 523 3546 festo
540 3478 653 3545 Sancti
669 3475 801 3560 Georgij
827 3478 861 3544 in
877 3478 949 3546 loco
965 3476 1131 3542 Jauriensi
1149 3477 1197 3542 itu
1212 3497 1279 3545 sus·

154 3586 241 3672 cepit
254 3586 498 3672 persoluendes,
524 3583 659 3669 quodsi
676 3585 717 3651 de
734 3584 824 3651 iacta
841 3585 1058 3651 conuencicne
1077 3583 1229 3670 resiliret,
1245 3585 1279 3651 in

154 3692 304 3760 omnibus
329 3693 496 3776 acquisitis
521 3712 581 3778 per
603 3692 688 3759 Poth
704 3697 904 3775 remaneret;
931 3692 987 3774 qui
1001 3691 1123 3759 sectam
1146 3711 1280 3760 conuen-

73 3817 81 3832 ·
155 3801 281 3866 cionem
291 3798 493 3885 dirrumpere
502 3819 567 3868 non
582 3799 746 3866 hesitavit.
768 3799 884 3866 Petrus
900 3817 979 3867 uero
990 3798 1172 3885 sepedictus
1182 3817 1281 3883 super

153 3905 237 3972 Poth
252 3913 363 3973 nutam
385 3905 588 3973 infidelitatis
610 3905 644 3970 in
660 3905 766 3990 prima
782 3905 891 3970 litters
907 3906 1117 3990 imposuerat,
1140 3925 1200 3990 pro
1216 3923 1281 3989 quo

155 4011 327 4078 commisso
352 4011 458 4078 eidem
472 4011 561 4079 Pcch
586 4010 762 4078 honorifice
777 4029 869 4076 reum
884 4029 920 4076 se
942 4008 1093 4093 reddidit,
1119 4030 1178 4094 pro
1194 4008 1280 4076 falso

154 4117 256 4184 uerbo
272 4136 309 4184 se
331 4117 503 4184 inclinans.
528 4117 593 4184 Sed
608 4118 685 4201 quia
698 4116 760 4183 toti
776 4117 990 4183 conuencioni
1003 4113 1211 4200 postmodum
1227 4115 1281 4182 otu

155 4224 266 4308 uiauit,
294 4224 338 4290 ed
362 4243 422 4290 nos
447 4224 583 4292 fecimus
609 4223 704 4290 citari
730 4223 859 4306 iterato,
885 4243 945 4290 nec
971 4223 1154 4305 aliqatenus
1178 4220 1283 4287 uoluit

156 4349 355 4417 comparere.
378 4331 489 4418 Ipsum
506 4350 583 4415 ergo
609 4351 667 4417 pro
684 4330 832 4398 ccnuicto
847 4331 884 4396 in
899 4329 1048 4398 omnibus
1071 4326 1282 4412 supradictis,

155 4438 240 4505 Poth
265 4457 342 4504 uero
367 4439 484 4506 iterato
507 4437 717 4505 iustificatum
742 4436 919 4504 secundum
937 4445 1082 4504 tenorem
1099 4431 1210 4517 iudicij
1226 4431 1282 4497 ha

156 4547 280 4612 bemus.
307 4545 422 4613 Petrus
448 4547 553 4614 eciam
581 4546 616 4612 in
646 4546 792 4612 ducentis
820 4545 940 4612 mercis
964 4543 1056 4629 prius
1081 4539 1116 4608 in
1142 4557 1203 4608 sua
1225 4539 1283 4606 lite

207 4678 304 4717 uem.
320 4679 402 4717 ms.
417 4680 487 4717 uren.
502 4689 538 4702 -
550 4681 622 4717 nmn.
647 4673 680 4711 ιι.
1081 4658 1123 4716 34
