3164 5192
861 873 940 944 lbi«

329 1077 360 1145 A
378 1078 580 1166 fresneices
604 1074 754 1142 cotonea·
777 1075 964 1142 keruetmlc
987 1074 1080 1141 leoclc
1103 1077 1168 1140 III.
1185 1076 1276 1140 Iocus
1294 1073 1458 1161 pdpdbos,

329 1185 471 1276 mclplyel
485 1183 594 1252 chra
611 1187 642 1250 ds
658 1181 945 1269 Konstaratr'udpolp
970 1181 1166 1248 odrosokuak
1185 1179 1394 1269 alsoglcldcdt
1412 1185 1465 1268 jc·
1561 1225 1563 1296 ἲ

782 1291 886 1360 lestik.
909 1295 1007 1360 1203.

440 1494 571 1574 Quanta
586 1491 699 1560 iecerit
717 1491 812 1559 uobis
827 1490 998 1575 Dominus,
1014 1492 1112 1559 immo
1127 1511 1191 1559 nou
1208 1491 1313 1577 nobis,
1331 1489 1393 1558 sed
1409 1509 1467 1558 uo

332 1604 410 1672 mini
426 1623 484 1670 suo
501 1607 656 1687 quantam
682 1599 809 1666 dederit
824 1599 963 1686 gloriam
981 1599 1044 1666 biis
1067 1599 1194 1686 diebus,
1210 1606 1333 1684 quanta
1348 1617 1466 1684 possu-

333 1733 405 1780 mus
422 1711 583 1779 brevitate
608 1707 876 1796 perstringimus,
905 1707 977 1794 ipso
993 1713 1226 1792 praenotantes
1242 1708 1344 1790 initio,
1369 1707 1465 1792 quia,

333 1843 373 1888 ex
390 1839 453 1906 quo
469 1819 583 1885 urbem
592 1817 862 1902 transgressionis
878 1815 1039 1882 exivimus
1060 1811 1122 1902 (sic
1137 1816 1223 1882 enim
1233 1814 1394 1882 iaderam
1410 1835 1467 1882 uo

333 1929 504 2009 minumus,
522 1925 613 2011 cujus
629 1925 792 1992 excidium
807 1923 958 2009 vidimus,
985 1923 1130 1990 dolentes
1147 1922 1287 2008 quidem,
1304 1928 1338 1990 et
1351 1941 1467 1988 neees-

333 2037 430 2104 sitate
446 2029 631 2119 compulsi),
658 2033 739 2098 nihil
754 2032 838 2098 inter
853 2053 912 2098 nos
938 2031 1124 2099 ordinatum
1148 2049 1221 2097 esse
1245 2031 1467 2114 meminimus,

334 2143 421 2229 quod
437 2141 648 2209 communiter
665 2139 708 2205 ad
725 2140 898 2206 utilitatem
911 2141 1089 2226 pertineret
1099 2141 1269 2224 exereitus,
1285 2139 1467 2222 quiaillud

254 2269 257 2276 '
334 2253 368 2319 in
384 2249 499 2317 melius
515 2247 721 2336 providentia
737 2247 858 2314 Divina
874 2249 1066 2333 mutaverit,
1090 2249 1217 2331 sibique
1240 2253 1343 2316 totum
1359 2245 1467 2312 vindi·

336 2380 424 2444 oaus,
443 2359 576 2424 stultam
596 2355 707 2424 feeerit
723 2357 919 2442 sapientiam
935 2364 1089 2424 nostram.
1114 2357 1198 2423 Hine
1213 2364 1281 2440 est,
1308 2356 1397 2441 quod
1415 2375 1468 2424 eo-

334 2489 424 2551 rum,
451 2485 534 2549 quae
550 2465 640 2532 lacta
656 2473 731 2532 sunt
747 2465 835 2552 apud
851 2486 911 2534 nos
926 2464 1081 2552 gloriosa,
1097 2485 1225 2532 omnem
1247 2463 1380 2533 anobis
1396 2464 1468 2550 glo·

335 2577 417 2642 riam
430 2575 504 2659 jure
520 2573 727 2658 repellimus,
754 2573 874 2660 quippe
897 2573 953 2658 qui
969 2573 1079 2659 operis
1104 2572 1311 2640 adhibuimus
1335 2591 1467 2657 parum,

335 2682 464 2752 consilii
488 2681 579 2748 nibil.
606 2679 702 2748 Unde
718 2701 851 2748 necesse
868 2687 917 2748 est
927 2731 935 2765 ,
952 2689 996 2764 ut,
1014 2682 1042 2746 si
1059 2681 1130 2765 quis
1155 2701 1196 2746 eu
1211 2680 1306 2747 uobis
1326 2678 1469 2746 voluerit

336 2787 481 2872 gloriari,
498 2787 531 2852 iu
543 2787 684 2856 Domino
700 2787 866 2872 glorietur,
883 2787 997 2854 nonin
1013 2806 1059 2870 se,
1077 2787 1129 2852 vol
1145 2789 1178 2853 iu
1188 2788 1303 2852 altero.
1318 2785 1468 2852 Foedere

334 2897 435 2983 igitur
445 2896 567 2966 Jodere
578 2896 775 2981 confirmato,
787 2916 859 2962 oum
870 2894 1354 2981 IllustriConstautinapolitani
1365 2914 1467 2979 quou-

337 3006 412 3070 dam
428 3007 637 3090 Imperatoris
654 3003 798 3072 Isaaohii
814 3004 880 3074 filio
896 3002 1032 3088 Alexio,
1060 3023 1132 3070 oum
1147 3003 1344 3070 victualibus
1365 3003 1467 3072 omni·

336 3111 398 3176 bus
415 3116 447 3176 et
462 3111 559 3177 rebus
583 3118 717 3196 egentes
733 3118 840 3178 terrae
854 3113 995 3178 Sanctae
1010 3109 1193 3178 videremur
1215 3128 1395 3194 gravamen
1411 3130 1469 3195 po·

336 3219 401 3285 tius
418 3216 550 3298 illaturi,
568 3219 650 3284 siem
667 3225 698 3284 et
715 3219 772 3285 alii
788 3239 828 3286 ex
844 3219 949 3301 nobis,
967 3219 1021 3303 qui
1036 3237 1096 3285 nos
1113 3225 1351 3306 precesserant,
1369 3236 1469 3302 quarn

333 3327 491 3412 juvamen
508 3324 641 3408 aliquod
653 3324 795 3408 allaturi,
812 3347 872 3394 nec
887 3333 973 3394 terre
984 3325 1221 3395 Saracenorum
1236 3328 1268 3394 in
1284 3331 1379 3394 tante
1394 3344 1469 3410 ege-

338 3417 424 3500 state
439 3452 498 3500 nos
514 3433 719 3500 crederemus
729 3431 898 3518 applicare
912 3441 1073 3520 potentes,
1089 3435 1320 3502 verisimilibus
1334 3433 1468 3519 quidem

336 3540 519 3609 rumoribus
536 3547 567 3606 et
584 3539 782 3626 argumentis
798 3538 932 3624 inducti,
959 3541 1044 3625 quod
1060 3541 1140 3610 dicti
1159 3543 1269 3611 Alexii
1286 3541 1469 3628 suspiraret

337 3649 512 3714 adventum
522 3647 623 3730 Regis
640 3665 718 3732 pars
734 3646 842 3733 potior
858 3645 1000 3713 civitatis
1016 3654 1049 3714 et
1064 3649 1192 3732 pondus
1206 3647 1350 3736 Imperii,
1369 3669 1467 3732 quem

338 3753 496 3821 electione
522 3754 674 3819 concordi
690 3774 762 3820 cum
787 3755 1007 3841 sollempitate
1030 3751 1141 3821 debita
1164 3757 1331 3842 Imperiali
1357 3756 1470 3822 diade-

338 3865 425 3927 mate
442 3858 670 3944 sublimasset,
697 3867 810 3928 contra
826 3868 1015 3928 consuetum
1031 3862 1175 3930 ordinem
1195 3861 1361 3948 temporis,
1388 3883 1471 3928 aura

338 3968 479 4049 favente,
497 3964 723 4034 obedientibus
740 3968 879 4036 Domino
896 3969 1012 4054 ventis,
1029 3976 1061 4036 et
1077 3969 1170 4054 mari,
1187 3968 1231 4035 ad
1245 3969 1358 4036 urbem
1374 3969 1468 4052 Regi·

339 4095 392 4141 am
408 4077 515 4159 preter
530 4091 658 4139 omnem
674 4094 765 4159 spem
783 4095 939 4162 prospere
955 4076 1171 4164 applicuimus
1187 4076 1268 4143 etin
1284 4077 1385 4142 brevi.
1403 4075 1469 4141 Sed

337 4201 397 4247 nec
422 4179 670 4246 adventavimus
687 4179 877 4268 improvisi,
904 4183 959 4267 qui
979 4183 1141 4270 usquead
1164 4184 1338 4270 sexaginta
1363 4181 1470 4248 millia

338 4284 481 4372 equitum
491 4335 500 4368 ,
527 4291 637 4372 preter
650 4287 796 4374 pedites,
825 4289 955 4357 inorbo
974 4289 1172 4375 reperimus,
1198 4297 1231 4356 et
1245 4289 1469 4356 transilientes

338 4395 412 4461 loca
427 4391 602 4478 tutissima,
619 4403 744 4481 pontes,
771 4401 874 4464 turres
891 4403 923 4463 et
939 4397 1081 4482 flumina,
1108 4397 1179 4463 siue
1199 4397 1317 4464 damno
1344 4403 1468 4464 nostro.

337 4521 418 4586 rum,
435 4507 523 4567 terra
538 4505 570 4565 et
586 4501 669 4567 mari
685 4502 870 4571 obsedimus
881 4503 1046 4570 civitatem
1064 4510 1095 4569 et
1115 4511 1322 4590 tyrampuum
1332 4505 1466 4590 pariter,

339 4608 403 4693 qui,
430 4607 568 4676 comisso
584 4607 617 4676 in
635 4609 768 4682 fratrem
784 4611 978 4702 parricidio,
1006 4611 1114 4680 fasces
1130 4612 1263 4710 Imperii
1280 4612 1406 4688 diutina
1421 4611 1466 4688 in·
