3202 5190
901 311 1053 416 ,m

409 515 596 602 persoluat;
614 514 743 600 penitus
760 511 920 597 nolumus,
946 519 981 578 vt
995 512 1158 578 hominem
1174 519 1319 580 nostrum
1335 533 1409 580 eum
1424 530 1527 600 operu-

407 625 466 709 rijs
485 623 605 690 nostris
621 622 655 688 in
671 619 826 707 populum
843 618 979 705 predicti
996 620 1186 707 monasterij
1202 622 1251 686 ire
1263 627 1319 688 aut
1337 620 1469 706 aliquod
1482 622 1527 686 ius

407 730 470 797 sibi
487 730 539 796 uel
556 729 649 797 uobis
666 729 700 794 in
726 729 774 794 eis
791 729 924 814 exigere
941 727 1147 812 permittatis.
1174 727 1300 808 Quodsi
1320 729 1475 814 deinceps
1489 725 1528 794 ad

407 855 466 903 nos
493 837 697 922 querimonia
713 833 753 900 de
778 841 965 920 contemptu
982 841 1015 900 et
1036 835 1220 903 uiolueione
1245 837 1348 903 nostri
1374 835 1527 923 priuilegij

408 965 466 1031 per
482 943 644 1011 Abbatem
661 949 694 1009 et
710 941 829 1008 iratres
846 949 975 1010 nostros
993 941 1106 1010 delata
1121 941 1218 1010 fuerit
1237 951 1269 1010 et
1286 944 1438 1030 probato,
1454 945 1528 1028 quis·

407 1053 479 1136 quis
496 1053 553 1118 ille
569 1056 836 1138 presumptuosus
854 1059 1030 1118 temerator
1045 1051 1208 1136 extiterit,
1234 1055 1373 1136 Regiam
1389 1051 1528 1138 indigna·

407 1161 533 1228 cionem
560 1158 757 1245 grauissime
782 1179 818 1224 se
840 1160 968 1226 nouerit
992 1159 1188 1245 incurrisse,
1214 1169 1247 1227 et
1263 1163 1409 1227 omnium
1431 1181 1527 1228 rerum

408 1268 659 1355 proscriptione,
684 1277 716 1334 et
731 1267 848 1354 eapitis
864 1257 1148 1335 sui'diminueioue
1172 1267 1392 1353 plectendum.
1418 1271 1528 1335 Datum

407 1396 466 1462 peu
491 1395 607 1443 manus
632 1373 781 1460 Magistri
806 1372 893 1441 (lene
918 1375 951 1441 in
978 1373 1134 1443 Zowolun
1163 1395 1248 1442 anno
1273 1377 1388 1460 gracie
1417 1376 1527 1444 well·

407 1483 661 1570 quartodecimo.

408 1647 546 1714 (Ererlstis
567 1646 751 1716 birhtrtyfiu,
773 1649 878 1716 melyen
897 1665 914 1700 a
935 1645 1269 1715 torosulum-violarint
1297 1649 1526 1716 sslyernzsintrbtl

407 1739 517 1806 tllgsslttt
533 1737 625 1806 poestt
644 1738 701 1791 urtr
720 1737 865 1802 lomelllott,
885 1753 902 1788 a
921 1737 1022 1790 sumsit.
1042 1738 1157 1804 herrueg
1176 1737 1323 1805 Batthytni
1343 1737 1439 1791 esalid
1456 1736 1527 1792 lerti-

901 1827 1037 1896 tarthan.)

836 2119 1103 2134 w

932 2607 1010 2676 224.

407 2789 453 2855 II.
470 2787 579 2852 Eodre
593 2785 701 2877 kirtly
716 2787 894 2876 meqerlirtts‘
909 2809 989 2852 aeon
1005 2785 1194 2874 bordtsdqor
1209 2787 1407 2874 eypezkedtrt
1416 2838 1425 2873 ‚
1442 2783 1522 2871 moly·

407 2897 469 2986 lyei
485 2896 632 2963 Ananias
646 2897 805 2964 comesset
821 2896 888 2980 fiai
906 2893 1055 2962 Tubullal
1079 2898 1112 2960 es
1130 2893 1322 2962 rolcooatval
1345 2894 1522 2984 aqysnsllsu·

759 3003 893 3090 sepeliret
908 3004 1065 3070 eltnrtztt.
1085 3005 1183 3074 1214.

516 3201 554 3266 Iu
571 3199 701 3268 nomine
724 3197 844 3265 Sancte
860 3199 1032 3267 Trinitatis
1047 3207 1080 3267 et
1101 3197 1273 3268 Indiuidue
1289 3200 1444 3269 Unitatis.
1467 3201 1522 3265 lste

407 3315 482 3376 sunt
497 3309 604 3375 littere
619 3307 854 3374 testimoniales
872 3307 1121 3394 composicionis
1132 3327 1230 3394 super
1244 3329 1354 3394 eausa,
1373 3329 1436 3395 que
1450 3309 1522 3374 inter

406 3417 490 3482 filios
506 3415 635 3480 Anonie
653 3413 806 3501 Comitis,
831 3415 959 3482 seilicet
973 3415 1133 3482 'rhomam
1148 3421 1181 3481 et
1197 3416 1377 3484 Ywanoam
1401 3417 1522 3483 nouem

407 3527 477 3592 eius
493 3532 581 3590 mota
598 3523 658 3588 fuit
674 3543 715 3588 ex
726 3543 791 3589 uua
808 3531 911 3610 parte,
932 3523 1090 3610 et‘l‘obul,
1107 3523 1237 3591 Petrum
1252 3523 1389 3593 tratrem
1405 3526 1521 3604 eins,et

406 3632 489 3698 alios
506 3631 625 3698 multos
637 3632 896 3715 consanguineos
907 3631 1082 3699 eorundem
1094 3631 1201 3698 Tubul
1216 3639 1248 3698 et
1258 3635 1346 3700 Petri
1363 3653 1406 3700 ex
1419 3635 1521 3712 altera

406 3758 505 3824 super
520 3737 745 3807 destrueeione
764 3737 869 3826 predij
887 3739 1103 3825 predictorum
1119 3739 1243 3807 'rhome
1262 3747 1295 3807 et
1311 3741 1458 3808 Ywaues
1476 3761 1521 3804 no·

406 3848 492 3913 mine
508 3847 669 3930 Honguu,
696 3855 728 3913 et
744 3847 901 3917 bonorum
927 3848 1117 3935 ablatione,
1145 3869 1208 3933 que
1223 3849 1255 3914 in
1282 3847 1399 3916 eodem
1422 3847 1521 3935 predio

406 3959 508 4036 erant,
534 3973 633 4040 snper
648 3953 879 4022 interieeoione
902 3957 1004 4022 eoianr
1021 3954 1164 4024 Curialis
1180 3957 1315 4024 Comitis
1331 3977 1453 4039 eorum,
1475 3953 1522 4038 qui

404 4063 438 4129 in
453 4059 566 4129 eodem
584 4061 698 4148 predio
722 4062 782 4130 fuit
798 4063 1006 4148 interfectus,
1033 4083 1174 4132 necnon
1196 4065 1317 4132 iniusta
1332 4075 1365 4134 et
1389 4066 1520 4133 uiolents

406 4171 598 4238 detentione
625 4177 708 4236 terre
734 4189 793 4237 sne
809 4179 841 4237 et
857 4169 933 4256 alijs
949 4172 1077 4256 iniurijs
1103 4170 1227 4238 eisdem
1254 4173 1398 4239 indebite
1422 4169 1521 4237 illatis.

404 4275 499 4354 Quod
515 4299 588 4344 oum
604 4279 669 4344 iam
686 4277 764 4347 dieti
774 4279 919 4346 Thomas
935 4287 967 4346 et
978 4279 1123 4347 Ywanea
1139 4289 1249 4349 essent
1265 4284 1298 4348 in
1314 4281 1430 4347 minori
1444 4283 1520 4345 etate

404 4387 580 4472 constituti,
599 4407 659 4454 neo
674 4407 734 4476 per
750 4407 786 4454 se
802 4395 937 4475 possent
953 4409 1045 4456 suam
1062 4391 1180 4474 exequi
1196 4390 1360 4474 iniuriam,
1371 4389 1480 4454 Petrus
1493 4390 1521 4448 et

403 4493 572 4562 Conrados
597 4493 655 4581 filij
683 4495 820 4564 Caumer
846 4497 981 4574 Comitis
1004 4517 1064 4582 eo,
1090 4495 1176 4582 quod
1203 4497 1307 4580 magis
1334 4493 1518 4583 supradietis

403 4603 525 4670 Thome
542 4611 574 4671 et
590 4601 735 4671 Ywanoo
751 4605 952 4692 attinebant,
979 4607 1057 4692 quia
1073 4605 1131 4692 ffl'lt'
1149 4607 1257 4694 patruj
1279 4607 1330 4674 sui
1347 4613 1446 4690 eram,
1470 4619 1517 4666 oo
