3202 5190
896 827 974 896 aot.

369 1011 431 1076 111.
448 1010 539 1076 Iaeae
553 1032 574 1074 a
584 1009 725 1074 Panaca
741 1007 912 1076 dalmatici
926 1011 1060 1096 stipatae
1070 1007 1181 1094 saltarit,
1199 1032 1240 1074 aa
1253 1010 1371 1076 Koarau
1387 1011 1420 1076 da
1431 1010 1504 1076 Do·

367 1121 469 1184 midni
483 1116 684 1204 opdtadpook
709 1115 846 1182 latratur
861 1117 1038 1204 mpcrdctti
1052 1119 1085 1181 da
1108 1141 1149 1182 oa
1163 1117 1301 1204 apoatoli
1323 1119 1395 1183 natta
1407 1121 1504 1204 priet-

716 1224 839 1310 sopdao
853 1223 910 1289 old
925 1228 1016 1290 varai.
1042 1226 1139 1290 1209.

475 1419 682 1486 Innocentius
692 1419 875 1506 Episcopus
892 1439 1006 1488 seruus
1016 1440 1186 1488 seruorum
1198 1421 1260 1486 Dei
1276 1420 1406 1486 dilectis
1421 1419 1503 1486 tiliis

366 1527 486 1592 Abbati
503 1537 536 1593 ct
560 1527 715 1596 iratribus
732 1529 918 1596 Conventus
935 1530 1044 1596 Sancti
1065 1530 1202 1595 Cosmae
1227 1535 1259 1594 et
1275 1529 1431 1594 Damiani
1459 1529 1502 1594 de

247 1664 252 1672 ¹
369 1637 479 1702 Monte
504 1637 642 1702 salntem
669 1643 702 1702 ct
730 1638 952 1723 apostolicam
977 1636 1246 1704 benedictionem.
1279 1638 1501 1702 sacrosancta

367 1745 513 1810 Romana
529 1743 677 1810 Ecclesia
700 1741 836 1813 devotos
863 1753 895 1811 et
910 1744 1049 1811 humiles
1075 1744 1159 1811 lilios
1185 1751 1337 1810 assuetae
1362 1743 1502 1829 pietatis

243 1895 246 1902 Δ
368 1849 473 1918 officio
484 1851 680 1937 propensius
696 1851 834 1937 diligere
845 1853 1023 1934 consuerit,
1044 1859 1076 1916 et
1091 1871 1131 1917 nc
1143 1872 1318 1937 pravorum
1328 1850 1500 1917 hominum

368 1959 526 2026 molestiis
542 1958 714 2044 agitentur,
732 1982 789 2026 cos
806 1971 969 2044 tamquam
989 1962 1042 2046 pia
1059 1968 1171 2044 mater,
1193 1958 1403 2046 protectionis
1415 1979 1500 2024 snae

368 2067 541 2134 munimine
553 2068 736 2134 cont'orcre.
756 2069 945 2152 liaproptcr,
963 2067 1072 2133 dilecti
1091 2070 1121 2132 iu
1135 2069 1271 2134 Domino
1288 2067 1356 2148 tilii,
1375 2069 1498 2132 restris

361 2177 460 2259 Justis
482 2177 750 2262 postulationibus
772 2186 898 2260 gratum
924 2177 1146 2262 impertientes
1167 2195 1355 2260 assensum,
1384 2197 1498 2262 perso·

365 2304 426 2349 nas
442 2293 568 2350 uestras
584 2303 656 2350 oum
678 2285 825 2350 ornnibus
841 2285 946 2363 bonis,
973 2303 1056 2367 quae
1073 2283 1380 2368 inpraesentiarum
1398 2285 1496 2350 ratio-

366 2392 520 2458 nabiliter
546 2392 742 2478 possidetis,
767 2400 823 2460 aut
848 2394 881 2458 in
898 2393 1039 2460 futurum
1052 2393 1150 2477 justis
1177 2391 1279 2458 ttrotlls
1305 2391 1404 2457 dante
1423 2393 1497 2456 Deo

302 2567 307 2576 ,
366 2501 504 2587 potestis
527 2501 677 2586 adipisci,
702 2503 761 2568 sub
778 2503 869 2568 Beati
886 2501 974 2568 Petri
991 2507 1023 2565 ct
1042 2507 1153 2566 nostra
1170 2501 1369 2585 protectione
1394 2501 1496 2565 susei-

366 2607 491 2694 pimns;
526 2609 713 2692 specialiter
736 2617 842 2676 autem
867 2609 1044 2690 ccclesias,
1072 2608 1267 2675 monasterio
1293 2617 1402 2674 vestro
1420 2604 1496 2672 sub-

366 2716 470 2798 ditas,
496 2714 579 2781 sicut
595 2735 652 2781 eas
674 2717 763 2801 juste
788 2725 820 2783 ct
844 2717 979 2802 pacifice
1004 2715 1200 2801 possidetis;
1227 2735 1285 2782 nee
1301 2737 1366 2782 non
1391 2715 1495 2781 etiarn

365 2822 571 2890 donationem
597 2824 807 2890 ecclesiarum
834 2824 944 2890 Sancti
960 2823 1047 2890 Petri
1071 2823 1112 2888 dc
1135 2823 1295 2888 Bnbniani
1321 2831 1352 2888 et
1378 2825 1496 2889 Sancti

366 2929 502 2996 Dimetri
528 2929 569 2996 de
592 2929 715 3013 ladra,
742 2950 814 2997 cnm
838 2931 986 2998 omnibus
1010 2929 1213 3015 pertinentiis
1237 2930 1423 2996 eammdem
1453 2931 1496 2994 ab

365 3037 442 3122 illis,
467 3037 511 3104 ad
524 3057 607 3121 quos
623 3037 809 3123 hujusmodi
824 3036 957 3103 donatio
974 3037 1167 3123 pertinebat,
1192 3037 1327 3122 prouida
1343 3037 1441 3102 vobis
1460 3038 1496 3101 li-

366 3145 535 3212 beralitate
555 3165 738 3230 conccssas‚
760 3146 861 3228 vobis,
876 3155 908 3210 ot
918 3167 975 3231 per
985 3165 1044 3211 vos
1054 3144 1250 3211 blonastcrio
1261 3149 1370 3211 restro
1382 3153 1495 3209 aucto-

365 3253 459 3320 ritate
470 3251 660 3337 Apostolioa
676 3254 910 3336 continuamus,
932 3261 963 3318 et
979 3253 1163 3337 praesentis
1180 3250 1293 3336 scripti
1309 3251 1495 3334 patrocinio

365 3359 608 3425 communimus.
635 3358 725 3424 Nulli
742 3376 819 3443 ergo
845 3357 973 3424 omnino
991 3358 1158 3424 huminum
1184 3357 1281 3424 liceat
1296 3356 1380 3422 hanc
1400 3359 1495 3442 pagi·

364 3485 439 3530 nam
455 3473 586 3531 nostrae
611 3465 863 3532 eorrbrmationia
880 3471 912 3530 ct
934 3465 1142 3550 protectionis
1169 3465 1364 3549 infringere,
1391 3465 1445 3530 rel
1462 3469 1493 3534 ei

364 3591 446 3637 ausu
461 3573 634 3639 temerario
651 3574 821 3640 contraire.
845 3572 878 3637 Si
896 3574 969 3657 quis
986 3579 1094 3639 autem
1111 3573 1171 3640 hoc
1187 3577 1380 3656 attemptare
1397 3591 1494 3656 prac-

365 3679 550 3762 sumpsetit,
567 3679 821 3764 indignationem
837 3679 1075 3765 omnipotentis
1093 3680 1153 3745 Dei
1166 3687 1198 3744 ct
1213 3679 1384 3744 Beatorum
1400 3677 1494 3745 Petri

364 3791 397 3848 et
420 3784 514 3850 Pauli
541 3787 770 3871 Apostolorum
805 3789 874 3870 cp’us
904 3807 941 3853 se
968 3786 1093 3853 noverit
1120 3787 1332 3852 incursurum.
1366 3786 1490 3851 Datum

366 3889 501 3956 Viterbii
521 3895 571 3958 14.
589 3891 748 3958 kalendas
766 3893 855 3974 Jutit,
881 3893 1087 3958 Pontificatua
1104 3892 1207 3957 nostri
1223 3911 1308 3956 anno
1330 3893 1378 3956 m.

364 4069 487 4136 (Parlatl,
506 4072 644 4138 Illyricum
657 4073 769 4125 Sacrum
782 4073 829 4124 tv.
849 4073 904 4124 ket.
921 4075 945 4124 8.
961 4073 995 4134 l.;
1015 4075 1115 4138 Migne‚
1134 4073 1285 4123 iunocentii
1299 4073 1350 4121 lll.
1369 4070 1488 4122 Romani

678 4162 815 4213 Pontificio
829 4164 919 4229 Opera
931 4164 978 4214 tv.
993 4165 1049 4216 lut.
1065 4166 1123 4218 tat.
1138 4164 1167 4228 l.)

779 4451 1045 4466 *nh—amn
