3202 5190
840 345 999 448 ,ΞΒ-8-

357 555 434 620 riua
449 568 529 619 voce
544 555 690 616 nostrum
706 545 800 611 robis
816 538 1057 626 beneplacitum
1073 550 1275 618 exponamus
1288 555 1295 614 ;
1321 531 1490 611 quatenns

358 663 388 730 si
404 679 460 728 cor
474 665 616 726 restrum
633 651 742 740 gratia
758 650 878 716 Divina
892 643 1055 730 tetigerit,
1073 649 1108 707 ut
1123 639 1292 728 propriam
1310 655 1375 700 non
1390 651 1491 698 excu-

359 768 459 854 setis,
484 765 543 833 sed
558 760 717 830 accusetis
733 757 901 841 offensam,
920 749 1177 820 satisfactionem
1203 761 1380 828 congruam
1399 735 1495 804 exhi-

360 875 486 958 bendo,
512 870 594 939 etin
609 869 650 934 iis
667 875 699 934 et
714 867 749 931 in
764 865 851 947 aliis,
876 879 961 944 quae
978 857 1077 941 digne
1093 850 1251 920 duxeritis
1276 843 1496 934 postulanda,

361 979 551 1050 mereamini
567 972 725 1044 exaudiri.
743 970 904 1050 Quocirca
920 963 1124 1032 devotionem
1140 963 1284 1024 vestram
1305 950 1497 1036 rogandam

362 1087 514 1158 duximus
539 1089 571 1150 et
587 1077 792 1161 monendam,
816 1076 1026 1142 obsecrantes
1041 1069 1076 1134 in
1092 1063 1243 1144 Domino,
1269 1065 1434 1144 quatenus
1462 1055 1497 1119 in

362 1198 432 1282 ejm
448 1211 507 1260 vos
524 1189 732 1257 humiliantes
749 1188 943 1269 conspectu,
968 1177 1025 1260 qui
1039 1173 1166 1240 exaltat
1181 1166 1319 1235 humiles
1341 1170 1376 1228 et
1391 1163 1498 1247 depo-

362 1302 410 1368 nit
426 1300 549 1378 elatos,
576 1295 620 1360 ari
637 1289 906 1360 satisfaciendum
922 1286 953 1352 ei
967 1289 1094 1350 vestros
1110 1277 1236 1345 animos
1251 1271 1431 1353 inclinetis,
1451 1287 1500 1334 re-

365 1405 488 1493 cepturi
504 1406 547 1470 ah
565 1402 636 1486 ipse
653 1408 686 1466 et
710 1398 851 1484 gratiam
867 1396 900 1461 in
917 1389 1084 1480 praesenti
1100 1393 1133 1454 et
1148 1385 1286 1470 gloriam
1312 1381 1347 1446 in
1371 1378 1498 1444 intuto.

365 1516 486 1582 Datum
502 1507 658 1589 viterbii,
687 1505 799 1572 idibus
815 1501 914 1584 Julii‚
943 1499 1154 1567 Pontificatus
1177 1490 1281 1560 nostri
1305 1509 1392 1554 anuo
1418 1485 1502 1550 duo-

365 1621 501 1688 decimo.

367 1782 479 1848 (hligne,
494 1779 645 1830 Innocentii
658 1777 709 1827 Ill.
724 1775 827 1826 Summi
840 1769 979 1823 Pontifieis
989 1767 1079 1832 Opera
1089 1767 1140 1816 111.
1156 1763 1212 1812 kur.
1222 1760 1266 1810 88.
1279 1761 1308 1821 l.;
1321 1758 1403 1810 ‘rasel
1418 1757 1455 1808 G.
1467 1757 1501 1805 L.

367 1873 396 1925 hs
410 1872 527 1923 Thomas
539 1871 570 1922 G.
582 1869 618 1920 Μ.
629 1865 780 1918 Urlrnnclen
796 1878 843 1912 zur
856 1861 958 1912 hlteren
972 1855 1105 1908 Haudolr-
1117 1853 1171 1904 und
1182 1848 1439 1915 Stsategeschiehte
1450 1845 1501 1896 der

582 1956 719 2023 Republilu
732 1952 864 2015 Venedig‚
878 1948 913 1999 ΙΙ.
928 1949 984 1998 lrht.
997 1944 1065 1996 Boea
1082 1945 1158 1994 1856.
1173 1943 1231 1992 100.
1245 1939 1275 2005 l.)

797 2229 1064 2246 ‘nn-¹*

893 2731 970 2797 209.

370 2923 458 2989 Aac.
477 2923 581 2987 lutacio
597 2918 661 2984 elec
674 2917 806 2981 corana
824 2912 1023 2998 Nappcrtrnd
1041 2907 1169 2974 mellcttc'
1187 2907 1350 2991 concerpe
1375 2906 1502 2990 hicenp-

370 3036 459 3118 actqct
475 3039 536 3093 teca
551 3023 659 3104 acroi,
685 3023 764 3108 impp
780 3022 896 3106 Durup
921 3017 1079 3083 comeanek
1095 3015 1160 3100 fici
1175 3013 1306 3078 Eccedct
1324 3011 1504 3097 sopor-atera

541 3133 699 3220 Gyulctrm
716 3127 886 3215 Gyalrirrhlr
895 3127 985 3211 flu'ru
1001 3123 1205 3189 contracte.
1227 3121 1325 3185 1209.

478 3330 508 3396 J.
527 3325 738 3394 miseracione
757 3323 880 3390 Diuina
903 3319 1093 3407 Prepesitus
1121 3324 1155 3384 et
1173 3299 1360 3384 Oonuentus
1387 3315 1504 3381 Sancti

371 3437 529 3525 Stephani
549 3431 801 3516 Protomartyris
818 3431 858 3496 de
881 3427 1106 3498 Promontorio
1122 3425 1331 3492 Waradiensi
1348 3423 1504 3490 omnibus

373 3543 493 3634 Christi
509 3541 658 3607 fidelihus
682 3544 750 3604 tam
768 3535 974 3623 presentibus
990 3555 1087 3618 quarn
1104 3533 1221 3601 futuris
1241 3537 1426 3617 presentem
1444 3550 1506 3613 pa·

374 3652 484 3736 mam
500 3647 696 3732 inspecturis
712 3647 852 3712 salutem
868 3643 901 3709 in
919 3663 978 3728 eo,
1006 3643 1061 3727 qui
1076 3650 1126 3708 est
1141 3640 1285 3708 ornnium
1299 3657 1381 3704 uera
1397 3637 1505 3702 salus.

373 3757 426 3823 Aul
449 3755 673 3822 uniuersorum
703 3754 858 3821 noticiam
889 3754 1004 3818 harum
1029 3751 1114 3817 serie
1137 3749 1285 3816 volumus
1315 3746 1504 3834 peruenire,

373 3863 556 3950 quodcum
581 3862 736 3930 Ladiclao
763 3869 795 3928 et
809 3861 941 3928 Mareho
967 3859 1042 3926 liliis
1068 3857 1203 3924 Comitis
1229 3858 1345 3938 Durug
1368 3875 1426 3940 pro
1454 3873 1505 3935 se,

373 3991 435 4039 nee
457 3992 522 4038 non
546 3972 682 4038 Alberto
708 3991 746 4035 ac
771 3969 942 4035 Domiuieo
967 3967 1121 4032 fratribus
1144 3965 1213 4030 suis
1238 3964 1281 4030 ab
1306 3983 1373 4029 rna
1395 3969 1505 4048 parte,

374 4079 484 4166 Gyula
500 4079 566 4146 filio
583 4079 694 4164 Gyula
709 4097 819 4143 eorum
835 4095 958 4161 sponso
974 4076 1016 4141 ab
1033 4074 1138 4141 altera
1154 4092 1265 4141 coram
1280 4071 1375 4138 nohis
1391 4089 1506 4158 perso-

374 4185 492 4253 naliter
506 4185 711 4267 eonstitutis,
734 4185 832 4250 iidem
848 4181 1023 4249 Ladiclaus
1040 4189 1072 4247 et
1088 4181 1238 4247 Marchus
1259 4177 1425 4263 quandam
1439 4184 1505 4242 ter-

375 4312 445 4359 ram
460 4311 518 4360 seu
533 4291 775 4379 possessionem
799 4293 943 4377 ipsorum
959 4289 1070 4356 Eched
1084 4293 1305 4373 nuncupatam
1327 4286 1361 4351 in
1377 4284 1505 4351 heredi·

374 4402 436 4468 hus
452 4419 573 4486 eorum,
589 4408 624 4466 rt
640 4399 799 4484 dixerunt,
816 4419 874 4485 per
889 4398 1047 4466 femineas
1064 4397 1172 4483 proles
1189 4393 1395 4476 donandam,
1423 4391 1505 4459 dan·

375 4505 452 4575 <iam
468 4505 706 4573 etroluendam
721 4507 856 4574 snhvna
872 4512 959 4573 meta
968 4512 1000 4572 et
1016 4503 1228 4571 distinceione
1239 4501 1411 4584 inclusam,
1428 4517 1504 4566 curn

374 4614 525 4680 omnihus
541 4613 735 4682 utilitatibus
760 4616 827 4683 suis
844 4623 875 4681 et
891 4611 1108 4700 pertinenciis,
1126 4611 1230 4677 eidem
1249 4609 1356 4696 Gyule
1376 4629 1499 4694 sponso
