3202 5190
870 903 948 972 202.

348 1092 412 1158 ΙΙΙ.
426 1091 516 1156 Iucae
526 1088 686 1176 pdpriauk
702 1085 796 1154 bocla
811 1108 832 1149 a
847 1083 981 1171 repasci
995 1085 1082 1150 creole
1092 1086 1123 1148 ar
1138 1105 1160 1148 a
1176 1085 1265 1148 troci
1279 1079 1478 1168 apemtlm,

349 1197 491 1286 odylye
515 1219 537 1264 a
562 1193 834 1281 amplovnrcadiac
860 1193 940 1258 caen
964 1192 1068 1258 boeoti
1093 1191 1207 1254 scelere
1236 1189 1477 1275 „2092me

867 1302 964 1366 1208.

458 1499 664 1569 Innocentius
689 1497 872 1586 Episcopus
892 1503 952 1563 ete.
978 1495 1157 1564 venerabili
1180 1494 1298 1562 fratri.
1317 1545 1324 1560 .
1343 1545 1350 1560 .
1369 1495 1479 1564 Archi·

351 1609 505 1696 episcopo
522 1608 709 1694 Ragnsino,
736 1613 767 1672 et
783 1605 901 1673 dilecto
918 1603 984 1671 filio
1068 1603 1306 1672 Archidiacono
1326 1605 1477 1688 Traguri-

352 1715 424 1784 cnsi
440 1717 580 1782 salutem
597 1723 630 1782 et
645 1714 870 1802 Apostolicam
885 1711 1154 1779 benedictionem.
1179 1711 1413 1796 Significarunt
1427 1733 1479 1779 no-

353 1824 404 1892 bie
420 1824 539 1891 iratres
559 1823 695 1890 militiae
711 1821 840 1908 Templi
857 1821 897 1886 de
913 1819 1031 1886 Uratia
1047 1815 1218 1904 (Oroatia),
1236 1820 1323 1903 quod
1346 1841 1422 1888 cum
1437 1819 1479 1886 acl

353 1931 573 2000 venerabilem
598 1929 732 1998 fratrem
750 1937 896 1996 nostrum
913 1927 1111 2014 Episcopum
1130 1927 1340 1994 Tinniensem
1369 1937 1480 1996 contra

352 2041 538 2108 Nonenscm
554 2039 754 2127 Episcopum
769 2045 898 2106 nostras
915 2036 1041 2103 litteras
1057 2037 1298 2122 impetrassent,
1318 2035 1408 2102 idem
1418 2038 1477 2102 No·

353 2148 462 2215 nensis
479 2146 664 2233 Episcopus
681 2144 896 2213 amicabiliter
913 2165 1011 2231 super
1027 2145 1079 2228 iis,
1097 2145 1138 2211 de
1154 2146 1270 2230 quibus
1285 2145 1373 2212 inter
1390 2146 1476 2232 ipsos

352 2256 502 2340 quaestio
512 2255 709 2338 vertebatur,
727 2253 909 2340 composuit
918 2273 991 2320 cum
1001 2253 1140 2337 eisdem;
1158 2251 1397 2340 sedjpraesatns
1409 2253 1478 2319 'lin-

352 2362 474 2430 niensis
490 2361 674 2448 Episcopus
690 2380 732 2426 ex
748 2358 864 2427 litteris
890 2360 1009 2426 nostris
1027 2361 1198 2428 occasione
1218 2370 1374 2446 suscepta
1390 2379 1478 2444 prae

352 2469 456 2536 fatum
463 2463 658 2536 blesensem
674 2468 883 2556 Episcopum,
901 2474 1014 2536 contra
1030 2489 1124 2554 quem
1141 2488 1309 2538 rancorem
1324 2491 1476 2556 concepe-

353 2583 414 2660 rat,
431 2574 553 2642 eisdem
569 2574 723 2642 iratribus
739 2575 972 2660 nescientibus,
992 2577 1335 2645 excommunicationis
1345 2577 1475 2644 vinculo

353 2681 533 2768 innodavit,
550 2681 665 2748 ductus
681 2683 815 2750 arbitrio
834 2683 987 2768 propriae
1002 2685 1188 2768 voluntatis,
1213 2705 1277 2752 non
1288 2685 1417 2770 judicio
1432 2705 1477 2752 ra·

353 2789 463 2857 tionis.
479 2789 640 2868 Quocirca
651 2787 840 2858 discretioni
850 2797 978 2857 vestrae
988 2811 1047 2877 per
1057 2789 1383 2878 Apostolicascripta
1394 2813 1476 2860 man·

354 2897 480 2985 damus,
496 2905 655 2982 quatenus
671 2899 826 2983 inquisita
841 2899 970 2984 plenius
987 2899 1131 2984 veritate,
1158 2900 1187 2967 si
1202 2920 1270 2969 rem
1286 2902 1474 2971 inveneritis

356 3003 404 3069 ita
419 3023 502 3088 esse,
514 3005 697 3090 praelatam
708 3007 1076 3074 excommunicationem
1092 3007 1287 3076 denuntietis
1303 3009 1432 3078 irritam
1448 3018 1477 3080 et

353 3109 516 3178 innanem.
533 3111 641 3180 Nullis
657 3113 774 3179 litteris
790 3121 850 3180 etc.
867 3113 988 3180 Datum
1008 3115 1189 3202 Anagniae,
1206 3117 1264 3183 ΙΙΙ.
1278 3117 1356 3185 Idus
1378 3119 1475 3201 Junii,

353 3217 565 3286 Pontificatus
581 3221 683 3288 nostri
699 3239 786 3287 anno
802 3221 982 3289 undecimo.

471 3400 719 3466 (Migneid.m.1[.
734 3402 790 3457 lot.
806 3405 882 3454 llas.
897 3404 924 3468 l.;
937 3403 1054 3458 Theiuer
1067 3405 1103 3458 id.
1117 3422 1151 3459 m.
1166 3408 1186 3459 1.
1201 3407 1256 3460 ket.
1272 3409 1316 3459 44.
1332 3409 1361 3474 l.)

785 3711 1043 3722 -—·--——...-
