3202 5190
862 251 1021 354 Ἀ

378 471 495 537 greges
520 449 682 516 sodalium
700 450 891 534 evagando,
918 469 976 516 vos
994 451 1064 532 ejus
1081 450 1291 533 pertinaciter
1316 451 1503 535 magisterio

376 558 587 640 subduxistis,
605 577 701 640 quem
711 558 862 622 Salvator
879 563 988 621 noster·
1006 555 1208 622 Universslis
1220 557 1391 622 Ecclesiae
1407 566 1504 645 caput

375 666 543 732 constituit
554 666 755 748 magistrum,
769 663 918 746 inquiens
930 662 972 728 ad
983 683 1055 728 eum
1065 687 1072 725 ε
1083 663 1151 747 ,uu
1162 663 1503 749 vocaberisCephas“;

375 785 424 842 et:
448 777 517 862 „Tu
536 797 571 842 es
583 776 709 855 Petrus,
727 780 758 838 et
775 791 871 858 super
888 773 973 838 banc
987 780 1111 858 petram
1128 773 1308 840 aedificabo
1321 775 1504 841 Ecclesiam

375 905 491 952 meam.
511 885 548 948 Et
565 883 624 948 tibi
640 881 724 946 dato
742 881 853 945 claves
870 880 973 962 Regni
991 881 1162 946 coelorum.
1185 879 1408 964 Quodcunque
1426 883 1504 966 liga·

374 991 460 1058 veris
484 999 734 1075 superterram,
763 987 822 1051 erit
839 987 976 1068 ligatum
992 995 1024 1052 et
1040 987 1073 1052 in
1093 987 1213 1072 coelis,
1241 997 1273 1053 et
1289 988 1504 1072 quodcunque

375 1098 511 1164 solveris
528 1117 625 1181 super
641 1101 769 1178 terrum,
786 1096 845 1159 erit
862 1094 1001 1159 solutum
1019 1103 1050 1161 et
1067 1095 1099 1160 in
1119 1096 1251 1161 coelis.“
1278 1096 1336 1161 Cui
1354 1117 1427 1162 cum
1443 1099 1504 1162 Do·

374 1205 479 1270 minus
497 1223 575 1270 ores
591 1223 668 1268 suus
685 1201 868 1288 pascendas
886 1202 980 1267 tertio
998 1201 1133 1287 repetito
1155 1203 1310 1268 vocaturo
1327 1205 1503 1270 commisis-

373 1319 433 1394 set,
452 1308 623 1375 nranifcstc
640 1307 730 1373 dedit
748 1309 897 1392 intelligi,
916 1329 988 1372 enm
1006 1329 1025 1373 a
1043 1329 1142 1394 grege
1160 1310 1326 1376 Dominico
1349 1313 1503 1395 alienum,

375 1421 428 1505 qui
447 1421 543 1485 etiam
562 1419 593 1482 in
611 1418 678 1482 suis
703 1415 926 1482 succesoribus
943 1417 1047 1502 ipsum
1067 1419 1294 1502 contempserit
1312 1421 1434 1486 habere
1451 1441 1505 1506 pa·

374 1535 504 1594 storem.
522 1525 592 1590 Non
610 1526 695 1590 enim
712 1525 796 1590 inter
812 1525 871 1589 has
889 1543 965 1589 oves
983 1533 1014 1590 et
1030 1525 1106 1590 illas
1124 1524 1281 1599 distinxit.
1306 1526 1365 1592 sed
1381 1527 1504 1614 simpli·

375 1635 455 1702 citer
470 1633 593 1714 inquit:
616 1635 741 1718 „Pasce
758 1651 835 1696 ores
847 1629 970 1712 ineas“;
989 1641 1021 1696 ut
1038 1650 1149 1696 omrres
1169 1635 1296 1700 orrrninc
1312 1633 1503 1720 intelligen-

373 1751 425 1808 tur
441 1743 470 1808 ei
488 1761 559 1808 esse
576 1742 774 1806 eoumdssuc.
803 1741 882 1805 Cum
900 1739 997 1822 igitur
1014 1759 1076 1804 uria
1092 1740 1134 1804 sit
1151 1749 1183 1803 et
1207 1737 1349 1806 indivisa
1366 1743 1503 1808 Domini

374 1849 494 1937 tunica,
510 1871 569 1914 nec
586 1867 727 1932 unquam
745 1867 846 1933 passa
862 1847 904 1912 sit
920 1845 1093 1912 diuortium
1114 1867 1234 1932 sponsu
1251 1847 1382 1930 Christi,
1402 1852 1503 1931 juxta

374 1955 460 2041 qnod
489 1977 626 2042 sponsus
653 1957 685 2019 in
712 1953 857 2020 Carminis
889 1961 1087 2020 attestatur:
1116 1955 1209 2038 ,llns
1234 1963 1302 2038 est,
1336 1955 1502 2038 inquiens,

374 2065 523 2130 columbe
552 2084 645 2144 mea,
680 2083 745 2127 uns
770 2067 818 2127 est
843 2063 938 2126 lustri
964 2081 1063 2144 surse,
1091 2061 1196 2126 electa
1223 2062 1372 2146 genitrici
1399 2083 1501 2142 suae,

374 2172 524 2239 viderunt
550 2191 621 2235 eam
648 2169 735 2236 filiae
754 2169 832 2235 Sion
849 2177 881 2236 et
905 2168 1128 2234 beatissimam
1153 2167 1425 2254 praedicaverunt
1444 2171 1501 2238 Re·

372 2281 469 2363 ginae
480 2331 488 2363 ,
507 2287 538 2344 et
557 2278 755 2344 concubinae
779 2275 994 2344 laudaverunt
1011 2275 1117 2360 eam“;
1142 2297 1277 2343 necesse
1293 2287 1352 2362 est,
1379 2285 1413 2345 ut
1433 2282 1501 2362 qui-

372 2407 496 2471 cunque
529 2387 570 2451 ab
602 2384 787 2470 hujusmodi
819 2386 941 2452 unitate
974 2387 1184 2468 recesserint,
1217 2387 1309 2469 aquis
1336 2388 1500 2470 submersi

372 2493 504 2578 diluvii,
531 2502 657 2578 partem
682 2511 754 2558 cum
779 2495 896 2576 arigelo
926 2502 1075 2578 apostata
1102 2495 1284 2559 sortiantur.
1320 2495 1362 2560 Ut
1387 2505 1499 2562 autem

370 2603 474 2688 ipsius
497 2599 624 2664 illibata
642 2599 747 2665 unitas
764 2609 963 2686 servaretur,
989 2621 1085 2666 unum
1102 2599 1205 2666 eidem
1223 2602 1390 2686 Dominus,
1413 2604 1498 2670 sicut

371 2709 595 2796 premisimus,
627 2708 762 2773 Beatum
795 2709 923 2774 Petrum
949 2707 1120 2794 videlicet,
1153 2717 1248 2794 caput
1274 2712 1441 2780 constituit
1467 2725 1497 2778 et

372 2818 570 2902 inagistrum,
597 2827 629 2882 ut
646 2817 740 2901 quasi
766 2817 835 2880 Noc
862 2837 981 2897 aream,
1001 2825 1091 2884 extra
1118 2839 1215 2902 (luem
1231 2819 1389 2885 animalia
1407 2821 1497 2887 dere-

371 2929 449 2992 licta
474 2925 506 2989 in
533 2924 654 2990 diluvio
681 2925 948 3008 surbmerguntur,
975 2926 1111 2992 solvatis
1138 2926 1253 2994 ceteris
1279 2927 1365 2993 intre
1392 2931 1498 3014 ipsam

372 3033 530 3102 contentis
541 3085 549 3118 ,
577 3035 608 3098 in
627 3053 689 3100 unc
706 3033 814 3098 cubitu
841 3041 1095 3116 consummaret,
1122 3055 1179 3118 pro
1195 3037 1286 3118 cujus
1304 3034 1379 3121 tide,
1406 3058 1448 3102 ne
1466 3040 1500 3102 in

371 3161 430 3209 sua
446 3141 596 3226 passione
614 3137 773 3226 deficeret,
791 3141 977 3225 specialiter
988 3140 1145 3222 exoravit,
1164 3138 1269 3206 eidem
1280 3145 1499 3229 praecipiens,

373 3258 406 3315 ut
418 3249 533 3316 iratres
544 3271 620 3316 suos
631 3269 804 3316 enervemus
816 3249 992 3333 aliquando
1004 3249 1216 3314 coinfirmaret.
1229 3248 1308 3314 Cum
1319 3269 1398 3333 ergo
1411 3251 1499 3318 innu-

373 3355 469 3424 meris
485 3356 553 3423 fere
579 3357 773 3422 testimoniis
800 3359 1029 3442 scripturarum
1041 3409 1049 3442 ,
1077 3377 1158 3439 quas
1176 3377 1234 3421 ros
1250 3377 1308 3420 nec
1335 3358 1498 3443 convenit,

371 3485 430 3531 nec
446 3463 580 3550 expedit
596 3465 767 3550 ignorare,
794 3465 900 3530 unitas
916 3463 1085 3532 Ecclesiae
1105 3466 1341 3550 comprobetur,
1366 3486 1432 3531 non
1451 3473 1498 3532 est

370 3571 497 3656 mirum,
516 3591 587 3636 cum
604 3573 713 3656 simus,
731 3573 808 3638 licet
827 3572 988 3652 immeriti,
1005 3591 1208 3639 successores
1219 3571 1316 3654 illius,
1334 3573 1387 3638 cui
1398 3573 1500 3657 jussit

371 3679 527 3744 Dominus
545 3699 677 3764 pascere
703 3699 781 3747 oves
797 3699 892 3764 suras,
919 3679 947 3744 si
974 3678 1175 3746 errabundas
1200 3699 1278 3744 ores
1303 3679 1438 3746 nitimur
1455 3677 1498 3746 ad

370 3786 482 3852 caulas
501 3783 663 3870 reducere,
682 3793 716 3852 ut
732 3789 815 3852 sieut
832 3796 880 3853 cst
896 3805 979 3852 rinus
998 3797 1118 3873 postor,
1136 3785 1184 3852 sic
1201 3787 1258 3852 fiat
1275 3805 1373 3852 unum
1389 3789 1497 3872 ovile,

370 3895 398 3961 si
414 3893 491 3961 tutis
507 3893 630 3958 viribus
647 3893 850 3970 laboramus,
879 3913 918 3962 ne
935 3893 1173 3977 quodammodo
1190 3893 1338 3961 difforme
1358 3895 1417 3962 liat
1432 3917 1498 3962 eor-

369 4021 431 4088 pus
447 3999 635 4086 Ecclesiae,
660 3999 688 4064 si
704 4009 829 4086 portem
846 3997 991 4084 aliquam
1008 3999 1103 4068 abeo
1121 3999 1321 4083 contingeret
1337 4003 1497 4088 seperari.

370 4111 414 4180 Ut
430 4115 539 4178 autem
555 4106 769 4195 adpraesens
785 4109 826 4176 de
843 4111 976 4196 reliquis
1000 4119 1184 4196 taceamus,
1209 4129 1282 4176 cum
1299 4111 1498 4180 Graecorum

368 4219 542 4310 Imperium
568 4226 600 4284 et
615 4217 764 4284 Ecclesia
789 4237 870 4305 pene
897 4227 965 4284 tota
993 4217 1036 4284 ad
1062 4218 1265 4285 devotionem
1285 4219 1498 4305 spostolicae

370 4327 464 4398 Sedis
480 4325 621 4412 redierit,
640 4327 757 4394 eteius
773 4327 935 4394 hunriliter
951 4325 1108 4393 mandata
1123 4325 1293 4413 suscipiet,
1314 4335 1348 4395 et
1363 4327 1499 4396 obediet

364 4438 523 4527 jussioni,
551 4455 655 4502 ironne
672 4433 828 4500 absonum
854 4455 926 4502 esse
940 4435 1086 4520 videtur,
1114 4445 1148 4502 ut
1163 4455 1239 4521 pars
1259 4434 1321 4501 toti
1346 4457 1405 4503 sno
1430 4457 1497 4503 non

370 4555 535 4640 congmat,
553 4553 584 4611 et
599 4544 810 4632 singularitas
826 4565 846 4610 a
861 4563 920 4610 suo
936 4541 1099 4634 discrepet
1114 4539 1295 4612 universo?
1319 4543 1496 4620 Praeterea
