3268 5194
723 299 764 373 51

0 517 1 540 ι
43 489 53 532 ’·
177 497 276 570 modo
292 503 433 572 voluerit
447 509 480 571 te
495 503 537 570 de
552 504 614 571 hoc
629 505 804 592 requirere,
821 524 883 590 ego
899 523 951 572 me
966 505 1117 574 omnibus
1133 521 1184 572 me
1201 511 1308 594 prote

176 633 353 700 opponam.
380 613 497 680 Actum
513 621 590 680 ante
606 614 756 681 notitiam
772 615 886 681 horum
902 616 1053 700 testium,
1079 616 1180 682 Ducis
1196 615 1308 682 videli-

175 728 232 788 cet
246 722 312 787 iam
328 721 417 805 dicti,
443 729 475 787 et
489 721 542 788 sui
557 722 674 789 Resari
689 721 821 808 Savidc,
847 741 887 788 ac
902 723 1017 789 ceteris
1045 721 1202 789 militibus
1227 724 1309 809 eius,

0 813 21 868 ι’
37 815 58 917 ἰ,
174 835 212 894 et
227 827 405 913 Dragisani
422 828 481 912 filij
496 829 650 916 Semiani,
668 829 761 914 Girgi
778 829 819 895 de
836 830 970 914 Tuguri,
993 829 1182 897 Habrsham
1198 837 1231 896 et
1246 830 1306 896 ira·

1 1033 3 1043 k
20 924 44 973 'r'
173 941 264 1000 trum
280 936 360 1019 eius,
386 933 531 1021 Jadreio,
547 936 727 1003 Dabrovito
745 935 870 1002 setrico
886 944 920 1003 et
933 935 1134 1022 Semidrago,
1161 943 1194 1003 et
1208 935 1309 1004 irater

31 1083 43 1095 ·2
173 1041 251 1107 eius
266 1041 408 1127 Vilciao,
434 1047 467 1108 et
482 1044 567 1110 alter
581 1041 682 1110 irater
697 1043 821 1128 Basili,
847 1050 879 1110 et
893 1043 1006 1128 Draga
1023 1045 1117 1128 Nego
1142 1043 1307 1130 duomioo‚

13 1143 41 1208 'r
172 1155 211 1215 et
226 1147 327 1214 irater
341 1148 431 1215 illius
448 1148 653 1236 Boledrugo,
680 1149 825 1216 Formini
850 1150 1015 1236 Spalatini
1040 1151 1096 1236 qui
1121 1157 1153 1217 et
1177 1151 1308 1238 Busica,

171 1255 352 1341 presbiteri
366 1253 454 1322 Petri
470 1255 630 1342 Piseniza,
657 1257 802 1323 Formini
818 1257 1015 1342 Platimisse,
1041 1258 1170 1324 diaconi
1186 1260 1308 1345 Duymi

172 1363 277 1448 Buce,
294 1362 421 1428 Grubiti
437 1363 539 1448 Zune,
556 1361 700 1431 Prodaui
716 1370 749 1430 et
764 1364 895 1432 diaconi
910 1365 1013 1432 Dabri
1029 1366 1213 1433 stallorum
1229 1369 1308 1434 mul-

171 1477 294 1537 torum.

287 1577 403 1650 †Nam
413 1583 487 1664 post
496 1577 670 1644 multorum
680 1596 839 1645 annorum
849 1579 1010 1646 curricula
1019 1578 1126 1646 decidi
1135 1579 1170 1644 iu
1179 1579 1308 1646 infirmi-

172 1693 257 1769 tate,
274 1685 416 1751 utnulla
431 1703 508 1770 spes
524 1683 688 1751 euadendi
703 1691 801 1770 esset,
818 1685 892 1753 ideo
908 1693 1018 1752 votum
1033 1687 1109 1752 vovi
1125 1687 1159 1751 in
1175 1687 1250 1772 ipsa
1261 1688 1307 1754 iu-

174 1792 350 1877 firmitate,
376 1798 411 1858 ut
427 1793 456 1858 si
471 1811 534 1876 ego
550 1792 813 1858 convalescerem
832 1791 873 1857 de
890 1792 1095 1877 infirmitate,
1121 1793 1155 1858 in
1180 1793 1308 1880 prelata

176 1900 321 1966 ecclesia
335 1899 423 1966 Petri
438 1897 589 1986 Apostoli
605 1899 652 1965 ibi
669 1917 721 1966 mc
736 1899 947 1986 totonderem,
974 1907 1006 1966 et
1021 1899 1168 1966 habitum
1184 1899 1306 1968 Beatis-

174 2007 256 2076 simi
270 2007 438 2074 Benedicti
453 2007 641 2094 reciperem.
660 2007 764 2092 Igitur
779 2007 990 2095 dispensante
1005 2006 1308 2076 Diuinaclcmentia

175 2115 307 2184 surrexi
321 2115 363 2181 de
378 2115 510 2199 lectulo,
527 2123 560 2182 et
575 2115 713 2182 oonsilio
729 2123 762 2182 et
777 2115 818 2183 de
835 2117 996 2183 adiutorio
1014 2115 1180 2183 Laurentii
1195 2114 1306 2181 Archi-

176 2222 325 2310 episcopi
342 2229 586 2307 ceterorumque
602 2222 792 2290 elericorum
808 2221 842 2288 in
857 2243 957 2309 supra
973 2222 1141 2290 nominata
1167 2224 1307 2290 ecclesia

177 2332 334 2398 domnum
350 2331 544 2416 Gregorium
560 2337 706 2398 nostrum
721 2337 874 2420 nepotem
889 2331 1051 2398 Abbatem
1075 2330 1306 2399 ordinavimus.

178 2443 225 2507 Et
240 2441 299 2506 hoc
315 2439 402 2524 quod
416 2441 492 2506 vovi
507 2439 631 2506 auxilio
647 2439 709 2506 Dei
719 2439 908 2528 adimplevi.
924 2438 982 2508 Set
998 2459 1071 2507 cum
1082 2439 1227 2526 cepimus
1242 2439 1307 2506 edi·

178 2550 279 2616 ficare
294 2547 430 2632 domus,
456 2567 538 2631 quas
554 2547 740 2614 necessarie
756 2556 850 2614 erant
864 2547 1028 2634 iratribus,
1054 2547 1228 2614 aminiculo
1244 2549 1307 2614 Dei

179 2655 452 2723 consumauimus.
464 2655 670 2741 Quapropter
679 2655 816 2722 consilio
826 2656 995 2723 memorati
1004 2654 1144 2722 Abbatis
1159 2655 1307 2722 aliorum-

180 2783 245 2849 que
260 2763 394 2830 fratrum
409 2761 570 2830 voluimus
585 2763 620 2828 in
636 2763 802 2830 nominato
817 2763 1057 2848 monticellum,
1078 2762 1164 2847 quod
1180 2783 1307 2849 compa-

181 2873 253 2939 ravi
275 2893 297 2938 a
311 2873 487 2939 Miroslauo
513 2880 546 2940 ct
564 2893 585 2939 a
608 2873 684 2940 iliis
700 2873 901 2959 Michahelis,
919 2873 1026 2941 vicum
1042 2879 1228 2939 construere
1254 2891 1307 2936 no·

181 2980 258 3047 stris
268 2979 413 3064 famulis3
429 2985 584 3065 ceperunt
593 2978 731 3066 Vilkiki,
743 2999 803 3047 nec
813 2999 878 3045 uon
888 2978 1057 3046 Prodamus
1068 2978 1223 3046 duomico
1233 2999 1306 3045 cum

180 3087 332 3154 omnibus
348 3087 531 3172 Tugaranis
547 3105 649 3154 causa
663 3085 796 3154 inviduc
820 3088 955 3171 zeloque
975 3085 1099 3154 diaboli
1116 3086 1308 3154 inflammati

181 3193 335 3260 resistere
359 3193 520 3262 dicentes:
546 3196 620 3262 Non
639 3194 716 3261 licet
740 3194 800 3261 tibi
816 3201 1002 3261 construere
1024 3193 1130 3260 vicum
1146 3195 1180 3259 in
1196 3195 1309 3261 monti-

179 3303 317 3389 cellum,
342 3303 420 3388 quia
435 3310 581 3370 nussum
598 3310 658 3370 est.
674 3303 716 3369 Et
731 3321 793 3388 ego
809 3303 898 3370 illis:
915 3302 1043 3368 Vallem
1059 3309 1091 3367 et
1107 3307 1247 3368 montem
1263 3301 1308 3366 in-

182 3411 323 3496 cipiente
346 3430 387 3478 eu
401 3409 513 3478 Saline
528 3430 632 3496 usquc
649 3409 776 3497 Sutilis,
792 3411 902 3478 omnia
917 3429 991 3476 mea
1006 3417 1091 3494 sunt,
1118 3409 1195 3494 quia
1210 3411 1273 3476 emi
1288 3429 1309 3476 a

180 3518 358 3584 Miroslavo
374 3539 482 3586 coram
498 3518 623 3586 idoneis
639 3518 841 3586 testimoniis.
858 3517 977 3604 Artigit
992 3537 1031 3585 co
1041 3525 1187 3603 tempore
1196 3517 1308 3584 venire

181 3625 716 3713 innostrispartibusSlaviro
738 3628 827 3694 Rex
852 3626 1231 3711 etPetrusBanus,
1248 3645 1308 3692 neo

181 3755 248 3800 non
264 3734 414 3802 Sarubba
429 3754 529 3802 causa
545 3733 726 3820 discordie,
752 3754 815 3820 que
831 3743 901 3802 erat
916 3734 1001 3802 inter
1015 3736 1133 3803 Slauzo
1157 3742 1191 3802 et
1206 3733 1308 3800 Lubo-

181 3842 282 3928 miro;
310 3842 396 3910 unde
410 3850 609 3910 vocaverunt
624 3862 684 3908 nos
700 3849 776 3910 aute
791 3843 851 3910 hos
876 3842 1059 3910 nominatos
1084 3843 1171 3908 viros
1195 3859 1309 3907 omues

179 3951 359 4036 lugarani,
384 3950 601 4018 residentibus
615 3951 650 4016 in
665 3950 805 4018 ecclesia
820 3951 913 4018 Beati
928 3951 1027 4036 Petri,
1053 3969 1115 4034 quc
1130 3949 1195 4015 sita
1209 3955 1260 4014 est
1275 3947 1309 4012 in

180 4057 309 4142 Olmiai,
326 4058 450 4125 scilicet
464 4077 573 4125 coram
589 4057 718 4144 Slauuo,
743 4077 803 4124 neo
818 4077 882 4125 non
897 4059 993 4125 Petro
1009 4065 1041 4124 et
1055 4054 1204 4124 Sarubba
1219 4071 1309 4138 cepe

179 4171 256 4232 runt
271 4165 431 4232 altercare
446 4165 625 4251 uobiscum,
650 4165 745 4232 etita
760 4165 854 4233 nobis
869 4164 1103 4249 indicaverunt,
1127 4169 1162 4228 ut
1178 4179 1240 4245 ego
1256 4181 1309 4227 vo·

179 4293 291 4342 curem
307 4280 374 4340 tres
399 4273 550 4340 meliores
565 4291 606 4339 ex
621 4271 757 4361 pretatis
775 4273 969 4341 testimoniis
979 4323 988 4358 ,
1013 4269 1163 4338 videlicet
1187 4268 1309 4353 presbi·

179 4391 287 4452 terum
303 4385 433 4450 Petrum
448 4383 609 4468 Piseniua,
635 4390 668 4449 et
686 4383 871 4450 Forminum
887 4381 1082 4465 Platimisse,
1108 4397 1168 4445 nec
1184 4397 1248 4443 uon
1265 4373 1310 4441 di·

180 4509 321 4560 aconum
337 4491 501 4577 Duymum
517 4489 612 4556 Buce.
629 4489 732 4575 Igitur
747 4489 837 4556 habii
852 4489 1030 4576 Spalatum,
1049 4503 1238 4569 mecumque
1255 4480 1310 4548 ad·

180 4599 262 4670 duxi
278 4619 357 4686 eos,
384 4604 417 4666 et
432 4597 475 4668 ed
490 4597 674 4668 nominatas
697 4607 809 4692 petras
832 4597 1067 4683 ascenderunt,
1093 4600 1125 4660 ot
1140 4591 1186 4658 ita
1209 4597 1245 4660 ut
1259 4608 1309 4662 su·

1111 4710 1150 4773 4*
