3218 5192
701 345 741 414 ta

147 547 282 616 uoniam
309 547 384 632 siti,
410 545 544 630 eiusque
568 547 726 632 legitimis
750 547 992 617 successoribus
1020 547 1053 613 in
1079 553 1278 632 perpetuum.

149 654 315 736 Quoniam
340 655 497 722 bonorum
522 675 658 741 operum
682 661 806 740 status,
836 658 864 724 si
891 658 1045 724 karitatis
1070 656 1279 724 fundamento

148 766 304 848 caruerit,
323 765 449 832 ruinam
465 765 553 851 facit,
571 771 603 834 et
618 765 705 850 quod
720 765 891 833 uidebatur
910 786 983 833 esse
999 766 1134 852 aliquid,
1152 787 1222 832 cum
1239 766 1282 834 ad

150 893 312 940 summum
328 875 449 940 bonum
464 875 576 944 caulos
586 875 703 942 mentis
719 875 925 960 intendimus,
939 897 997 963 pro
1017 875 1139 944 nichilo
1155 880 1281 961 reputa·

152 987 225 1067 tur;
242 1003 377 1050 necesse
394 991 463 1068 est,
490 991 525 1050 ut
542 983 585 1050 ad
606 984 696 1050 illam
722 985 974 1070 inseparabilem
1000 985 1204 1052 dilectionem
1229 1006 1282 1051 no-

152 1099 257 1158 strum
282 1091 507 1160 transferimus
533 1093 702 1178 intuitum,
729 1114 791 1177 qua
807 1101 915 1181 preter
939 1115 1037 1162 unum
1060 1094 1191 1179 ignorat
1207 1094 1282 1160 alte-

152 1219 234 1268 rum.
260 1200 448 1268 iutueamur
462 1202 573 1286 itaque
598 1203 754 1272 creatoris
779 1204 985 1272 dilectionem
1006 1223 1087 1288 erga
1101 1208 1283 1270 creaturam

151 1307 312 1390 babitam,
339 1314 372 1374 et
387 1329 459 1376 eam
475 1329 533 1395 pre
548 1310 651 1378 oculis
666 1331 796 1398 semper
809 1312 978 1397 habentes,
995 1331 1093 1399 super
1107 1311 1281 1380 commisso

152 1415 250 1483 nobis
266 1435 367 1501 grege
382 1419 574 1503 Apostolica
590 1421 781 1487 auctoritate
798 1422 911 1489 moniti
934 1419 1153 1506 inuigilemus,
1179 1424 1215 1486 ut
1229 1440 1282 1487 ex·
1377 1435 1380 1442 ’

151 1523 255 1592 terius
271 1530 304 1590 et
317 1526 452 1594 ictarius
469 1526 509 1593 da
525 1546 645 1596 corum
660 1529 766 1594 salute
782 1530 924 1616 solliciti,
940 1536 972 1597 et
988 1551 1008 1596 a
1028 1529 1219 1596 tumultibus
1236 1548 1282 1596 se

152 1633 323 1700 cularibus
335 1633 447 1719 quieti,
458 1640 489 1700 et
498 1636 531 1702 in
546 1635 771 1722 spiritualibus
782 1637 916 1704 ualeant
932 1656 1059 1723 semper
1074 1637 1197 1720 augeri.
1213 1637 1284 1706 Nos

154 1747 265 1808 autem
275 1793 284 1826 ,
312 1743 368 1825 qui
383 1743 458 1810 lieet
483 1743 610 1830 indigni
625 1745 697 1813 loco
713 1746 803 1813 Petri
828 1745 971 1812 residere
987 1745 1150 1830 uidemur,
1177 1745 1284 1828 magis

152 1849 332 1934 inuigilare
341 1858 480 1937 oportet,
497 1857 532 1920 ut
548 1854 731 1941 exemplum
747 1855 831 1922 boue
840 1854 1039 1941 operationis
1059 1853 1135 1920 aliis
1150 1853 1284 1940 prebea-

153 1977 239 2042 mus,
256 1963 289 2024 ct
304 1959 372 2026 ueri
388 1960 536 2045 magistri
553 1963 718 2048 possimus
743 1985 816 2031 esse
831 1963 995 2050 discipuli.
1020 1961 1203 2031 Po'stulauit
1227 1961 1285 2028 ita-

154 2087 219 2151 que
242 2067 374 2137 ‹lilectio
399 2075 475 2156 tua,
503 2072 713 2141 dilectissime
736 2075 838 2141 irater
860 2076 964 2160 Petre,
992 2081 1028 2142 ut
1051 2073 1283 2142 monasterium

154 2175 267 2244 Sancti
283 2176 414 2243 Martini
430 2179 528 2245 situm
543 2179 577 2245 in
594 2185 702 2248 moute
726 2201 826 2268 supra
841 2181 1062 2266 Pannoniam,
1089 2181 1176 2266 quod
1191 2185 1283 2248 tanto

154 2289 295 2370 patrono
311 2285 514 2371 congaudet,
541 2289 601 2354 sub
617 2290 753 2356 tuitione
772 2291 919 2358 Romane
934 2289 1083 2356 Ecclesia
1108 2288 1284 2375 suscipere

154 2410 239 2458 mus.
267 2393 310 2458 Et
325 2393 404 2475 quia
427 2394 612 2462 huiusmodi
637 2403 717 2464 uota
741 2396 872 2463 minime
896 2397 1100 2464 excludenda
1123 2396 1284 2480 uidentur,

153 2499 332 2568 secundum
357 2509 547 2590 preceptum
574 2503 669 2571 beate
693 2507 849 2573 momoria
872 2504 997 2572 Staieni
1030 2505 1077 2590 pij
1103 2504 1201 2587 Regis
1227 2523 1286 2591 per

154 2625 295 2696 presens
319 2609 528 2695 priuilegium
554 2611 783 2679 confirmamus
807 2619 905 2697 atquc
931 2611 1121 2697 statuimus,
1148 2617 1183 2677 ut
1205 2613 1286 2678 nulli

154 2719 295 2803 Regum,
312 2719 393 2784 nulli
410 2718 580 2806 Comitum,
596 2724 678 2790 nulli
694 2723 941 2811 Episcopcrum,
965 2723 1046 2789 nulli
1062 2722 1213 2806 cuiquam
1230 2721 1287 2788 alii

155 2825 331 2910 derebus,
357 2847 421 2910 quc
432 2829 606 2911 jamdicto
622 2833 820 2899 Monasterio
846 2833 964 2900 collate
987 2837 1061 2898 sunt
1077 2836 1108 2898 st
1123 2849 1286 2912 concesse,

155 2935 211 3000 vel
227 2935 427 3021 inposterum
450 2939 606 3006 canonice
616 2941 820 3025 conseranda,
833 2941 931 3008 liceat
941 2941 1085 3007 minuere
1095 2940 1147 3006 vel
1158 2938 1287 3006 auferre

157 3061 218 3108 seu
237 3043 367 3110 ablatas
383 3045 532 3112 retinere.
558 3050 726 3131 Interque
750 3050 940 3117 nominatim
957 3049 1063 3116 eidem
1088 3046 1286 3115 Monasterio

157 3150 413 3218 confirmamus:
438 3153 476 3220 In
493 3155 695 3241 Episcopatu
715 3157 959 3243 Uespremicnsi
975 3155 1156 3223 Ecclesiam
1176 3155 1287 3222 Sancti

158 3258 291 3324 Martini
314 3259 349 3324 in
369 3261 450 3327 uilla
474 3263 603 3330 Caurisi
628 3265 855 3350 constitutam,
873 3264 1054 3332 Ecclesiam
1079 3263 1202 3329 domini
1217 3262 1287 3327 Sal-

158 3366 284 3432 uatoris
309 3367 344 3432 in
369 3368 451 3435 uilla
464 3369 576 3454 Tardi,
600 3371 782 3437 Ecclesiam
798 3373 917 3438 Sancte
932 3372 1036 3438 Maria
1050 3373 1084 3438 in
1108 3369 1190 3436 uilla
1205 3369 1288 3453 Top-

159 3492 220 3558 pc,
247 3494 320 3540 eum
345 3476 507 3544 universis
533 3497 645 3545 earum
670 3481 884 3566 pertinentiis.
912 3483 949 3548 In
964 3481 1166 3568 Episcopatu
1181 3477 1285 3544 Jauri-

161 3583 233 3647 ensi
248 3583 432 3650 Ecclesiam
449 3585 561 3653 Sancti
577 3587 710 3654 Martini
726 3589 758 3654 in
772 3587 922 3675 Sabaria,
938 3595 970 3656 at
985 3587 1166 3656 Ecclesiam
1178 3585 1290 3653 Sancti

159 3687 342 3775 Wilibaldi,
359 3691 524 3760 Eclesiam
539 3694 658 3762 Sancte
673 3696 776 3762 Maria
793 3695 959 3782 Gappelle,
976 3694 1158 3761 Ecclesiam
1171 3692 1289 3759 Sancta

160 3797 264 3864 Maria
279 3798 312 3864 in
329 3798 428 3887 Eizie,
444 3801 625 3870 Ecclesiam
641 3804 752 3870 Sancti
767 3803 935 3870 aldelberti
950 3803 984 3870 in
1002 3803 1082 3869 uilla
1098 3802 1288 3868 Uuasciana

161 3924 234 3970 curn
250 3908 400 3974 omnibus
425 3929 535 3977 samm
560 3911 774 3998 appendiciis.
799 3913 838 3978 In
861 3912 1152 3998 Arcbiepiscopatu
1169 3907 1289 3992 Strigo·

159 4014 267 4080 nicusi
282 4015 465 4084 Ecclesiam
480 4019 599 4084 Sancte
614 4017 718 4086 Maria
733 4021 767 4086 irr
782 4021 911 4105 Uuaga.
937 4021 1090 4086 Prctcrea
1106 4016 1287 4098 statuimus,

161 4127 197 4186 ut
221 4120 304 4187 nulli
329 4123 427 4190 liceat
453 4125 624 4191 cenobium
650 4125 732 4192 illud
746 4132 867 4192 temere
881 4125 1080 4212 perturbare,
1098 4122 1151 4189 ual
1165 4121 1288 4204 inquic-

160 4234 250 4314 tare,
277 4249 335 4296 seu
351 4231 578 4298 uexationibus
601 4252 714 4300 servos
730 4233 793 4299 Dei
808 4233 967 4318 fatigare,
990 4251 1050 4298 nec
1074 4231 1145 4297 eius
1160 4247 1288 4316 posses-

160 4338 272 4405 siones
297 4337 443 4424 auferre;
471 4339 530 4406 sed
553 4340 663 4408 omnia
678 4341 711 4406 in
735 4341 898 4428 integrum
923 4343 1153 4410 conseruentur
1178 4357 1288 4405 eorum

160 4445 295 4529 usibus,
321 4467 380 4532 pro
406 4466 541 4531 quorum
565 4449 799 4516 sustentatione
821 4455 853 4516 et
869 4448 1106 4535 gubernatione
1130 4465 1287 4514 concessa

162 4558 239 4619 suut
252 4555 448 4621 omnimodis
464 4555 644 4641 profutura.
661 4555 871 4624 Dceemimns
881 4555 989 4641 etiam,
1005 4561 1039 4622 ut
1054 4554 1208 4622 iratribus
1218 4553 1287 4629 eius

161 4659 292 4728 cenobii
307 4661 405 4730 liceat
421 4663 556 4738 clericos
572 4663 791 4756 cuiuscunque
814 4664 937 4734 ordinis
954 4663 1129 4742 secundum
1143 4662 1287 4740 traditio·
