3200 5182
808 288 964 390 A
1070 320 1074 330 .

328 489 363 556 in
378 488 463 558 taeie
478 487 623 574 ejusdem
647 484 826 554 existendo.
851 485 889 550 In
906 483 998 568 eujus
1014 480 1202 550 memoriam
1216 487 1250 547 et
1265 479 1451 546 firmitatem

330 605 497 684 presentes
521 595 713 666 oontonmm
738 599 867 662 nostras
882 591 1009 658 litteras
1024 587 1194 678 pendentis
1218 586 1320 673 sigilli
1335 594 1451 674 nostry

328 704 502 773 munimine
526 703 706 772 roboratas.
730 705 846 769 dotum
860 719 920 787 per
943 719 1057 766 manns
1083 694 1284 766 honorabilis
1308 695 1370 762 riri
1396 695 1452 761 Se

332 811 473 900 bastianj
490 812 633 880 Leotoris
649 812 682 878 S.
698 808 844 878 Eoolesie
865 813 976 874 nostre
992 812 1025 874 et
1040 806 1206 894 Stephano
1221 803 1372 892 Custode,
1395 802 1453 868 die

330 923 372 988 X.
388 921 587 1010 Septembris
604 921 698 988 Anno
713 921 758 986 M‘
768 916 833 986 00⁰
842 917 952 984 XXII?

331 1102 380 1169 (Aa
393 1101 493 1155 erodeti
506 1097 572 1154 utin
583 1099 656 1154 Bith
668 1099 769 1167 Kiroly
781 1101 871 1151 Haedi
885 1093 1054 1164 Okmtnytir
1065 1097 1088 1148 Ι.
1102 1095 1158 1147 ket
1171 1095 1244 1162 Gydr
1257 1095 1335 1147 lesu.
1350 1098 1376 1143 4.
1386 1093 1403 1144 L
1415 1118 1454 1131 -

334 1195 374 1246 As
386 1193 461 1256 eldtt,
473 1191 507 1244 de
519 1192 569 1260 sog
581 1188 692 1244 hibtval
700 1191 802 1244 isiodus
814 1186 896 1255 Fejer
908 1184 976 1240 trior
986 1187 1049 1240 God.
1063 1187 1134 1253 Dipi.
1148 1187 1199 1238 ΙΙΙ.
1209 1187 1266 1237 ket.
1278 1188 1301 1238 1.
1315 1202 1336 1236 r.
1351 1185 1412 1235 eor.
1422 1181 1468 1247 l.)·

759 1423 1025 1441 w

856 1815 933 1888 259.

337 2003 465 2070 Detricd
489 2002 621 2090 adipomi
637 1997 776 2088 fdirpdo
791 2001 822 2064 ee
838 1997 995 2082 Haeduis,
1009 1993 1151 2064 seusus
1172 1999 1253 2062 nesii
1265 1996 1403 2064 timeor
1416 2021 1457 2064 aa

555 2109 737 2196 aesopum·
752 2105 971 2194 supratonsus
986 2103 1123 2191 otodjole
1142 2105 1240 2171 1222.

704 2269 1085 2336 ABGD

444 2431 594 2498 Detrions
609 2430 726 2498 Comes
746 2429 788 2496 de
804 2430 930 2498 Zvolon
945 2439 978 2498 et
992 2429 1174 2500 Herduinus
1188 2429 1272 2500 tilius
1288 2431 1458 2518 Bedugne·

338 2541 379 2609 rii
394 2540 562 2624 omnibus,
590 2539 633 2606 sd
648 2558 729 2624 quos
744 2538 852 2606 littere
867 2545 1037 2626 presentes
1061 2540 1277 2628 peruenerint,
1294 2540 1457 2625 signifiea-

339 2669 420 2736 mus,
438 2646 526 2735 quod
539 2665 599 2714 nos
615 2653 716 2714 totam
737 2651 858 2714 terram
873 2646 915 2712 de
930 2647 1093 2716 Zebehleb
1102 2699 1112 2734 ,
1136 2667 1199 2733 que
1215 2649 1258 2715 ad
1276 2649 1459 2737 predictum

308 2767 312 2777 '
339 2756 565 2841 Rednguerem
580 2755 774 2842 pertinebat,
791 2754 941 2844 Capitulo
962 2755 1177 2841 strigoniensi
1192 2758 1251 2825 snb
1271 2747 1459 2824 testimonio

337 2866 519 2933 litterarum
534 2865 664 2934 Andree
687 2866 829 2934 Illustris
852 2865 952 2954 Regis
968 2865 1133 2952 Hungarie
1158 2865 1362 2934 uendidimus
1385 2885 1458 2950 per-

339 2983 435 3063 petuo
452 2973 692 3064 possidendam,
710 2995 768 3062 pro
785 2981 1055 3042 summouendum
1066 2993 1246 3042 marearum
1264 2973 1399 3058 argenti,
1417 2973 1458 3039 de

340 3084 455 3169 quibus
472 3085 583 3152 desem
609 3101 734 3148 mareas
750 3081 855 3149 eidem
870 3081 1084 3168 strigoniensi
1099 3081 1244 3150 Eoolesie
1265 3082 1459 3149 indulsimus

342 3213 401 3278 pro
418 3193 560 3260 remedio
576 3189 684 3256 anime
701 3188 846 3256 eiusdem
861 3190 1067 3276 Reduguerii,
1083 3199 1115 3258 et
1130 3191 1241 3258 deoem
1255 3209 1384 3257 mareas
1398 3209 1458 3274 pro

341 3299 483 3368 remedio
511 3300 618 3366 anime
642 3306 751 3366 nostre
776 3299 841 3384 ita;
867 3307 904 3366 ut
925 3307 992 3366 tam
1017 3301 1050 3366 in
1074 3299 1176 3387 ipsius
1201 3301 1279 3366 anni
1302 3300 1458 3382 versario,

342 3428 438 3492 quam
454 3414 575 3492 nostro,
593 3407 729 3492 singulis
747 3407 842 3473 annis
859 3407 891 3472 in
908 3408 1023 3474 eadem
1039 3408 1179 3500 eeclesia
1196 3407 1289 3474 fieret
1303 3407 1460 3474 memorie

341 3513 375 3577 in
386 3513 601 3582 oracionibus.
617 3514 788 3598 Reliquum
799 3535 876 3585 uero
886 3516 1023 3605 peeunie
1032 3515 1185 3601 predicte,
1202 3515 1459 3584 soilieetLXXX

342 3637 469 3685 mareas
485 3621 621 3705 argenti,
638 3623 825 3691 eonfitemur
841 3645 932 3691 noea
947 3623 1074 3711 prefato
1085 3623 1235 3710 Capitulo
1252 3629 1328 3690 ante
1342 3623 1460 3690 festum

342 3727 493 3795 Omnium
510 3729 701 3796 Sanctorum
720 3733 864 3800 totaliter
889 3739 921 3801 et
935 3733 1121 3822 plenissime
1145 3733 1315 3819 recepisse.
1341 3733 1386 3798 Vt
1399 3752 1462 3816 ego

344 3857 438 3904 nemo
454 3836 487 3904 in
503 3842 666 3923 posterum
681 3840 892 3926 peraliquam
909 3842 1091 3928 calumpnie
1112 3841 1251 3928 speeiem
1261 3846 1376 3908 eontra
1391 3859 1463 3927 pre-

341 3944 443 4012 fatum
468 3943 653 4033 Capitulum
678 3969 774 4035 super
798 3949 860 4017 hoo
879 3951 990 4018 ualeat
1014 3951 1199 4037 insurgere,
1225 3951 1462 4018 ooniessiouem

343 4059 502 4139 nostram,
529 4074 638 4122 eoram
654 4054 806 4124 fratribus
823 4060 934 4126 Sancti
949 4059 1108 4146 Stephani
1122 4059 1221 4146 Regis
1239 4060 1281 4126 de
1296 4059 1464 4144 Strigonio

344 4160 540 4246 publicatam
556 4169 589 4228 et
602 4165 805 4248 presentibus
820 4166 937 4235 litteris
952 4168 1149 4254 inscriptam,
1160 4167 1359 4254 {eorumdem
1374 4167 1464 4234 testi-

344 4268 452 4337 monio
469 4279 500 4338 et
515 4269 624 4357 sigillo
641 4273 807 4358 exegimus
831 4275 983 4342 roborari.
1001 4277 1136 4344 Factum
1157 4298 1241 4346 anno
1257 4277 1346 4346 serbi
1362 4278 1465 4344 inuar-

344 4377 412 4444 nati
427 4378 470 4447 Μ.
488 4379 551 4448 00.
566 4379 640 4448 XX.
660 4382 811 4452 seeundo.

506 4524 555 4579 (Aa
570 4528 669 4578 eredeti
684 4526 748 4580 utin
762 4531 865 4592 Kuarra,
884 4529 998 4598 Magpar
1010 4532 1073 4584 Sion
1086 4533 1123 4584 ΙΙ.
1136 4533 1190 4586 lrdt.
1205 4535 1264 4584 211.
1278 4533 1306 4598 l.)

774 4669 862 4682 *nn—..n
871 4671 961 4684 unda-...-
965 4677 995 4684 ...-
