3202 5190
588 425 739 528 „³1³-

97 629 127 694 et
142 625 346 695 oonsoientia
361 625 467 709 bona,
488 623 598 691 attide
614 643 678 690 non
694 623 770 691 fieta
785 621 984 710 procedunt3
1002 629 1046 711 ut,
1065 625 1149 693 siout
1165 645 1227 694 me-

97 735 180 803 liora
196 739 273 802 sunt
289 732 387 800 amioi
402 733 549 817 verbera,
566 751 664 817 quam
681 731 795 800 osenla
810 729 952 816 inimici,
979 731 1027 798 sio
1042 751 1101 800 vos
1122 733 1227 818 magis

96 842 238 910 delectet
252 842 356 928 patris
372 838 540 925 eorreetio,
558 858 656 924 quam
672 837 820 907 adulatio
839 838 1033 925 peooatoria.
1058 841 1132 908 Non
1148 859 1226 927 ergo

96 969 156 1018 vos
171 947 296 1037 pudeat
312 949 373 1016 sub
388 949 477 1016 illius
497 946 662 1016 humiliari
678 949 842 1035 potentia,
866 946 922 1033 qai
938 946 1009 1016 solo
1024 953 1103 1015 nutu
1120 955 1227 1035 potest

94 1057 274 1125 humiliare
285 1055 455 1142 superbos,
470 1061 502 1122 et
511 1054 651 1122 humiles
662 1053 818 1142 exaltare,
830 1073 1018 1124 concessam
1027 1055 1120 1123 vobis
1129 1057 1226 1124 vieto-

95 1168 180 1233 riam
195 1185 262 1232 non
277 1171 407 1232 vestrae
429 1163 541 1231 urtuti
552 1214 561 1248 ,
588 1161 646 1231 sed
662 1161 804 1231 Divinae
824 1164 989 1252 potentiae
1013 1164 1225 1250 ascribentes,

95 1291 201 1358 quae,
218 1271 294 1339 lieet
309 1269 421 1338 forsan
437 1269 576 1356 oeoulto,
601 1271 688 1357 justo
704 1275 814 1337 tamen
825 1269 961 1356 judicio,
986 1289 1044 1359 per
1061 1291 1120 1340 vos
1141 1271 1225 1342 alios

95 1382 200 1450 voluit
216 1379 405 1465 flagellare;
432 1377 590 1464 seientes,
617 1377 704 1461 quod
720 1377 800 1444 nihil
816 1382 866 1444 eat
885 1378 991 1463 magis
1007 1379 1227 1448 abominabile

95 1492 180 1572 Deo,
197 1507 295 1572 quam
304 1483 552 1572 ingratitudinis
567 1489 745 1554 monstrum
757 1491 789 1552 et
804 1485 991 1572 prodigium
1006 1489 1225 1574 arrogantiae,

95 1615 234 1682 quorum
258 1601 429 1680 utrumque
444 1593 486 1660 de
510 1592 618 1662 cordis
640 1599 766 1660 tumore
790 1593 948 1679 procedit.
976 1593 1080 1662 Nobis
1097 1615 1225 1682 quoque

95 1725 170 1771 oum
187 1702 359 1772 devotione
374 1700 493 1769 ouretis
509 1699 739 1786 obedientiam,
763 1705 796 1768 et
812 1699 1028 1768 reuerentiam
1043 1702 1225 1789 plenariam

95 1811 264 1898 exhibere,
281 1808 513 1898 propterillius
529 1808 668 1894 gloriam
685 1815 717 1876 et
725 1809 891 1893 bonorem,
913 1809 1015 1895 cujus,
1032 1809 1225 1878 lieetimme·

96 1919 153 1985 riti
170 1925 204 1985 et
219 1917 363 2003 indigni,
390 1916 495 1984 vioem
511 1916 665 2002 gerimus,
683 1921 715 1984 et
732 1917 839 1986 looum
854 1921 1012 2002 tenemus,
1029 1925 1065 1986 ut
1080 1917 1152 2006 ipse
1167 1939 1226 1988 uos

96 2028 130 2093 in
146 2024 313 2113 praesenti
328 2029 479 2110 protegat
495 2028 528 2090 et
544 2025 675 2110 exaltet,
692 2029 724 2091 et
740 2024 773 2091 in
788 2024 895 2093 futuro
918 2025 1076 2109 glorificet
1091 2031 1123 2091 et
1139 2045 1226 2094 eoro-

96 2143 154 2203 net
163 2189 172 2223 ,
198 2133 254 2221 qui
269 2141 319 2201 est
333 2135 404 2200 Rex
419 2134 544 2216 Regum
561 2140 594 2200 et
609 2133 767 2200 Dominus
794 2131 1048 2220 dominantium,
1065 2132 1226 2202 Saoerdos

96 2245 131 2310 in
148 2247 318 2308 aeternum
335 2239 512 2306 seeundum
534 2241 680 2308 ordinem
696 2239 949 2308 Melohisedeoh.
976 2243 1094 2309 Datum
1111 2243 1227 2309 Feren-

95 2351 166 2436 tini,
184 2349 289 2418 Nonis
299 2345 450 2434 Augusti,
467 2349 678 2416 Pontificatus
695 2347 893 2417 nostrianno
910 2369 1008 2418 nono.

228 2547 332 2616 (Migne
346 2551 381 2607 id.
395 2569 430 2606 ru.
444 2553 480 2607 11.
494 2553 551 2605 not.
564 2554 626 2605 9ῠῖ.
639 2553 666 2616 1.;
686 2552 804 2605 Theinor
816 2551 852 2606 itis
864 2569 899 2605 m.
912 2554 935 2606 1.
945 2552 1001 2606 ket.
1014 2553 1057 2608 di.
1069 2552 1097 2618 1.)

624 3341 700 3409 let.

97 3534 143 3598 ΙΙ.
161 3535 276 3604 Eodra
299 3537 406 3626 kirtly
431 3543 607 3626 meqerb'titi
625 3541 762 3627 spalato
787 3539 957 3605 dalmatiai
979 3539 1138 3606 vdrosaak
1162 3541 1231 3629 regi

493 3646 729 3733 aaobodadgait.
747 3649 843 3714 1207.

208 3840 246 3906 In
271 3841 401 3908 nomine
417 3841 536 3909 Sancte
552 3841 721 3910 Trinitatis
745 3850 778 3910 et
792 3843 964 3912 Indiuidua
988 3845 1140 3914 Unitatis.
1165 3849 1228 3915 An·

96 3941 195 4011 drsas
211 3945 274 4013 Dei
290 3947 396 4032 gratia
414 3949 576 4035 Vngarie,
593 3950 758 4018 Dalmatie
767 4001 776 4036 ,
795 3949 946 4037 Oroatis,
963 3953 1086 4037 Rama,
1103 3955 1227 4040 Servio,

98 4047 249 4137 Gallioie,
265 4052 522 4139 Lodornerieque
537 4059 607 4125 Rex
623 4057 656 4125 in
673 4065 877 4144 perpetuum.
894 4060 995 4143 Regio
1012 4059 1231 4128 Sublimitatis

99 4155 246 4242 interest,
265 4166 297 4226 et
312 4161 439 4246 equitas
455 4163 572 4230 suadet
588 4165 765 4249 naturalis,
791 4173 825 4232 ut
842 4165 897 4248 qui
913 4185 973 4232 sua
989 4171 1111 4233 statuta
1127 4187 1147 4232 a
1162 4169 1240 4235 sais·

99 4265 347 4334 suooessoribus
363 4268 530 4337 desiderat
539 4271 717 4357 observari,
733 4272 807 4358 ipse
823 4291 951 4357 quoque
971 4291 1102 4338 suorum
1119 4274 1231 4359 prede-

99 4390 266 4440 cessorum
291 4375 478 4444 sanotiones
503 4378 577 4465 pari
602 4378 781 4447 stabilitate
806 4377 937 4447 studeat
960 4381 1166 4466 eonservari,
1195 4389 1230 4448 ut

99 4477 192 4547 nulla
206 4485 370 4552 vetustate
395 4481 636 4570 dissolvantur,
663 4506 725 4572 que
745 4485 986 4555 suceedentium
1011 4485 1074 4556 sibi
1101 4487 1231 4572 Regum

99 4587 280 4656 auotoritas
306 4589 488 4658 stabilitate
503 4599 660 4679 perpetua
684 4592 863 4660 decreverit
880 4594 1045 4662 roborare.
1073 4595 1152 4662 Inde
1170 4601 1229 4679 est,

95 4695 183 4775 quod
207 4696 385 4781 privilegia
412 4719 433 4765 a
458 4700 745 4786 predecessoribus
770 4701 889 4769 nostris
912 4701 1056 4786 gloriose
1079 4705 1232 4772 memorie
