3238 5184
156 1035 201 1100 11.
219 1033 326 1098 Eudre
341 1032 512 1119 ttrulpnut
528 1031 657 1100 Cdoaulr
674 1031 807 1098 tirrotor
823 1035 975 1120 tdrpyaad
993 1032 1171 1115 ‹rdomdupu
1194 1029 1275 1116 wip-

297 1143 371 1206 mtu
384 1139 614 1226 nemzeutptett
630 1140 738 1207 Eudre
754 1162 853 1206 comm
868 1142 1023 1206 eadma'ru.
1042 1139 1137 1204 1235.

262 1339 298 1404 lu
315 1338 443 1406 nomine
468 1341 588 1406 Sancte
603 1338 774 1406 Trinitatis
791 1346 824 1408 et
843 1337 1012 1405 indiuidue
1035 1335 1187 1403 Unitatis.
1213 1338 1275 1400 An-

154 1447 252 1514 dreas
267 1446 329 1514 Dei
346 1446 459 1530 gracia
474 1447 648 1533 Hungurie,
661 1448 840 1530 Dalmacie,
863 1446 1006 1528 croatie,
1023 1448 1134 1529 Reme,
1153 1441 1275 1525 Seruio,

155 1554 306 1638 Gallicis,
324 1553 665 1640 LodomeriequeRex
682 1556 934 1644 inperpetuum.
962 1554 1072 1639 Digna
1094 1571 1276 1620 remunero-

155 1663 248 1730 eiene
273 1661 414 1732 fidelitas
440 1664 548 1750 dignis
574 1659 671 1732 debe't
695 1666 867 1752 stipendijs
893 1686 914 1730 a
940 1662 1042 1747 Regio
1066 1660 1277 1730 celsitudinis

155 1771 335 1839 serenitate
361 1771 519 1859 referrem
550 1781 709 1860 quatenus
726 1782 758 1842 et
781 1776 955 1842 humanum
981 1771 1109 1842 iusticie
1133 1769 1277 1838 debitum

155 1880 364 1967 impenditur,
382 1889 415 1948 et
425 1883 648 1951 retribucionis
665 1885 815 1971 exemplo
832 1883 975 1952 fidelium
992 1899 1144 1948 uumerus
1160 1899 1277 1964 augea·

155 1997 215 2058 tur.
233 1990 375 2057 Proinde
391 1990 434 2056 ad
449 1991 672 2061 uniuersorum
687 1999 754 2060 taur
767 1993 971 2079 presencium
987 2011 1085 2076 quam
1102 1974 1278 2058 futurorum

155 2100 276 2180 Sancte
292 2100 406 2166 Matris
421 2099 568 2168 Ecclesie
591 2099 729 2170 filiorum
749 2101 904 2169 noticiam
924 2103 1074 2170 volumus
1096 2097 1278 2186 peruenire,

157 2207 244 2290 quod
259 2227 319 2276 nos
335 2207 549 2276 consideratis
574 2208 808 2295 multiplicibus
824 2208 974 2294 seruicijs
993 2205 1103 2274 dilecti
1119 2226 1159 2274 ac
1173 2204 1279 2272 tidelis

157 2315 259 2384 nostri
274 2315 404 2384 Andreo
414 2314 548 2384 Comitis
565 2315 606 2382 de
621 2337 740 2402 genere
750 2318 913 2403 Wigmau,
929 2335 992 2403 que
1007 2314 1102 2384 nobis
1118 2315 1151 2382 iu
1167 2315 1279 2399 Regno

157 2433 190 2490 et
205 2429 299 2490 extra
323 2426 480 2509 Regnum,
506 2433 538 2492 et
553 2425 739 2512 specialiter
761 2427 796 2494 in
811 2423 991 2494 Teothouia
1016 2426 1049 2492 in
1074 2423 1135 2518 illa
1150 2421 1281 2509 expedi·

158 2532 251 2600 cione
275 2538 405 2617 nostra,
432 2553 530 2618 quam
555 2541 631 2600 tunc
655 2535 829 2602 habuimus
855 2539 969 2603 contra
992 2536 1116 2600 Ducem
1140 2530 1281 2614 Austrie,

158 2641 289 2724 quaudo
314 2644 431 2708 Petrus
457 2642 557 2710 frater
576 2643 724 2729 Maurieij
749 2643 897 2729 Megiste·
924 2645 985 2710 sub
1007 2642 1149 2727 quodam
1174 2646 1280 2708 castro

158 2749 287 2816 nomine
303 2752 389 2818 Roro
415 2757 466 2817 est
483 2750 681 2834 interiectus,
708 2752 917 2820 laudabiliter
936 2751 1102 2834 exhibuit3
1128 2751 1161 2818 iu
1176 2751 1282 2836 ipsius

160 2857 288 2942 seruieij
306 2859 647 2945 recompensacionem
672 2860 834 2944 quandum
856 2866 973 2926 terram
999 2857 1129 2926 nomine
1143 2857 1280 2926 Chouulr

159 2967 256 3031 sitam
279 2967 312 3032 in
329 2967 489 3035 Parochia
504 2967 611 3034 Castri
637 2969 678 3036 de
693 2969 861 3036 Kamarnn
888 2967 932 3034 ed
957 2967 1117 3036 culturam
1141 2966 1281 3052 quinque

160 3081 339 3141 aratrorum
365 3074 586 3160 sufficientem,
613 3097 675 3162 que
701 3077 779 3144 olim
803 3095 977 3162 preconem
1002 3073 1129 3143 domine
1153 3073 1278 3157 Regino

160 3182 276 3266 fueret,
295 3185 489 3252 contulimus
506 3185 580 3269 sibi,
598 3191 630 3251 et
645 3205 704 3272 per
720 3205 792 3252 euru
810 3185 879 3254 suis
895 3183 1070 3252 heredibus
1098 3182 1166 3250 iure
1181 3199 1282 3268 perpe

164 3297 219 3356 tuo
236 3290 486 3379 possidendam
514 3295 593 3360 etin
609 3293 710 3379 ipsius
730 3303 814 3360 terre
831 3292 1070 3379 possessiouem
1085 3289 1283 3378 perfidelem

160 3398 354 3483 pristalduur
380 3407 526 3468 nostrum
552 3403 726 3487 Symonem
742 3401 900 3469 domitum
921 3401 1071 3468 Latinum
1087 3401 1193 3486 ipsum
1209 3396 1282 3464 ieci-

160 3526 231 3572 mus
242 3505 411 3574 introduci.
431 3507 530 3576 Cuius
540 3510 645 3596 prima
661 3519 748 3578 meta
759 3510 872 3596 incipit
888 3515 1013 3596 aperte
1029 3505 1179 3577 orientali
1191 3507 1283 3574 iuxta

160 3612 323 3699 quandam
341 3633 493 3698 magnam
505 3615 602 3700 viam,
621 3616 840 3702 qureprocedit
859 3637 918 3703 per
927 3616 1153 3683 arundinetum
1162 3614 1197 3681 iu
1209 3635 1283 3698 quo·

161 3721 236 3788 dam
251 3729 380 3808 monte,
406 3722 525 3790 deinde
541 3726 745 3810 progreditur
760 3745 874 3793 versus
899 3724 1067 3793 meridiem
1083 3723 1283 3810 interpositis

160 3831 254 3896 metis
271 3850 329 3916 per
343 3837 447 3898 terras
463 3833 605 3900 arabiles
622 3853 814 3920 parumper5
840 3833 957 3900 exinde
974 3832 1062 3899 venit
1079 3831 1121 3898 ad
1137 3831 1281 3898 occiden-

57 3927 60 3934 ’
159 3946 222 4005 tem
240 3958 298 4025 per
313 3945 416 4005 metas
432 3938 476 4005 ed
491 3946 591 4026 caput
606 3939 773 4008 cuiusdam
790 3938 994 4025 arundineti;
1012 3938 1128 4004 dehine
1144 3937 1283 4003 flectitur·

161 4047 253 4113 iuxta
276 4043 512 4133 arundinetum,
531 4046 771 4114 ameridiouali
788 4053 882 4133 parte
908 4045 962 4112 diu
987 4042 1191 4130 procedendo
1216 4044 1283 4111 exit

163 4152 384 4234 adorientem,
402 4151 458 4237 ita,
475 4153 563 4238 quod
572 4160 674 4223 totum
686 4155 912 4222 arundinetum
928 4159 1056 4238 spectat
1065 4151 1108 4218 ad
1118 4149 1283 4219 Andreaur

161 4261 337 4342 Comitem5
364 4258 439 4326 iude
455 4263 549 4328 metis
564 4261 766 4347 interpositis
783 4281 842 4346 per
866 4266 969 4327 terras
986 4257 1127 4326 arabiles
1143 4256 1235 4324 vadit
1251 4267 1284 4324 et

161 4366 416 4444 conterminatur
427 4377 511 4436 terre
527 4371 605 4437 ville
614 4368 742 4436 Dusnilr
759 4369 887 4455 Lybyu,
904 4369 1043 4435 tenendo
1060 4373 1164 4434 metas
1180 4385 1283 4451 usque

159 4485 223 4551 huc
239 4497 310 4546 eum
326 4481 414 4544 terra
428 4478 541 4564 Tadei
560 4477 734 4562 AmbrosiJ,
752 4484 784 4544 et
804 4496 933 4544 suorum
950 4483 1180 4561 cognatorum3
1198 4475 1284 4542 deiu-

162 4589 203 4658 de
218 4582 366 4681 promit
381 4604 438 4668 per
449 4593 577 4675 pratum
594 4585 715 4653 directe
729 4585 773 4654 ad
786 4584 995 4671 occidentem,
1007 4605 1064 4674 per
1075 4583 1284 4673 interpositas
