3238 5184
851 300 1013 400 jop-

368 499 437 566 suis
455 497 679 585 pertinencijs,
697 515 769 561 oum
779 501 891 563 nostro
907 500 939 560 ot
948 493 1142 562 villanorum
1157 513 1327 576 consensu,
1343 491 1498 557 uendide-

367 611 443 673 rnut
457 607 586 692 prelato
603 602 773 689 Proposito
799 625 858 688 pro
875 622 933 670 sex
949 603 1067 669 marcis
1084 604 1211 687 argenti
1227 608 1260 668 et
1274 599 1412 668 dimidia
1425 619 1498 683 por-

366 720 466 801 petuo
482 711 733 799 possidendam,
750 709 842 778 cuius
855 711 997 796 precium
1013 709 1180 777 abeodem
1200 709 1369 796 Proposito
1385 725 1499 772 coram

366 821 462 888 nobis
487 820 636 908 plenarie
651 823 851 905 receperunt.
876 821 1033 885 Pretoreo
1048 825 1098 884 ost
1113 817 1254 901 quedam
1279 825 1369 882 terra
1393 817 1426 882 in
1443 835 1499 880 ea·

367 928 441 994 dom
468 927 550 994 uilla
563 945 627 992 non
643 925 838 1013 partificata,
867 924 908 991 dc
923 945 990 1010 qua
1007 924 1197 1011 Propositus
1223 922 1358 990 habebit
1375 923 1411 988 iu
1427 942 1501 1008 por·

366 1035 459 1103 cione
484 1055 554 1118 sua,
579 1043 736 1118 quantum
761 1033 818 1118 alij
845 1033 909 1098 duo
935 1032 1083 1100 homines
1107 1032 1262 1116 darilla,
1288 1050 1362 1098 cum
1386 1037 1502 1096 autem

368 1143 542 1225 contigerit
557 1161 629 1207 eam
658 1139 846 1226 partidoari,
873 1140 981 1224 equali
1003 1139 1161 1222 gaudebit
1184 1139 1349 1226 porcione,
1376 1157 1443 1222 qna
1467 1142 1502 1202 et

366 1249 425 1334 alij
441 1247 506 1316 duo
522 1247 670 1314 homines
687 1247 720 1312 iu
737 1246 839 1332 pratis
855 1253 887 1312 et
906 1247 938 1312 in
955 1245 1099 1332 pascuis,
1126 1251 1160 1312 et
1175 1246 1207 1313 in
1224 1245 1315 1332 ripis,
1331 1245 1366 1310 iu
1382 1245 1502 1311 monti-

252 1387 254 1394 ·
367 1359 428 1423 bns
454 1362 486 1424 ot
500 1356 535 1422 in
552 1355 705 1438 uallibus,
732 1354 957 1440 spectantibus
973 1353 1016 1420 ad
1033 1353 1171 1420 eandem
1195 1354 1316 1420 uillam.
1342 1355 1503 1420 Proterea

368 1462 534 1550 prodictus
556 1463 747 1549 Propositus
771 1463 905 1529 habebit
920 1469 997 1528 ante
1017 1460 1191 1528 ecclesiam
1216 1463 1327 1528 Sancti
1347 1461 1500 1544 llauricij

368 1573 451 1638 duas
462 1571 659 1654 mansiones,
676 1577 709 1635 ot
723 1569 806 1636 duas
823 1571 952 1655 plateas
967 1569 1011 1635 ad
1027 1570 1092 1636 duo
1103 1569 1290 1636 molendina
1300 1569 1501 1651 edificanda,

370 1685 403 1744 ot
416 1677 499 1742 duas
525 1675 710 1743 mansiones
727 1676 761 1742 in
779 1677 912 1761 longum
929 1677 1011 1762 ripe.
1034 1677 1191 1743 Preterea
1206 1675 1291 1742 idom
1307 1675 1503 1761 Propositus

369 1785 503 1850 habehit
528 1783 591 1852 duo
607 1791 704 1870 prata
728 1785 828 1851 teneti
845 1785 934 1851 circa
956 1787 1113 1870 Granum,
1139 1791 1173 1851 ot
1193 1805 1290 1850 vuum
1315 1786 1403 1850 ultre
1419 1783 1502 1849 Gra-

368 1913 454 1959 nam.
483 1891 543 1956 Est
558 1891 661 1958 eciam
677 1911 777 1978 supra
800 1895 944 1960 Granum
965 1893 1131 1976 quoddam
1147 1893 1349 1976 buscagium,
1376 1891 1501 1975 dequo

371 1999 476 2065 dictus
501 1997 689 2084 Propositus
714 1999 849 2064 habebit
864 2005 990 2064 tantam
1015 2006 1150 2085 partem,
1177 2005 1333 2082 quantam
1357 2000 1416 2084 alij
1435 1999 1501 2065 duo

370 2107 517 2172 hominos
541 2106 663 2173 habeut
678 2104 721 2172 do
736 2107 826 2172 nilla.
851 2109 893 2173 Vt
908 2106 1008 2190 igitur
1027 2109 1084 2174 hee
1099 2128 1209 2174 coram
1232 2108 1328 2174 uobis
1352 2108 1501 2191 legitime

371 2221 446 2280 acta
461 2221 617 2300 perpetue
634 2215 794 2281 firmitatis
810 2215 909 2282 robur
919 2215 1098 2300 obtineant,
1119 2217 1162 2282 ad
1177 2215 1374 2302 peticionem
1390 2216 1501 2282 uendi-

370 2328 474 2388 torum
486 2323 612 2407 prolato
623 2323 793 2410 Proposito
803 2324 928 2389 litteras
939 2343 1036 2410 super
1046 2327 1107 2410 hys
1120 2327 1342 2392 concessimus
1357 2326 1500 2392 testimo·

371 2429 476 2494 niales
489 2429 588 2512 sigilli
604 2431 706 2496 nostri
717 2431 892 2497 munimine
905 2431 1084 2500 roboratas.
1101 2433 1196 2502 Auno
1206 2434 1248 2500 ab
1264 2433 1500 2500 incarnacione

371 2535 500 2600 Domini
524 2537 568 2600 M⁰
579 2535 644 2600 00⁰
656 2537 765 2602 XXX?
787 2540 907 2604 Datum
934 2557 992 2623 per
1017 2561 1131 2607 manus
1157 2541 1307 2626 Magistri
1332 2521 1500 2608 Benedicti

373 2643 520 2710 Lectoris
535 2643 779 2729 Strigouiensis.

695 2825 733 2890 A.
842 2825 878 2888 Β.
987 2823 1024 2889 Ο.
1133 2827 1174 2890 D.

447 2998 496 3063 (Aa
515 3003 614 3054 oredoti
633 3000 700 3054 utto
718 3005 813 3056 Knauz
831 3001 951 3068 Ntndor,
969 3009 1082 3074 Magyar
1100 3008 1165 3058 Sion
1183 3009 1219 3058 11.
1238 3008 1295 3059 ker„
1314 3007 1375 3058 288.
1393 3005 1423 3058 l.l

807 3299 1070 3310 ——-—-,—.--

904 3721 982 3787 307.

373 3893 423 3958 Aa
437 3897 621 3982 osztergami
645 3899 802 3984 kdptolua
825 3900 1091 3987 bicooysdglcoolo,
1117 3905 1197 3991 kopp
1215 3906 1321 3970 Eudre
1345 3905 1505 3970 Dautnuk

365 4003 417 4087 fio
433 4006 463 4067 de
478 4006 618 4069 tostvdroo'
632 4029 654 4069 a
669 4007 811 4070 rokoualo
826 4009 932 4072 Ponto
948 4013 1025 4074 atu'n
1040 4011 1173 4074 oraturo
1188 4011 1322 4076 birtolcot
1338 4011 1505 4076 Dordalus

695 4116 905 4214 kucouokualo
921 4117 1058 4182 eludtrtlo.
1082 4123 1098 4182 Ῑ
1103 4123 1178 4184 230.

659 4293 1219 4364 Ancon

481 4469 622 4537 Thomas
638 4473 828 4559 Propositus
848 4475 1080 4561 strigoniensis
1107 4483 1139 4544 ot
1156 4477 1303 4546 eiusdem
1327 4482 1392 4548 loci
1408 4479 1504 4566 Gapi-

373 4575 474 4641 tulum
492 4578 652 4662 omnibus,
678 4580 720 4648 ad
738 4601 818 4676 quos
835 4584 941 4650 littero
966 4591 1135 4684 presentes
1157 4589 1365 4681 peruenerint
1381 4590 1502 4658 oracio·
