3164 5192
607 335 762 443 2⁴]-

117 546 156 593 en
173 529 278 614 possit
295 529 443 620 sooipere
460 531 682 621 undecunque,
699 535 833 625 possitis
850 543 883 605 et
898 557 956 606 vos
972 556 1044 604 eum
1060 537 1174 606 timore
1186 541 1250 607 Do-

117 639 197 707 mini
206 692 216 726 ,
233 643 294 708 sub
310 642 532 712 satisfaciendi
549 645 729 736 proposito,
756 649 1041 721 nenecessitatem
1056 660 1191 746 tautum,
1210 673 1250 719 θα

115 751 186 818 sine
202 771 415 837 personarum
431 753 581 846 eoeipere
596 759 750 829 laesione.
781 763 819 828 ln
835 762 918 830 libro
936 785 1078 854 nemque
1097 768 1248 838 ludioum

115 862 289 950 reperitur,
307 862 480 945 quodsum
497 867 632 937 Gedeou
647 870 757 938 Zebee
773 878 805 938 et
819 874 976 942 Selmena
991 878 1098 964 Reges
1114 879 1249 948 Madian

114 982 368 1061 persequeretur
383 975 560 1061 instanter,
587 983 620 1045 et
633 977 737 1068 prinro
753 1000 776 1046 a
789 981 869 1048 viris
884 984 1024 1071 Soooth,
1049 1007 1089 1054 eo
1106 986 1249 1055 seeundo

115 1086 160 1150 nb
176 1085 418 1154 habitatoribus
432 1087 592 1172 Phanuel,
609 1108 713 1175 pones
730 1108 789 1175 pro
804 1091 937 1176 populo,
957 1092 1013 1179 qui
1028 1113 1139 1161 seeum
1154 1115 1249 1162 vene-

115 1203 179 1281 rat,
196 1203 231 1264 et
241 1197 312 1281 jam
329 1198 424 1282 quusi
439 1196 614 1281 deleverat,
631 1198 838 1286 postulasset,
856 1199 934 1284 quia
949 1202 991 1286 ei,
1011 1202 1249 1290 quodpostule·

115 1313 212 1374 verat
223 1306 437 1390 denegarunt,
454 1305 556 1374 vietor
566 1325 715 1373 reversus
731 1305 806 1372 tulit
814 1306 960 1376 seniores
974 1308 1117 1378 divitatis
1129 1309 1249 1380 Soeoth

115 1429 151 1490 et
165 1420 280 1508 spinas
295 1417 416 1486 deserti
432 1437 472 1484 no
487 1415 635 1502 tribulos,
651 1421 683 1482 et
693 1415 845 1482 contrivit
860 1435 933 1483 oum
948 1418 996 1484 eis
1008 1423 1106 1503 utque
1122 1418 1250 1487 oommi·

114 1532 188 1598 nuit
213 1529 303 1596 viros
319 1527 455 1610 Soooth3
481 1525 593 1592 turrim
618 1543 748 1608 quoque
764 1523 909 1592 Phanuel
929 1525 1106 1610 subvertit,
1132 1525 1248 1595 oooisis

115 1636 360 1707 habitatoribus
375 1633 528 1702 civitatis.
552 1633 741 1701 Neoessitss
755 1633 860 1718 enim,
886 1633 1027 1700 maxime
1043 1653 1116 1699 eum
1131 1632 1248 1700 insisti·

114 1755 168 1814 tur
183 1746 276 1832 operi
291 1742 497 1830 neeessario,
522 1741 657 1807 multum
673 1741 755 1808 etin
771 1740 881 1807 multis
896 1745 1040 1806 excusat.
1065 1739 1145 1806 (lum
1162 1741 1248 1807 eninr

115 1854 280 1924 Dominus
289 1851 435 1918 Sabbato
450 1870 509 1936 per
525 1854 600 1915 sats
614 1848 779 1931 transiret,
799 1853 832 1914 et
846 1846 1163 1934 vellerentdisoipuli
1176 1847 1248 1934 eJ'us

115 1966 238 2053 spisse,
255 1982 295 2030 ao
310 1958 546 2026 msudnoereut
560 1954 710 2021 munibus
727 1954 954 2039 eonfriosntes,
975 1961 1008 2022 et
1022 1953 1155 2038 quidam
1165 1955 1247 2022 Pluu-
1296 1937 1298 1941 ¹

115 2064 557 2151 risseorumsddisoipulos:
577 2052 1071 2148 „Quidfeeitisquodnonlieet
1083 2062 1247 2130 inSsbbs·

115 2181 180 2250 tis“
193 2179 286 2267 (Luo.
296 2174 351 2263 vr.)
361 2173 615 2260 proclamarent3
627 2172 648 2237 J
650 2189 724 2237 esus
735 2171 783 2236 eis
793 2169 912 2253 legitur
922 2169 1144 2258 respondisse:
1158 2171 1248 2257 „Nee

114 2291 180 2358 hoo
195 2285 332 2371 legistis,
349 2279 436 2367 quod
447 2278 651 2364 feoitDevid‚
669 2297 741 2344 oum
756 2277 894 2344 esuriret
903 2277 984 2364 ipse,
1001 2279 1104 2365 etqui
1121 2298 1193 2346 oum
1209 2299 1248 2348 eo

116 2403 214 2465 erant
223 2447 232 2480 ,
259 2389 420 2480 quomodo
435 2389 525 2456 veuit
540 2388 572 2455 in
588 2387 719 2456 donrnm
739 2387 802 2456 Dei
811 2437 821 2471 ,
845 2393 878 2453 et
894 2407 997 2473 penes
1015 2389 1249 2475 propositionis

114 2505 267 2591 sumpsit,
284 2507 316 2568 et
326 2495 545 2580 mauduoovit,
562 2501 595 2562 et
609 2494 700 2562 dedit
715 2494 776 2579 his,
794 2495 849 2580 qui
865 2514 937 2563 eum
957 2495 1029 2583 ipso
1046 2505 1149 2582 erunt,
1167 2516 1247 2582 quos

113 2634 184 2682 non
209 2610 330 2678 lioebst
345 2605 408 2674 uisi
426 2609 551 2672 tontum
568 2602 792 2671 sacerdotibus
809 2601 1051 2672 manducare?“
1072 2601 1182 2694 (ibid.)
1207 2607 1250 2672 Et

114 2723 354 2803 consequenter
370 2713 509 2799 adjecit,
529 2711 607 2797 quin
627 2710 731 2777 Filius
746 2709 886 2778 hominis
913 2710 1062 2780 dominus
1082 2720 1131 2780 est
1149 2713 1248 2780 etiarn

114 2827 266 2897 Sabbati.
279 2823 344 2890 Sed
358 2829 390 2888 et
399 2822 461 2889 hoo
476 2820 642 2905 negotium
651 2818 729 2885 Filii
739 2819 878 2887 hominis
888 2826 948 2904 est,
965 2826 997 2887 et
1012 2821 1174 2907 praelium
1185 2821 1248 2890 Do-

114 2937 208 3020 mini,
224 2931 312 3018 quod
326 2928 493 2998 intenditis
508 2929 675 3015 praeliari.
692 2925 781 2995 Haeo
797 2935 907 2996 sutem
924 2930 1076 3015 exempla
1092 2929 1133 2996 de
1142 2929 1248 3016 Serip-

114 3045 200 3114 turis
215 3039 346 3109 Sanctis
362 3036 558 3120 induximus,
583 3054 647 3103 non
664 3041 700 3102 ut
714 3035 929 3104 consedemus
944 3035 1113 3122 rapinam,
1139 3035 1197 3102 sed
1212 3041 1248 3100 ut

113 3153 315 3233 toleremus,
340 3144 426 3230 quod
442 3165 483 3211 eu
508 3142 602 3229 gravi
621 3143 817 3211 nenessitate
841 3143 911 3210 sine
932 3142 1050 3227 grandi
1072 3137 1247 3226 dispendio

113 3259 217 3328 vitari
232 3277 296 3324 uon
312 3259 433 3342 posset.
457 3250 662 3320 Provideeds
678 3257 787 3318 autern
802 3249 979 3336 prudenter
994 3251 1025 3313 et
1041 3251 1144 3330 eante,
1168 3253 1203 3313 ut
1218 3247 1246 3314 si

112 3369 203 3436 forte
216 3363 333 3432 Veneti
348 3359 510 3430 volueriut
524 3359 713 3428 oeeasioues
728 3359 858 3439 aliquas
873 3353 1029 3439 iuvenire,
1053 3351 1140 3437 quod
1157 3372 1246 3420 exer-

112 3475 201 3544 eitus
217 3471 417 3540 dissolvetur
442 3467 543 3535 nrultn
562 3487 622 3553 pro
639 3473 784 3550 tempore
810 3462 1019 3544 dissimulare
1041 3481 1081 3528 eo
1107 3459 1247 3528 tolerare

115 3580 239 3649 curetis
249 3628 257 3662 ,
284 3576 388 3645 donee
403 3572 446 3640 ad
462 3573 567 3642 looum
583 3569 796 3656 perveneritis
815 3569 1021 3654 destinatum,
1042 3568 1107 3653 nbi,
1132 3587 1245 3656 oppor-

112 3690 257 3759 tunitate
272 3688 418 3771 oooepta,
436 3699 556 3762 eorum,
573 3683 609 3745 ut
624 3677 765 3765 expedit,
783 3677 933 3746 militium
948 3675 1181 3765 comprimetis.

473 3883 577 3952 (Migne
590 3901 617 3940 u.
630 3901 654 3937 o.
667 3881 704 3936 11.
717 3883 774 3935 kot.
791 3883 849 3934 lot.
862 3879 891 3946 1.)

551 4169 815 4184 w
