3238 5184
647 255 799 356 Q

154 453 247 519 boba
264 454 453 537 existentes,
481 474 553 519 oum
571 451 721 519 omnibus
737 451 933 518 vtilitatibus
957 457 988 518 et
1004 455 1213 539 pertineneijs
1235 475 1286 521 ea·

154 560 292 625 rundem
316 559 490 642 uniuersis,
516 558 668 624 videlieet
683 556 778 624 ter'ris
805 559 996 642 arabilibus,
1023 557 1151 643 lenatia,
1180 559 1284 647 siluis,

154 667 270 752 pratis,
289 668 390 752 agris,
416 666 603 732 nemoribus
620 671 652 734 et
666 665 787 751 fluuiJs,
816 665 858 731 ad
876 665 1009 732 easdem
1034 667 1284 752 pertinentibus,
1301 731 1306 738 .

154 775 279 841 eisdem
295 775 365 840 Lob
391 783 423 840 et
448 774 572 841 Thome
599 779 632 839 et
654 793 712 860 per
737 773 827 860 ipsos
854 773 1040 858 heredibus,
1065 773 1284 860 heredumque

153 901 286 949 suorum
316 880 560 948 suecessoribus
576 885 733 967 perpetuo
750 879 979 966 possidendas.
996 880 1065 949 Nos
1081 901 1160 965 ergo
1176 881 1283 948 volen·

151 995 204 1055 tes
220 988 348 1055 deferre
364 989 561 1074 antiquitati,
586 995 619 1054 et
634 988 860 1075 possessiones
877 989 920 1054 ab
937 1008 1000 1056 auo
1016 995 1127 1056 nostro
1143 988 1283 1056 donatas

150 1103 186 1162 et
202 1117 388 1181 concessas,
413 1105 446 1164 et
462 1096 676 1164 stabilitatem
692 1096 724 1163 in
741 1096 830 1164 nullo
847 1095 1038 1181 diminuere,
1061 1103 1095 1163 vt
1111 1096 1178 1164 veri
1194 1103 1282 1164 ante·

148 1223 316 1271 cessurum
340 1213 523 1273 nostrorum
554 1204 735 1273 imitatores
759 1205 982 1290 inveniamur3
1010 1205 1142 1273 easdem
1167 1207 1278 1274 eonfit-

149 1331 289 1395 mamus,
319 1311 577 1380 confirmacionis
602 1311 718 1378 seriem
743 1311 840 1377 suribi
866 1311 1023 1378 facientes
1050 1311 1152 1396 sigilli
1177 1313 1282 1380 nostri

147 1421 326 1486 munimine
350 1422 603 1489 corroboratum.
631 1420 750 1484 Datum
767 1439 825 1504 per
842 1438 956 1484 manus
973 1417 1110 1504 blatlrye
1124 1420 1281 1505 Zagrabi·

147 1529 239 1594 ensis
255 1526 429 1612 Prepositi,
454 1527 529 1592 aule
552 1531 660 1593 nostre
676 1524 884 1609 Canoellarij,
902 1545 987 1592 anno
1003 1525 1136 1592 Domini
1152 1528 1199 1594 M?
1212 1526 1277 1594 CC?

145 1635 322 1701 trieesimo.
350 1637 436 1700 Pons
462 1634 752 1719 Thanarnieorum,
780 1633 877 1700 Gaab
901 1633 1141 1721 Dapiferorum,
1169 1637 1279 1701 Pausa

144 1743 349 1824 Agaaonum,
372 1742 542 1827 lllyahaele
557 1742 625 1808 filio
642 1741 739 1828 Opud
755 1742 987 1807 Pineernaruru
1011 1746 1194 1808 nostrorum
1211 1742 1277 1808 lla-

145 1849 260 1930 gistris
286 1847 510 1935 existentibus,
537 1856 570 1914 et
587 1849 696 1934 Gyvla
721 1847 788 1915 lilio
813 1847 1000 1932 Leustaebij
1026 1848 1186 1933 Voyvoda
1211 1849 1277 1916 exi-

143 1963 260 2024 stente.

143 2135 196 2198 (Aa
215 2137 315 2204 erdtlyl
336 2135 464 2204 kaptalan
485 2139 596 2187 lale-ki
609 2135 762 2197 r'atiratlbbl,
782 2155 799 2190 a
817 2139 915 2202 Ozegei
934 2153 973 2202 gr.
988 2139 1067 2188 Wass
1085 2133 1176 2188 esalld
1195 2135 1275 2188 level-

143 2224 268 2287 strabun,
288 2227 359 2279 libzli
379 2227 464 2279 Szabrl
483 2224 592 2292 Karoly.
613 2229 644 2278 V.
658 2234 682 2278 a.
700 2226 944 2294 n'ejercod.bip1.
965 2229 1024 2279 VII.
1039 2227 1093 2279 ket.
1108 2229 1132 2278 4.
1147 2244 1167 2278 r.
1187 2231 1230 2280 8⁸2.
1245 2228 1274 2294 l.)

578 2511 839 2524 -n———o-—pw

662 2975 746 3046 306.

139 3155 187 3222 Aa
204 3160 386 3244 aester-pani
401 3158 623 3244 kriptalonnale
634 3157 904 3243 bizonysdplavele,
920 3165 998 3244 bopy
1008 3159 1143 3223 Lbra'noa
1159 3170 1266 3224 eszler-

137 3267 226 3350 9ami
239 3267 450 3351 pemverbaek
465 3274 594 3352 baveqpe
612 3269 643 3330 es
651 3267 711 3350 fio,
731 3267 812 3329 latai
828 3265 1008 3330 bio-robatur
1024 3265 1190 3331 Florentia
1205 3289 1266 3332 aas·

220 3373 290 3436 beni
300 3377 430 3460 preparat
444 3377 475 3438 aa
491 3375 671 3457 eazterpumr'
686 3372 900 3438 kaaoaokoale
919 3373 1059 3440 elodtu'k.
1086 3376 1183 3439 1230.

246 3569 389 3635 Thomas
406 3567 594 3653 Prepositus
611 3573 643 3633 et
660 3565 845 3654 Capitulum
862 3569 1086 3655 Strigoniense
1104 3569 1264 3654 omnibus,

138 3675 181 3741 ad
202 3696 285 3760 quos
310 3675 418 3742 littere
433 3680 600 3761 presentes
625 3677 840 3761 peruenerlnt,
868 3677 1038 3745 oraciones
1063 3678 1097 3742 in
1113 3679 1262 3747 Domino.

135 3783 349 3872 ¹llniuorsitati
360 3781 710 3866 uestresignifieamus,
728 3784 814 3867 quod
825 3785 939 3850 mulier
950 3785 1091 3869 quedam
1101 3787 1263 3854 Almanrla

136 3891 275 3974 nomine,
302 3891 371 3956 lilia
387 3890 546 3973 Danielis,
573 3910 655 3957 uxor
674 3889 839 3973 quondam
856 3893 1030 3976 Laurenoij
1048 3893 1165 3977 Latini,
1191 3895 1262 3961 auri

136 3999 329 4064 malliatoris
355 3997 395 4063 de
420 3997 595 4083 Strigonio,
622 4003 654 4062 et
669 3998 781 4064 Perrin
798 3998 883 4064 lilius
908 3997 1053 4066 eiusdem
1077 4000 1261 4087 Laureneij,

136 4129 208 4174 eum
224 4106 413 4174 Florentino
428 4106 598 4192 Prepesito
614 4105 811 4172 Seibiniensi
828 4115 939 4174 nostro
960 4107 1187 4189 concanonico,
1211 4129 1261 4175 co-

134 4237 203 4281 ram
230 4215 324 4281 nobis
340 4214 519 4298 constituti,
545 4223 665 4282 terram
681 4215 724 4282 ad
740 4234 838 4281 vnum
861 4221 1016 4298 aratrum,
1042 4233 1139 4298 qnam
1165 4216 1260 4282 habe·

137 4324 215 4387 bant
240 4322 326 4388 vltra
341 4323 529 4390 Danubium
554 4324 587 4390 in
614 4324 694 4390 villa
710 4325 819 4390 Thata
845 4324 936 4389 iuxta
952 4322 1051 4408 Gron,
1076 4327 1144 4388 tam
1169 4322 1260 4390 illam

133 4449 228 4512 quam
255 4449 374 4514 seeum,
401 4451 472 4496 eum
490 4431 532 4497 ad
549 4433 734 4518 coniugium
759 4433 834 4519 ipsa
851 4431 991 4514 transiit,
1016 4430 1143 4516 tulerat,
1161 4449 1259 4514 qnam

130 4537 233 4606 aelam
259 4536 359 4622 illam,
389 4559 452 4624 que
469 4560 489 4604 a
505 4547 600 4625 patre
614 4539 751 4627 predicti
771 4541 885 4608 Perrin
912 4539 1017 4606 luerat
1037 4543 1158 4626 empta,
1185 4557 1257 4607 oum
