<?xml version="1.0" encoding="UTF-8"?>
<!DOCTYPE html PUBLIC "-//W3C//DTD XHTML 1.0 Transitional//EN"
    "http://www.w3.org/TR/xhtml1/DTD/xhtml1-transitional.dtd">
<html xmlns="http://www.w3.org/1999/xhtml" xml:lang="en" lang="en">
 <head>
  <title>
</title>
<meta http-equiv="Content-Type" content="text/html;charset=utf-8" />
  <meta name='ocr-system' content='tesseract 3.04.00' />
  <meta name='ocr-capabilities' content='ocr_page ocr_carea ocr_par ocr_line ocrx_word'/>
</head>
<body>
  <div class='ocr_page' id='page_1' title='image "./codexdiplomatic05wenzgoog_0123.png"; bbox 0 0 3218 5192; ppageno 0'>
   <div class='ocr_carea' id='block_1_1' title="bbox 4 863 31 906">
    <p class='ocr_par' dir='ltr' id='par_1_1' title="bbox 4 863 31 906">
     <span class='ocr_line' id='line_1_1' title="bbox 4 863 31 906; baseline -0.074 0"><span class='ocrx_word' id='word_1_1' title='bbox 4 863 31 906; x_wconf 75' lang='lat' dir='ltr'>bil</span> 
     </span>
    </p>
   </div>
   <div class='ocr_carea' id='block_1_2' title="bbox 1 1061 32 1122">
    <p class='ocr_par' dir='ltr' id='par_1_2' title="bbox 1 1061 32 1122">
     <span class='ocr_line' id='line_1_2' title="bbox 1 1061 32 1122; baseline 0.065 -2"><span class='ocrx_word' id='word_1_2' title='bbox 1 1061 32 1122; x_wconf 62' lang='lat' dir='ltr'>m*</span> 
     </span>
    </p>
   </div>
   <div class='ocr_carea' id='block_1_3' title="bbox 1 1167 30 1230">
    <p class='ocr_par' dir='ltr' id='par_1_3' title="bbox 1 1167 30 1230">
     <span class='ocr_line' id='line_1_3' title="bbox 1 1167 30 1230; baseline 0 -8"><span class='ocrx_word' id='word_1_3' title='bbox 1 1167 30 1230; x_wconf 69' lang='lat' dir='ltr'>c·</span> 
     </span>
    </p>
   </div>
   <div class='ocr_carea' id='block_1_4' title="bbox 1 1405 27 1446">
    <p class='ocr_par' dir='ltr' id='par_1_4' title="bbox 1 1405 27 1446">
     <span class='ocr_line' id='line_1_4' title="bbox 1 1405 27 1446; baseline 0 0"><span class='ocrx_word' id='word_1_4' title='bbox 1 1405 27 1446; x_wconf 72' lang='lat' dir='ltr'>fi·</span> 
     </span>
    </p>
   </div>
   <div class='ocr_carea' id='block_1_5' title="bbox 118 1189 1249 1388">
    <p class='ocr_par' dir='ltr' id='par_1_5' title="bbox 118 1189 1249 1388">
     <span class='ocr_line' id='line_1_5' title="bbox 118 1189 1249 1286; baseline 0.009 -30"><span class='ocrx_word' id='word_1_5' title='bbox 118 1189 277 1256; x_wconf 80' lang='lat' dir='ltr'>Uraaciuc</span> <span class='ocrx_word' id='word_1_6' title='bbox 303 1193 440 1257; x_wconf 80' lang='lat' dir='ltr'>cotturm&#39;</span> <span class='ocrx_word' id='word_1_7' title='bbox 457 1196 645 1281; x_wconf 71' lang='lat' dir='ltr'>pucpbkaek</span> <span class='ocrx_word' id='word_1_8' title='bbox 669 1198 848 1284; x_wconf 72' lang='lat' dir='ltr'>ouomooya</span> <span class='ocrx_word' id='word_1_9' title='bbox 872 1208 956 1264; x_wconf 70' lang='lat' dir='ltr'>ruat</span> <span class='ocrx_word' id='word_1_10' title='bbox 979 1197 1122 1286; x_wconf 79' lang='lat' dir='ltr'>Tripbca</span> <span class='ocrx_word' id='word_1_11' title='bbox 1145 1201 1249 1268; x_wconf 72' lang='lat' dir='ltr'>cucae‘</span> 
     </span>
     <span class='ocr_line' id='line_1_6' title="bbox 463 1303 901 1388; baseline 0.005 -22"><span class='ocrx_word' id='word_1_12' title='bbox 463 1303 609 1388; x_wconf 76' lang='lat' dir='ltr'>temptem</span> <span class='ocrx_word' id='word_1_13' title='bbox 624 1307 780 1370; x_wconf 64' lang='lat' dir='ltr'>smmum.</span> <span class='ocrx_word' id='word_1_14' title='bbox 804 1307 901 1369; x_wconf 81' lang='lat'><strong><em>1124.</em></strong></span> 
     </span>
    </p>
   </div>
   <div class='ocr_carea' id='block_1_6' title="bbox 113 1494 1251 1694">
    <p class='ocr_par' dir='ltr' id='par_1_6' title="bbox 113 1494 1251 1694">
     <span class='ocr_line' id='line_1_7' title="bbox 229 1494 1249 1592; baseline 0.011 -34"><span class='ocrx_word' id='word_1_15' title='bbox 229 1496 267 1558; x_wconf 91' lang='lat' dir='ltr'>In</span> <span class='ocrx_word' id='word_1_16' title='bbox 284 1494 414 1561; x_wconf 88' lang='lat' dir='ltr'>nomine</span> <span class='ocrx_word' id='word_1_17' title='bbox 429 1497 536 1563; x_wconf 89' lang='lat' dir='ltr'>Patris</span> <span class='ocrx_word' id='word_1_18' title='bbox 552 1503 585 1564; x_wconf 91' lang='lat' dir='ltr'>et</span> <span class='ocrx_word' id='word_1_19' title='bbox 600 1498 677 1564; x_wconf 80' lang='lat' dir='ltr'>Filii</span> <span class='ocrx_word' id='word_1_20' title='bbox 693 1505 725 1564; x_wconf 87' lang='lat' dir='ltr'>et</span> <span class='ocrx_word' id='word_1_21' title='bbox 740 1497 883 1584; x_wconf 85' lang='lat' dir='ltr'>Spiritus</span> <span class='ocrx_word' id='word_1_22' title='bbox 894 1497 1007 1566; x_wconf 80' lang='lat' dir='ltr'>Sancti</span> <span class='ocrx_word' id='word_1_23' title='bbox 1022 1502 1145 1592; x_wconf 52' lang='lat' dir='ltr'>Amen..</span> <span class='ocrx_word' id='word_1_24' title='bbox 1155 1501 1249 1568; x_wconf 80' lang='lat' dir='ltr'>Anno</span> 
     </span>
     <span class='ocr_line' id='line_1_8' title="bbox 113 1599 1251 1694; baseline 0.007 -28"><span class='ocrx_word' id='word_1_25' title='bbox 113 1599 322 1670; x_wconf 81' lang='grc' dir='ltr'>ΜΟΧΧΠΠ.</span> <span class='ocrx_word' id='word_1_26' title='bbox 342 1603 414 1690; x_wconf 82' lang='lat' dir='ltr'>Ego</span> <span class='ocrx_word' id='word_1_27' title='bbox 430 1604 588 1672; x_wconf 86' lang='lat' dir='ltr'>Ursacius</span> <span class='ocrx_word' id='word_1_28' title='bbox 603 1605 787 1694; x_wconf 80' lang='lat' dir='ltr'>Episcopus</span> <span class='ocrx_word' id='word_1_29' title='bbox 804 1627 870 1672; x_wconf 91' lang='lat' dir='ltr'>una</span> <span class='ocrx_word' id='word_1_30' title='bbox 886 1626 959 1674; x_wconf 92' lang='lat' dir='ltr'>cum</span> <span class='ocrx_word' id='word_1_31' title='bbox 975 1608 1059 1674; x_wconf 87' lang='lat' dir='ltr'>Mele</span> <span class='ocrx_word' id='word_1_32' title='bbox 1074 1608 1196 1694; x_wconf 79' lang='lat' dir='ltr'>Priore,</span> <span class='ocrx_word' id='word_1_33' title='bbox 1219 1615 1251 1676; x_wconf 87' lang='lat' dir='ltr'>et</span> 
     </span>
    </p>
   </div>
   <div class='ocr_carea' id='block_1_7' title="bbox 9 1709 1251 1906">
    <p class='ocr_par' dir='ltr' id='par_1_7' title="bbox 9 1709 1251 1906">
     <span class='ocr_line' id='line_1_9' title="bbox 10 1709 1250 1801; baseline 0.008 -29"><span class='ocrx_word' id='word_1_34' title='bbox 10 1733 23 1772; x_wconf 80' lang='lat' dir='ltr'>r·</span> <span class='ocrx_word' id='word_1_35' title='bbox 113 1709 293 1775; x_wconf 83' lang='lat' dir='ltr'>Nobilibus</span> <span class='ocrx_word' id='word_1_36' title='bbox 310 1709 575 1799; x_wconf 71' lang='lat' dir='ltr'>catharensibus,</span> <span class='ocrx_word' id='word_1_37' title='bbox 592 1713 755 1801; x_wconf 91' lang='lat' dir='ltr'>inprimis</span> <span class='ocrx_word' id='word_1_38' title='bbox 773 1713 914 1781; x_wconf 89' lang='lat' dir='ltr'>Busiuas</span> <span class='ocrx_word' id='word_1_39' title='bbox 931 1712 1130 1800; x_wconf 80' lang='lat' dir='ltr'>Catapanus,</span> <span class='ocrx_word' id='word_1_40' title='bbox 1150 1713 1250 1784; x_wconf 79' lang='lat' dir='ltr'>Geor·</span> 
     </span>
     <span class='ocr_line' id='line_1_10' title="bbox 9 1818 1251 1906; baseline 0.01 -27"><span class='ocrx_word' id='word_1_41' title='bbox 9 1842 19 1878; x_wconf 72' lang='lat' dir='ltr'>c</span> <span class='ocrx_word' id='word_1_42' title='bbox 113 1819 191 1902; x_wconf 87' lang='lat' dir='ltr'>gius</span> <span class='ocrx_word' id='word_1_43' title='bbox 210 1818 252 1884; x_wconf 86' lang='lat' dir='ltr'>de</span> <span class='ocrx_word' id='word_1_44' title='bbox 269 1821 444 1906; x_wconf 82' lang='lat' dir='ltr'>Gurhana,</span> <span class='ocrx_word' id='word_1_45' title='bbox 471 1823 624 1891; x_wconf 86' lang='lat' dir='ltr'>Eraicius</span> <span class='ocrx_word' id='word_1_46' title='bbox 648 1823 755 1890; x_wconf 93' lang='lat' dir='ltr'>Bollia</span> <span class='ocrx_word' id='word_1_47' title='bbox 770 1822 812 1889; x_wconf 92' lang='lat' dir='ltr'>de</span> <span class='ocrx_word' id='word_1_48' title='bbox 827 1821 929 1890; x_wconf 79' lang='lat' dir='ltr'>Groui</span> <span class='ocrx_word' id='word_1_49' title='bbox 955 1821 1068 1906; x_wconf 80' lang='lat' dir='ltr'>Orosi,</span> <span class='ocrx_word' id='word_1_50' title='bbox 1096 1823 1172 1890; x_wconf 90' lang='lat' dir='ltr'>Vita</span> <span class='ocrx_word' id='word_1_51' title='bbox 1186 1825 1251 1892; x_wconf 92' lang='lat' dir='ltr'>Da·</span> 
     </span>
    </p>
   </div>
   <div class='ocr_carea' id='block_1_8' title="bbox 0 1920 1251 2335">
    <p class='ocr_par' dir='ltr' id='par_1_8' title="bbox 0 1920 1251 2335">
     <span class='ocr_line' id='line_1_11' title="bbox 1 1920 1251 2016; baseline 0.005 -24"><span class='ocrx_word' id='word_1_52' title='bbox 1 1985 2 1992; x_wconf 74' lang='grc'>,</span> <span class='ocrx_word' id='word_1_53' title='bbox 114 1927 245 2012; x_wconf 81' lang='lat' dir='ltr'>brazze,</span> <span class='ocrx_word' id='word_1_54' title='bbox 260 1927 420 2014; x_wconf 81' lang='lat' dir='ltr'>Tryphon</span> <span class='ocrx_word' id='word_1_55' title='bbox 430 1929 470 1996; x_wconf 87' lang='lat' dir='ltr'>de</span> <span class='ocrx_word' id='word_1_56' title='bbox 480 1920 643 2015; x_wconf 86' lang='lat' dir='ltr'>Domana,</span> <span class='ocrx_word' id='word_1_57' title='bbox 654 1931 810 1998; x_wconf 88' lang='lat' dir='ltr'>Ursacius</span> <span class='ocrx_word' id='word_1_58' title='bbox 823 1931 863 1996; x_wconf 88' lang='lat' dir='ltr'>de</span> <span class='ocrx_word' id='word_1_59' title='bbox 878 1929 990 2014; x_wconf 90' lang='lat' dir='ltr'>Visao,</span> <span class='ocrx_word' id='word_1_60' title='bbox 1007 1931 1138 1998; x_wconf 82' lang='lat' dir='ltr'>Simeon</span> <span class='ocrx_word' id='word_1_61' title='bbox 1147 1931 1251 2016; x_wconf 86' lang='lat' dir='ltr'>Pauli,</span> 
     </span>
     <span class='ocr_line' id='line_1_12' title="bbox 0 2034 1250 2125; baseline 0.007 -29"><span class='ocrx_word' id='word_1_62' title='bbox 0 2072 5 2088; x_wconf 9' lang='grc' dir='ltr'>Ν-</span> <span class='ocrx_word' id='word_1_63' title='bbox 114 2035 240 2102; x_wconf 82' lang='lat' dir='ltr'>vitalis</span> <span class='ocrx_word' id='word_1_64' title='bbox 257 2035 299 2101; x_wconf 89' lang='lat' dir='ltr'>de</span> <span class='ocrx_word' id='word_1_65' title='bbox 315 2034 468 2103; x_wconf 82' lang='lat' dir='ltr'>Grasana</span> <span class='ocrx_word' id='word_1_66' title='bbox 483 2039 609 2125; x_wconf 88' lang='lat' dir='ltr'>Derza,</span> <span class='ocrx_word' id='word_1_67' title='bbox 636 2039 771 2124; x_wconf 78' lang='lat' dir='ltr'>Sergius</span> <span class='ocrx_word' id='word_1_68' title='bbox 787 2039 829 2104; x_wconf 87' lang='lat' dir='ltr'>de</span> <span class='ocrx_word' id='word_1_69' title='bbox 844 2038 948 2121; x_wconf 84' lang='lat' dir='ltr'>Buda,</span> <span class='ocrx_word' id='word_1_70' title='bbox 964 2037 1074 2104; x_wconf 90' lang='lat' dir='ltr'>llicha</span> <span class='ocrx_word' id='word_1_71' title='bbox 1090 2038 1130 2106; x_wconf 84' lang='lat' dir='ltr'>(le</span> <span class='ocrx_word' id='word_1_72' title='bbox 1145 2038 1250 2122; x_wconf 78' lang='lat' dir='ltr'>Beier,</span> 
     </span>
     <span class='ocr_line' id='line_1_13' title="bbox 1 2142 1250 2233; baseline 0.003 -25"><span class='ocrx_word' id='word_1_73' title='bbox 1 2172 11 2232; x_wconf 70' lang='lat' dir='ltr'>l</span> <span class='ocrx_word' id='word_1_74' title='bbox 115 2142 298 2208; x_wconf 81' lang='lat' dir='ltr'>Goislavus</span> <span class='ocrx_word' id='word_1_75' title='bbox 314 2145 428 2228; x_wconf 88' lang='lat' dir='ltr'>Derzc,</span> <span class='ocrx_word' id='word_1_76' title='bbox 446 2145 600 2214; x_wconf 83' lang='lat' dir='ltr'>Baliauna</span> <span class='ocrx_word' id='word_1_77' title='bbox 616 2147 668 2214; x_wconf 87' lang='lat' dir='ltr'>bis</span> <span class='ocrx_word' id='word_1_78' title='bbox 684 2154 717 2213; x_wconf 90' lang='lat' dir='ltr'>ct</span> <span class='ocrx_word' id='word_1_79' title='bbox 732 2147 832 2214; x_wconf 86' lang='lat' dir='ltr'>semel</span> <span class='ocrx_word' id='word_1_80' title='bbox 843 2145 1031 2213; x_wconf 76' lang='lat' dir='ltr'>consiliarii</span> <span class='ocrx_word' id='word_1_81' title='bbox 1048 2147 1250 2233; x_wconf 79' lang='lat' dir='ltr'>pulsavimus</span> 
     </span>
     <span class='ocr_line' id='line_1_14' title="bbox 1 2254 1249 2335; baseline 0 -15"><span class='ocrx_word' id='word_1_82' title='bbox 1 2279 11 2320; x_wconf 81' lang='lat' dir='ltr'>c</span> <span class='ocrx_word' id='word_1_83' title='bbox 114 2270 316 2335; x_wconf 89' lang='lat' dir='ltr'>campanam</span> <span class='ocrx_word' id='word_1_84' title='bbox 331 2287 675 2306; x_wconf 80' lang='lat'><strong>------</strong></span> <span class='ocrx_word' id='word_1_85' title='bbox 691 2256 850 2324; x_wconf 80' lang='lat' dir='ltr'>donamus</span> <span class='ocrx_word' id='word_1_86' title='bbox 868 2254 1029 2322; x_wconf 70' lang='lat' dir='ltr'>&#39;lumbam</span> <span class='ocrx_word' id='word_1_87' title='bbox 1055 2255 1167 2322; x_wconf 89' lang='lat' dir='ltr'>Sancti</span> <span class='ocrx_word' id='word_1_88' title='bbox 1192 2256 1249 2320; x_wconf 85' lang='lat' dir='ltr'>Ar·</span> 
     </span>
    </p>
   </div>
   <div class='ocr_carea' id='block_1_9' title="bbox 4 2359 1251 2448">
    <p class='ocr_par' dir='ltr' id='par_1_9' title="bbox 4 2359 1251 2448">
     <span class='ocr_line' id='line_1_15' title="bbox 4 2359 1251 2448; baseline -0.002 -20"><span class='ocrx_word' id='word_1_89' title='bbox 4 2389 13 2428; x_wconf 62' lang='lat' dir='ltr'>c</span> <span class='ocrx_word' id='word_1_90' title='bbox 115 2359 273 2443; x_wconf 81' lang='lat' dir='ltr'>changeii</span> <span class='ocrx_word' id='word_1_91' title='bbox 300 2359 344 2424; x_wconf 85' lang='lat' dir='ltr'>ad</span> <span class='ocrx_word' id='word_1_92' title='bbox 365 2361 548 2428; x_wconf 79' lang='lat' dir='ltr'>Ecclesiam</span> <span class='ocrx_word' id='word_1_93' title='bbox 562 2363 674 2429; x_wconf 88' lang='lat' dir='ltr'>Sancti</span> <span class='ocrx_word' id='word_1_94' title='bbox 698 2361 907 2448; x_wconf 78' lang='lat' dir='ltr'>Tryphonis,</span> <span class='ocrx_word' id='word_1_95' title='bbox 935 2361 1088 2429; x_wconf 85' lang='lat' dir='ltr'>videlicet</span> <span class='ocrx_word' id='word_1_96' title='bbox 1112 2362 1251 2429; x_wconf 84' lang='lat' dir='ltr'>aVaize</span> 
     </span>
    </p>
   </div>
   <div class='ocr_carea' id='block_1_10' title="bbox 115 2465 1250 2554">
    <p class='ocr_par' dir='ltr' id='par_1_10' title="bbox 115 2465 1250 2554">
     <span class='ocr_line' id='line_1_16' title="bbox 115 2465 1250 2554; baseline 0.006 -24"><span class='ocrx_word' id='word_1_97' title='bbox 115 2485 223 2550; x_wconf 88' lang='lat' dir='ltr'>nsque</span> <span class='ocrx_word' id='word_1_98' title='bbox 240 2465 284 2530; x_wconf 86' lang='lat' dir='ltr'>ad</span> <span class='ocrx_word' id='word_1_99' title='bbox 300 2465 390 2534; x_wconf 91' lang='lat' dir='ltr'>littus</span> <span class='ocrx_word' id='word_1_100' title='bbox 407 2468 517 2552; x_wconf 83' lang='lat' dir='ltr'>moris,</span> <span class='ocrx_word' id='word_1_101' title='bbox 533 2476 566 2534; x_wconf 85' lang='lat' dir='ltr'>et</span> <span class='ocrx_word' id='word_1_102' title='bbox 581 2489 604 2534; x_wconf 94' lang='lat' dir='ltr'>a</span> <span class='ocrx_word' id='word_1_103' title='bbox 618 2469 726 2536; x_wconf 87' lang='lat' dir='ltr'>littore</span> <span class='ocrx_word' id='word_1_104' title='bbox 741 2469 841 2535; x_wconf 87' lang='lat' dir='ltr'>maris</span> <span class='ocrx_word' id='word_1_105' title='bbox 865 2487 969 2554; x_wconf 88' lang='lat' dir='ltr'>usque</span> <span class='ocrx_word' id='word_1_106' title='bbox 986 2467 1029 2534; x_wconf 86' lang='lat' dir='ltr'>ad</span> <span class='ocrx_word' id='word_1_107' title='bbox 1039 2468 1137 2536; x_wconf 86' lang='lat' dir='ltr'>Vaice</span> <span class='ocrx_word' id='word_1_108' title='bbox 1147 2503 1190 2516; x_wconf 90' lang='lat'>-</span> <span class='ocrx_word' id='word_1_109' title='bbox 1208 2504 1250 2518; x_wconf 89' lang='lat'>-</span> 
     </span>
    </p>
   </div>
   <div class='ocr_carea' id='block_1_11' title="bbox 3 2573 1249 2660">
    <p class='ocr_par' dir='ltr' id='par_1_11' title="bbox 3 2573 1249 2660">
     <span class='ocr_line' id='line_1_17' title="bbox 3 2573 1249 2660; baseline 0.002 -20"><span class='ocrx_word' id='word_1_110' title='bbox 3 2587 8 2638; x_wconf 73' lang='grc' dir='ltr'>ζ</span> <span class='ocrx_word' id='word_1_111' title='bbox 115 2613 158 2624; x_wconf 96' lang='grc'>-</span> <span class='ocrx_word' id='word_1_112' title='bbox 175 2609 222 2622; x_wconf 90' lang='grc'>-</span> <span class='ocrx_word' id='word_1_113' title='bbox 239 2573 333 2640; x_wconf 90' lang='lat' dir='ltr'>-Si</span> <span class='ocrx_word' id='word_1_114' title='bbox 361 2575 479 2660; x_wconf 84' lang='lat' dir='ltr'>aliquis</span> <span class='ocrx_word' id='word_1_115' title='bbox 504 2583 592 2643; x_wconf 86' lang='lat' dir='ltr'>esset</span> <span class='ocrx_word' id='word_1_116' title='bbox 616 2578 732 2644; x_wconf 84' lang='lat' dir='ltr'>haeres</span> <span class='ocrx_word' id='word_1_117' title='bbox 758 2578 791 2642; x_wconf 94' lang='lat' dir='ltr'>in</span> <span class='ocrx_word' id='word_1_118' title='bbox 807 2576 922 2643; x_wconf 83' lang='lat' dir='ltr'>ecdem</span> <span class='ocrx_word' id='word_1_119' title='bbox 945 2576 1073 2643; x_wconf 78' lang='lat' dir='ltr'>&#39;lumba</span> <span class='ocrx_word' id='word_1_120' title='bbox 1087 2611 1131 2626; x_wconf 84' lang='grc'>···</span> <span class='ocrx_word' id='word_1_121' title='bbox 1147 2613 1191 2626; x_wconf 91' lang='lat'>-</span> <span class='ocrx_word' id='word_1_122' title='bbox 1206 2613 1249 2624; x_wconf 83' lang='grc'>·-</span> 
     </span>
    </p>
   </div>
   <div class='ocr_carea' id='block_1_12' title="bbox 1 2682 1251 2985">
    <p class='ocr_par' dir='ltr' id='par_1_12' title="bbox 1 2682 1251 2985">
     <span class='ocr_line' id='line_1_18' title="bbox 2 2682 1251 2764; baseline 0.002 -17"><span class='ocrx_word' id='word_1_123' title='bbox 2 2727 7 2736; x_wconf 75' lang='lat'>.</span> <span class='ocrx_word' id='word_1_124' title='bbox 116 2719 160 2730; x_wconf 92' lang='lat'>—-</span> <span class='ocrx_word' id='word_1_125' title='bbox 180 2683 296 2764; x_wconf 89' lang='lat' dir='ltr'>-qui</span> <span class='ocrx_word' id='word_1_126' title='bbox 321 2703 433 2750; x_wconf 90' lang='lat' dir='ltr'>omnes</span> <span class='ocrx_word' id='word_1_127' title='bbox 459 2685 653 2750; x_wconf 85' lang='lat' dir='ltr'>unanimiter</span> <span class='ocrx_word' id='word_1_128' title='bbox 669 2719 957 2733; x_wconf 50' lang='lat'>-----</span> <span class='ocrx_word' id='word_1_129' title='bbox 974 2682 1134 2762; x_wconf 81' lang='lat' dir='ltr'>Quoniam</span> <span class='ocrx_word' id='word_1_130' title='bbox 1159 2683 1251 2750; x_wconf 85' lang='lat' dir='ltr'>nulla</span> 
     </span>
     <span class='ocr_line' id='line_1_19' title="bbox 1 2790 1250 2877; baseline -0.003 -17"><span class='ocrx_word' id='word_1_131' title='bbox 1 2834 5 2860; x_wconf 47' lang='grc' dir='ltr'><em>ε</em></span> <span class='ocrx_word' id='word_1_132' title='bbox 116 2792 266 2857; x_wconf 89' lang='lat' dir='ltr'>humana</span> <span class='ocrx_word' id='word_1_133' title='bbox 281 2811 423 2877; x_wconf 88' lang='lat' dir='ltr'>persona</span> <span class='ocrx_word' id='word_1_134' title='bbox 438 2793 537 2860; x_wconf 86' lang='lat' dir='ltr'>habet</span> <span class='ocrx_word' id='word_1_135' title='bbox 553 2794 698 2876; x_wconf 84' lang='lat' dir='ltr'>aliquam</span> <span class='ocrx_word' id='word_1_136' title='bbox 722 2793 960 2860; x_wconf 84' lang='lat' dir='ltr'>haereditatem</span> <span class='ocrx_word' id='word_1_137' title='bbox 975 2790 1009 2857; x_wconf 93' lang='lat' dir='ltr'>in</span> <span class='ocrx_word' id='word_1_138' title='bbox 1025 2791 1140 2858; x_wconf 87' lang='lat' dir='ltr'>eadem</span> <span class='ocrx_word' id='word_1_139' title='bbox 1155 2792 1250 2858; x_wconf 80' lang='lat' dir='ltr'>Tum·</span> 
     </span>
     <span class='ocr_line' id='line_1_20' title="bbox 1 2900 1250 2985; baseline -0.002 -20"><span class='ocrx_word' id='word_1_140' title='bbox 1 2962 2 2965; x_wconf 74' lang='grc'>,</span> <span class='ocrx_word' id='word_1_141' title='bbox 117 2900 161 2965; x_wconf 83' lang='lat' dir='ltr'>ba</span> <span class='ocrx_word' id='word_1_142' title='bbox 177 2905 275 2964; x_wconf 85' lang='lat' dir='ltr'>extra</span> <span class='ocrx_word' id='word_1_143' title='bbox 291 2905 430 2982; x_wconf 85' lang='lat' dir='ltr'>quatuor</span> <span class='ocrx_word' id='word_1_144' title='bbox 440 2901 492 2967; x_wconf 90' lang='lat' dir='ltr'>vel</span> <span class='ocrx_word' id='word_1_145' title='bbox 503 2901 645 2985; x_wconf 89' lang='lat' dir='ltr'>quinque</span> <span class='ocrx_word' id='word_1_146' title='bbox 654 2935 925 2950; x_wconf 79' lang='lat'>-----</span> <span class='ocrx_word' id='word_1_147' title='bbox 937 2905 1107 2982; x_wconf 87' lang='lat' dir='ltr'>quaesunt</span> <span class='ocrx_word' id='word_1_148' title='bbox 1123 2903 1250 2984; x_wconf 86' lang='lat' dir='ltr'>aparte</span> 
     </span>
    </p>
   </div>
   <div class='ocr_carea' id='block_1_13' title="bbox 117 3007 1252 3959">
    <p class='ocr_par' dir='ltr' id='par_1_13' title="bbox 117 3007 1252 3959">
     <span class='ocr_line' id='line_1_21' title="bbox 117 3007 1251 3092; baseline -0.002 -20"><span class='ocrx_word' id='word_1_149' title='bbox 117 3007 233 3073; x_wconf 79' lang='lat' dir='ltr'>Sancti</span> <span class='ocrx_word' id='word_1_150' title='bbox 260 3007 430 3075; x_wconf 88' lang='lat' dir='ltr'>Vincentii.</span> <span class='ocrx_word' id='word_1_151' title='bbox 459 3009 501 3074; x_wconf 89' lang='lat' dir='ltr'>Et</span> <span class='ocrx_word' id='word_1_152' title='bbox 526 3011 610 3076; x_wconf 84' lang='lat' dir='ltr'>hanc</span> <span class='ocrx_word' id='word_1_153' title='bbox 628 3007 881 3076; x_wconf 79' lang='lat' dir='ltr'>dominationem</span> <span class='ocrx_word' id='word_1_154' title='bbox 907 3008 936 3074; x_wconf 89' lang='lat' dir='ltr'>si</span> <span class='ocrx_word' id='word_1_155' title='bbox 957 3007 1078 3092; x_wconf 86' lang='lat' dir='ltr'>aliquis</span> <span class='ocrx_word' id='word_1_156' title='bbox 1102 3025 1251 3092; x_wconf 86' lang='lat' dir='ltr'>rumpere</span> 
     </span>
     <span class='ocr_line' id='line_1_22' title="bbox 117 3113 1249 3202; baseline -0.001 -23"><span class='ocrx_word' id='word_1_157' title='bbox 117 3116 330 3200; x_wconf 87' lang='lat' dir='ltr'>temptaverit</span> <span class='ocrx_word' id='word_1_158' title='bbox 344 3118 398 3183; x_wconf 88' lang='lat' dir='ltr'>vel</span> <span class='ocrx_word' id='word_1_159' title='bbox 413 3117 610 3184; x_wconf 86' lang='lat' dir='ltr'>calumniam</span> <span class='ocrx_word' id='word_1_160' title='bbox 626 3116 749 3200; x_wconf 83' lang='lat' dir='ltr'>iecerit,</span> <span class='ocrx_word' id='word_1_161' title='bbox 765 3123 916 3202; x_wconf 84' lang='lat' dir='ltr'>exparte</span> <span class='ocrx_word' id='word_1_162' title='bbox 932 3116 994 3182; x_wconf 90' lang='lat' dir='ltr'>Dei</span> <span class='ocrx_word' id='word_1_163' title='bbox 1013 3113 1249 3201; x_wconf 88' lang='lat' dir='ltr'>Omnipotcntis</span> 
     </span>
     <span class='ocr_line' id='line_1_23' title="bbox 120 3221 1250 3310; baseline -0.005 -20"><span class='ocrx_word' id='word_1_164' title='bbox 120 3229 153 3290; x_wconf 89' lang='lat' dir='ltr'>et</span> <span class='ocrx_word' id='word_1_165' title='bbox 168 3223 296 3289; x_wconf 86' lang='lat' dir='ltr'>Beatae</span> <span class='ocrx_word' id='word_1_166' title='bbox 310 3223 435 3290; x_wconf 81' lang='lat' dir='ltr'>hieriae</span> <span class='ocrx_word' id='word_1_167' title='bbox 464 3244 593 3310; x_wconf 89' lang='lat' dir='ltr'>semper</span> <span class='ocrx_word' id='word_1_168' title='bbox 612 3223 757 3308; x_wconf 87' lang='lat' dir='ltr'>Virginis</span> <span class='ocrx_word' id='word_1_169' title='bbox 773 3229 806 3288; x_wconf 85' lang='lat' dir='ltr'>et</span> <span class='ocrx_word' id='word_1_170' title='bbox 825 3222 974 3288; x_wconf 89' lang='lat' dir='ltr'>Omnium</span> <span class='ocrx_word' id='word_1_171' title='bbox 991 3221 1182 3288; x_wconf 88' lang='lat' dir='ltr'>Sanctorum</span> <span class='ocrx_word' id='word_1_172' title='bbox 1198 3241 1250 3286; x_wconf 83' lang='lat' dir='ltr'>ex·</span> 
     </span>
     <span class='ocr_line' id='line_1_24' title="bbox 118 3330 1250 3416; baseline -0.001 -21"><span class='ocrx_word' id='word_1_173' title='bbox 118 3332 383 3416; x_wconf 88' lang='lat' dir='ltr'>communicetur,</span> <span class='ocrx_word' id='word_1_174' title='bbox 400 3338 432 3397; x_wconf 88' lang='lat' dir='ltr'>et</span> <span class='ocrx_word' id='word_1_175' title='bbox 447 3351 519 3398; x_wconf 92' lang='lat' dir='ltr'>cum</span> <span class='ocrx_word' id='word_1_176' title='bbox 536 3330 759 3399; x_wconf 88' lang='lat' dir='ltr'>condemnatis</span> <span class='ocrx_word' id='word_1_177' title='bbox 776 3331 1025 3412; x_wconf 73' lang='lat' dir='ltr'>condemnetur,</span> <span class='ocrx_word' id='word_1_178' title='bbox 1053 3334 1085 3394; x_wconf 86' lang='lat' dir='ltr'>et</span> <span class='ocrx_word' id='word_1_179' title='bbox 1100 3347 1141 3393; x_wconf 86' lang='lat' dir='ltr'>ex</span> <span class='ocrx_word' id='word_1_180' title='bbox 1156 3333 1250 3415; x_wconf 88' lang='lat' dir='ltr'>parte</span> 
     </span>
     <span class='ocr_line' id='line_1_25' title="bbox 119 3433 1250 3528; baseline -0.002 -25"><span class='ocrx_word' id='word_1_181' title='bbox 119 3445 235 3505; x_wconf 88' lang='lat' dir='ltr'>nostra</span> <span class='ocrx_word' id='word_1_182' title='bbox 261 3439 410 3522; x_wconf 83' lang='lat' dir='ltr'>quamvis</span> <span class='ocrx_word' id='word_1_183' title='bbox 435 3445 622 3528; x_wconf 83' lang='lat' dir='ltr'>peccatores</span> <span class='ocrx_word' id='word_1_184' title='bbox 638 3475 922 3490; x_wconf 52' lang='lat'>-----</span> <span class='ocrx_word' id='word_1_185' title='bbox 940 3443 973 3502; x_wconf 90' lang='lat' dir='ltr'>et</span> <span class='ocrx_word' id='word_1_186' title='bbox 987 3437 1021 3502; x_wconf 92' lang='lat' dir='ltr'>in</span> <span class='ocrx_word' id='word_1_187' title='bbox 1037 3435 1179 3502; x_wconf 88' lang='lat' dir='ltr'>secundo</span> <span class='ocrx_word' id='word_1_188' title='bbox 1196 3433 1250 3500; x_wconf 87' lang='lat' dir='ltr'>ad-</span> 
     </span>
     <span class='ocr_line' id='line_1_26' title="bbox 118 3543 1252 3634; baseline -0.007 -20"><span class='ocrx_word' id='word_1_189' title='bbox 118 3553 217 3614; x_wconf 83' lang='lat' dir='ltr'>ventu</span> <span class='ocrx_word' id='word_1_190' title='bbox 235 3581 517 3597; x_wconf 83' lang='lat'>-----</span> <span class='ocrx_word' id='word_1_191' title='bbox 533 3553 726 3634; x_wconf 88' lang='lat' dir='ltr'>appareant.</span> <span class='ocrx_word' id='word_1_192' title='bbox 753 3549 794 3612; x_wconf 85' lang='lat' dir='ltr'>Et</span> <span class='ocrx_word' id='word_1_193' title='bbox 813 3546 896 3612; x_wconf 86' lang='lat' dir='ltr'>sicut</span> <span class='ocrx_word' id='word_1_194' title='bbox 914 3543 1105 3629; x_wconf 87' lang='lat' dir='ltr'>luminaria,</span> <span class='ocrx_word' id='word_1_195' title='bbox 1129 3559 1252 3626; x_wconf 78' lang='lat' dir='ltr'>quaec</span> 
     </span>
     <span class='ocr_line' id='line_1_27' title="bbox 118 3649 1250 3739; baseline -0.003 -21"><span class='ocrx_word' id='word_1_196' title='bbox 118 3659 216 3720; x_wconf 84' lang='lat' dir='ltr'>vento</span> <span class='ocrx_word' id='word_1_197' title='bbox 243 3653 492 3739; x_wconf 78' lang='lat' dir='ltr'>extinguuntur,</span> <span class='ocrx_word' id='word_1_198' title='bbox 520 3654 759 3738; x_wconf 79' lang='lat' dir='ltr'>extinguantur.</span> <span class='ocrx_word' id='word_1_199' title='bbox 784 3655 854 3738; x_wconf 80' lang='lat' dir='ltr'>Ego</span> <span class='ocrx_word' id='word_1_200' title='bbox 875 3659 982 3719; x_wconf 89' lang='lat' dir='ltr'>autem</span> <span class='ocrx_word' id='word_1_201' title='bbox 1008 3649 1175 3737; x_wconf 81' lang='lat' dir='ltr'>praefatus</span> <span class='ocrx_word' id='word_1_202' title='bbox 1191 3650 1250 3716; x_wconf 89' lang='lat' dir='ltr'>Ur-</span> 
     </span>
     <span class='ocr_line' id='line_1_28' title="bbox 119 3759 1247 3849; baseline -0.005 -23"><span class='ocrx_word' id='word_1_203' title='bbox 119 3763 230 3829; x_wconf 84' lang='lat' dir='ltr'>sacius</span> <span class='ocrx_word' id='word_1_204' title='bbox 249 3763 430 3849; x_wconf 80' lang='lat' dir='ltr'>Episcopus</span> <span class='ocrx_word' id='word_1_205' title='bbox 455 3783 513 3848; x_wconf 92' lang='lat' dir='ltr'>per</span> <span class='ocrx_word' id='word_1_206' title='bbox 529 3763 727 3830; x_wconf 87' lang='lat' dir='ltr'>voluntatem</span> <span class='ocrx_word' id='word_1_207' title='bbox 743 3763 885 3828; x_wconf 90' lang='lat' dir='ltr'>omnium</span> <span class='ocrx_word' id='word_1_208' title='bbox 912 3759 1069 3828; x_wconf 90' lang='lat' dir='ltr'>nobilium</span> <span class='ocrx_word' id='word_1_209' title='bbox 1085 3765 1117 3826; x_wconf 87' lang='lat' dir='ltr'>et</span> <span class='ocrx_word' id='word_1_210' title='bbox 1142 3764 1247 3824; x_wconf 84' lang='lat' dir='ltr'>aucto</span> 
     </span>
     <span class='ocr_line' id='line_1_29' title="bbox 119 3871 809 3959; baseline 0.003 -25"><span class='ocrx_word' id='word_1_211' title='bbox 119 3871 217 3937; x_wconf 88' lang='lat' dir='ltr'>ritate</span> <span class='ocrx_word' id='word_1_212' title='bbox 238 3873 400 3939; x_wconf 92' lang='lat' dir='ltr'>communi</span> <span class='ocrx_word' id='word_1_213' title='bbox 414 3873 548 3958; x_wconf 91' lang='lat' dir='ltr'>propria</span> <span class='ocrx_word' id='word_1_214' title='bbox 563 3891 661 3938; x_wconf 90' lang='lat' dir='ltr'>manu</span> <span class='ocrx_word' id='word_1_215' title='bbox 680 3872 809 3959; x_wconf 79' lang='lat' dir='ltr'>scripsi.</span> 
     </span>
    </p>
   </div>
   <div class='ocr_carea' id='block_1_14' title="bbox 349 4085 1026 4156">
    <p class='ocr_par' dir='ltr' id='par_1_14' title="bbox 349 4085 1026 4156">
     <span class='ocr_line' id='line_1_30' title="bbox 349 4085 1026 4156; baseline -0.009 -16"><span class='ocrx_word' id='word_1_216' title='bbox 349 4089 472 4155; x_wconf 81' lang='lat' dir='ltr'>(Farlati,</span> <span class='ocrx_word' id='word_1_217' title='bbox 491 4089 630 4156; x_wconf 82' lang='lat' dir='ltr'>illyricum</span> <span class='ocrx_word' id='word_1_218' title='bbox 644 4089 756 4140; x_wconf 88' lang='lat' dir='ltr'>Sacrum</span> <span class='ocrx_word' id='word_1_219' title='bbox 774 4087 821 4139; x_wconf 81' lang='lat' dir='ltr'>Vl.</span> <span class='ocrx_word' id='word_1_220' title='bbox 841 4087 896 4139; x_wconf 80' lang='lat' dir='ltr'>lut.</span> <span class='ocrx_word' id='word_1_221' title='bbox 917 4088 977 4136; x_wconf 78' lang='lat'>43³.</span> <span class='ocrx_word' id='word_1_222' title='bbox 996 4085 1026 4150; x_wconf 91' lang='lat' dir='ltr'>l.)</span> 
     </span>
    </p>
   </div>
   <div class='ocr_carea' id='block_1_15' title="bbox 169 4789 656 4834">
    <p class='ocr_par' dir='ltr' id='par_1_15' title="bbox 169 4789 656 4834">
     <span class='ocr_line' id='line_1_31' title="bbox 169 4789 656 4834; baseline -0.006 -1"><span class='ocrx_word' id='word_1_223' title='bbox 169 4797 271 4834; x_wconf 68' lang='lat' dir='ltr'>notum.</span> <span class='ocrx_word' id='word_1_224' title='bbox 290 4797 371 4833; x_wconf 70' lang='lat' dir='ltr'>EUM.</span> <span class='ocrx_word' id='word_1_225' title='bbox 388 4795 457 4832; x_wconf 69' lang='lat' dir='ltr'>uisu.</span> <span class='ocrx_word' id='word_1_226' title='bbox 478 4805 514 4816; x_wconf 86' lang='lat'>···</span> <span class='ocrx_word' id='word_1_227' title='bbox 534 4794 605 4831; x_wconf 68' lang='lat' dir='ltr'>blei..</span> <span class='ocrx_word' id='word_1_228' title='bbox 623 4789 656 4830; x_wconf 66' lang='grc' dir='ltr'>Β.</span> 
     </span>
    </p>
   </div>
   <div class='ocr_carea' id='block_1_16' title="bbox 0 0 1624 5192">
    <p class='ocr_par' dir='ltr' id='par_1_16' title="bbox 0 0 1624 5192">
     <span class='ocr_line' id='line_1_32' title="bbox 0 0 1624 5192; baseline 0 0"><span class='ocrx_word' id='word_1_229' title='bbox 0 0 1624 5192; x_wconf 95' lang='lat' dir='ltr'> </span> 
     </span>
    </p>
   </div>
  </div>
 </body>
</html>
