3218 5192
616 357 777 463 225-

127 553 216 638 bere,
234 554 388 621 nuncium
398 561 520 622 certum
539 556 601 624 boc
612 557 733 642 agendi
745 577 803 644 per
815 576 866 624 me
877 575 941 623 non
952 554 1255 640 tameninveuiens3

125 663 261 730 tandem
278 663 429 730 dominus
443 669 562 748 noster,
580 671 612 731 et
628 685 734 749 verus,
759 665 814 750 qui
830 665 887 751 pia
902 665 1138 749 gubernatione
1154 685 1260 750 quem·

125 773 211 839 libet
226 771 444 857 amplectitur,
461 771 671 840 fidelissimos
687 775 823 840 nuncios
840 781 965 840 vestros
982 771 1157 859 Magistros
1172 771 1208 840 F.
1228 777 1260 836 et

125 881 178 962 R„
196 879 254 964 qui
271 897 373 964 supra
387 885 476 946 certa
502 879 635 946 servitia
662 885 770 946 vestra
794 887 938 947 tractare
960 887 1155 968 procurant,
1181 879 1260 945 mihi

125 987 232 1052 multa
256 985 401 1052 volventi
427 985 570 1070 dirigere
595 976 790 1068 destinavit,
819 971 955 1068 quorum
982 987 1089 1053 avidis
1107 987 1259 1076 precibus

125 1129 172 1140 -
188 1129 234 1138 -
249 1129 294 1138 -
311 1098 343 1157 et
359 1092 475 1176 quibus
492 1093 648 1176 inclytam
665 1098 808 1158 vestram
818 1093 1018 1158 voluntatem
1034 1091 1258 1176 referentibus,

122 1202 196 1286 jam
212 1201 396 1266 Ecclesiam
413 1207 555 1266 vestram
570 1201 604 1266 in
619 1208 767 1286 matrem,
793 1209 825 1267 et
842 1201 1007 1267 dominam
1025 1219 1259 1285 recognoscere

125 1309 315 1393 destinavi,
333 1315 365 1374 et
379 1308 411 1374 ei
425 1308 570 1375 debitum
586 1309 753 1393 honorem,
774 1315 806 1374 et
822 1309 1056 1394 reverentiam,
1082 1329 1141 1375 ceu
1158 1308 1258 1376 domi-

123 1437 189 1482 nae
206 1417 346 1502 speciali
365 1415 532 1484 exhibere.
558 1419 609 1482 Ita
625 1423 735 1483 tamen
746 1468 756 1501 ,
783 1416 870 1500 quod
885 1417 963 1482 mibi
989 1417 1032 1482 ad
1056 1417 1191 1501 pallium
1214 1416 1258 1482 ad

123 1532 271 1592 vestrum
288 1525 456 1589 servitium
472 1544 493 1588 a
509 1523 609 1590 Curia
625 1527 775 1590 Romana
790 1523 1024 1606 inquirendum,
1041 1529 1207 1606 tamquam
1223 1521 1257 1588 in

121 1633 257 1718 negotio
273 1633 407 1716 proprio
423 1631 582 1698 curiosius
599 1631 748 1698 existatis
762 1654 769 1714 ς
796 1638 827 1697 et
843 1631 929 1715 quod
951 1630 1141 1714 eonsilium,
1168 1630 1257 1695 auxi-

121 1743 216 1825 lium,
234 1745 267 1804 et
282 1739 444 1804 actorium
460 1737 536 1804 huic
551 1739 721 1804 Ecclesiae
736 1739 957 1821 Antibarensi,
978 1757 1050 1802 cum
1066 1737 1256 1803 successori·

122 1851 186 1916 bus
204 1847 306 1930 meis,
332 1851 489 1932 perpetuo
505 1867 574 1930 vos,
599 1851 631 1910 et
645 1847 747 1912 vestri
764 1864 969 1912 successores
985 1843 1199 1930 impendatis;
1225 1851 1256 1909 et

123 1956 217 2040 qnod
233 1954 383 2019 dominus
400 1954 492 2038 Papa
517 1953 579 2019 boc
595 1953 674 2017 velit
684 2003 692 2036 ‚
719 1953 812 2020 vobis
828 1954 1003 2019 incumbat.
1023 1953 1074 2016 lle
1090 1955 1197 2016 autem
1214 1949 1256 2016 ei·

124 2063 202 2129 dem
220 2063 283 2128 boc
308 2060 439 2127 domino
465 2063 579 2145 l'apae
595 2065 821 2127 attestaturum
840 2057 1057 2146 personaliter
1082 2059 1136 2124 vel
1161 2057 1256 2124 inter·

122 2171 243 2238 nuncio
260 2167 391 2237 omnino
407 2168 477 2236 sore
496 2169 616 2236 sciatis.

365 2365 490 2432 (Parlati,
503 2367 643 2434 Illyricum
658 2371 779 2433 Sacrum,
793 2371 844 2422 llI.
856 2371 912 2422 lrbt.
927 2372 979 2421 200
993 2368 1022 2433 l.)

555 2653 815 2662 a———--—--————

658 3098 714 3166 86.

123 3287 188 3354 HI.
205 3285 337 3354 Sandan
356 3287 448 3370 pc'pc
463 3281 701 3370 opilatkozuta,
725 3281 805 3366 impp
821 3302 842 3342 a
850 3279 970 3366 jo'drai
993 3277 1081 3342 c'rsdr
1099 3299 1120 3340 a
1135 3275 1253 3363 pratici

253 3392 447 3480 patriarcba
460 3391 598 3477 prinrdsi
607 3385 782 3475 fhabbsepe
797 3387 879 3451 atae
895 3387 1006 3474 dlljom
1025 3386 1121 3450 1179.

233 3569 424 3638 Alexander
448 3570 632 3657 Episcopus
658 3587 771 3634 servus
797 3585 964 3632 servorum
988 3565 1050 3632 Dei
1073 3563 1252 3630 venerabili

120 3681 220 3747 fratri
235 3677 436 3765 'P(bcbaldo)
453 3677 625 3744 ladertino
641 3674 895 3758 Archiepiscopo
912 3673 1050 3738 salutem
1066 3677 1099 3738 et
1114 3669 1252 3756 Aposto-

120 3789 223 3856 liaam
240 3787 509 3855 benedictionem.
526 3786 575 3851 Ex
590 3783 804 3850 fraternitatis
820 3789 895 3847 tuae
913 3781 1030 3846 litteris
1045 3785 1079 3846 ct
1093 3780 1252 3848 relatione

120 3898 265 3981 illorum,
282 3897 338 3980 qui
348 3895 476 3962 litteras
486 3899 704 3981 portaverunt,
715 3900 747 3958 te
758 3890 846 3979 apud
856 3891 993 3957 Fossam
1003 3889 1131 3957 Novam
1142 3888 1250 3955 dolen-

122 4014 174 4075 ter
191 4003 378 4072 audivimus
402 4003 569 4069 infirmari.
596 3999 839 4087 Oompatientss
856 4003 964 4072 autem
988 3995 1167 4063 infirmitati
1182 4015 1252 4061 oru-

123 4133 207 4198 mnr,
224 4117 260 4177 ut
275 4111 389 4179 sortior
404 4131 463 4197 per
478 4111 618 4193 gratiam
635 4107 873 4194 Omnipotentis
887 4123 1051 4196 resurgas,
1068 4107 1100 4169 et
1115 4101 1248 4186 Aposto-

122 4221 191 4286 lum
210 4218 356 4284 imitatus
373 4217 523 4301 glorieris
539 4218 573 4282 in
589 4215 829 4282 infirmitatibus
845 4215 920 4295 tuis,
946 4219 981 4278 ut
995 4209 1155 4276 inhabitet
1170 4207 1204 4271 in
1220 4211 1252 4272 te

121 4329 226 4394 virtus
242 4321 374 4392 Christi.
400 4325 450 4390 Ex
466 4327 611 4413 ipsarum
627 4343 754 4408 quoque
773 4325 955 4390 litteramm
969 4325 1082 4385 tenore
1098 4313 1193 4406 uobis
1208 4314 1252 4378 in·

122 4437 239 4520 notuit,
257 4431 345 4518 quod
365 4433 470 4500 clerus
487 4439 520 4500 et
535 4433 675 4519 populus
686 4430 827 4498 civitatis
842 4435 929 4512 tuae,
945 4426 1022 4492 licet
1036 4430 1069 4489 te
1077 4419 1252 4490 honorifice

123 4549 314 4628 susceptum
330 4541 446 4610 devote
464 4561 503 4608 ac
518 4547 702 4608 reverenter
719 4538 940 4621 audivissent,
965 4539 1080 4620 postea
1095 4531 1195 4598 verbo
1211 4529 1253 4596 de

125 4649 347 4744 promittenda
362 4650 544 4720 venarabili
554 4649 647 4718 fratri
661 4654 771 4716 nostro
782 4644 944 4715 Gradensi
960 4641 1170 4711 Patriarchae
1180 4637 1253 4708 obe-
