3164 5192
845 309 1001 409 ,ΒΗ

361 505 450 574 disse
468 530 475 570 :
504 506 598 591 „Non
614 505 687 572 dico
703 505 882 590 tibiasque
898 505 1039 592 septies,
1065 504 1124 572 sed
1139 523 1241 589 usque
1256 503 1487 590 septuagesies

362 609 502 701 septies“
521 613 650 701 (Matth.
662 611 801 698 XVIII.)
823 615 921 696 Sane,
938 633 1012 680 earn
1027 633 1123 680 omne
1135 621 1265 698 tempus
1281 617 1408 698 septem
1424 612 1488 677 dic-

364 742 435 788 rum
450 741 583 790 numero
594 719 818 803 concludatur,
833 719 1070 807 multiplicatus
1080 721 1114 786 iu
1129 721 1273 806 seipsum
1283 719 1490 804 septenarius

363 831 397 897 iu
413 832 475 898 hoc
499 831 571 898 loco
588 835 681 896 notat
704 827 861 896 universa
876 835 1014 915 peccata
1038 829 1281 910 universorum,
1307 847 1381 893 cum
1400 825 1490 893 solus

364 938 480 1005 Petrus
496 957 560 1005 nou
578 937 683 1004 solum
699 935 820 1020 omnia,
844 936 904 1002 sed
919 944 952 1003 et
967 937 1108 1003 omnium
1124 936 1230 1022 possit
1255 935 1397 1000 crimina
1411 934 1494 998 rela-

364 1066 454 1112 xare.
480 1045 549 1131 Ipsi
565 1045 662 1130 euim,
680 1051 712 1111 et
727 1064 793 1112 uon
809 1043 878 1128 alii,
895 1043 1017 1110 dictum
1032 1064 1054 1110 a
1068 1045 1209 1112 Domino
1224 1042 1405 1127 reperitur:
1425 1042 1495 1125 ,Tu

366 1174 417 1222 ure
432 1154 589 1238 sequere“
608 1151 877 1239 (Mach.v111.);
902 1151 1014 1235 idest,
1039 1152 1072 1218 in
1090 1152 1160 1218 veri
1175 1151 1319 1237 pastoris
1338 1147 1449 1216 officio
1463 1152 1496 1212 et

232 1353 239 1360 .
366 1263 539 1348 potestatis
551 1261 795 1328 ecclesiasticae
810 1258 1014 1346 plenitudine
1028 1258 1176 1344 imitare,
1197 1258 1359 1343 quiaenm
1377 1257 1412 1322 in
1429 1252 1499 1320 oid·

367 1371 417 1436 cio
434 1366 598 1434 Vicariuur
614 1368 678 1434 sibi
694 1365 863 1434 substituit
877 1366 1036 1434 Dominus
1054 1371 1086 1432 et
1100 1364 1134 1430 iu
1155 1364 1345 1449 magIsterio
1370 1381 1498 1428 succes

368 1497 494 1560 sorem,
521 1476 568 1542 sic
584 1475 838 1558 haereditatem,
863 1475 896 1540 in
912 1474 1004 1558 cujus
1020 1473 1200 1558 praeclarIs
1219 1471 1313 1540 funes
1329 1471 1403 1554 ejus
1418 1468 1500 1536 ceci·

370 1582 495 1666 derant,
511 1581 713 1648 transferens
729 1582 763 1648 in
779 1580 939 1664 eumdem,
959 1588 995 1648 ut
1011 1579 1087 1646 aliis
1103 1579 1207 1665 possit
1223 1599 1281 1664 per
1298 1597 1373 1644 eum
1389 1585 1423 1643 et
1439 1577 1501 1642 snb

370 1711 410 1758 eo
426 1689 661 1776 quaaipartem
677 1688 786 1754 lacere
802 1687 844 1754 de
852 1687 1056 1754 haereditate
1064 1687 1186 1772 legata.
1206 1685 1287 1752 Cum
1296 1684 1407 1769 igitur,
1425 1683 1503 1749 lieet

369 1797 531 1882 immeriti,
548 1798 620 1882 ejas
632 1796 720 1864 vices
736 1815 890 1882 geramus
905 1796 940 1861 iu
956 1793 1062 1878 terris,
1073 1795 1128 1878 qui
1144 1792 1326 1862 domiuatur
1341 1791 1376 1858 iu
1386 1792 1502 1875 Regno

371 1904 556 1989 bominum,
583 1910 616 1970 et
630 1903 684 1970 cui
701 1902 840 1970 voluerit
856 1901 948 1968 dabit
964 1900 1056 1985 illud,
1077 1907 1188 1985 utpote
1204 1918 1372 1985 perquem
1389 1899 1502 1981 Reges

371 2017 521 2097 regnant,
539 2015 571 2076 et
586 2009 754 2096 Principes
771 2009 989 2093 dominantur,
1007 2028 1080 2074 cum
1095 2007 1190 2074 Petro
1206 2012 1239 2072 ct
1253 2005 1501 2072 successoribus

372 2119 451 2202 suis,
478 2123 510 2184 et
526 2117 619 2184 nobis
635 2117 669 2182 iu
685 2136 734 2200 eo,
762 2115 947 2183 noverimus
963 2135 1038 2183 esse
1057 2115 1199 2182 dictum:
1218 2115 1310 2200 „Ego
1326 2133 1387 2198 pro
1402 2117 1436 2176 te
1454 2133 1503 2178 ro·

373 2227 461 2310 gavi,
478 2227 583 2308 Patre,
601 2231 636 2290 ut
652 2246 716 2292 non
733 2223 864 2290 deficiat
879 2225 960 2291 fides
974 2231 1033 2289 tua
1042 2275 1051 2308 ,
1077 2233 1110 2290 ct
1123 2229 1158 2288 tu
1175 2219 1349 2304 aliquando
1368 2237 1504 2284 eonver-

373 2354 429 2401 sus
447 2333 601 2400 confirma
626 2332 745 2398 iratres
772 2330 865 2398 ιιιοιιι
883 2331 975 2418 (Luc.
991 2329 1135 2418 XXII.);
1161 2349 1233 2396 cum
1257 2347 1299 2394 er
1323 2333 1504 2414 praecepto

374 2441 505 2508 Domini
521 2460 598 2507 oves
614 2443 685 2524 ejus
711 2459 849 2526 pascere
864 2445 1053 2524 teneamur,
1080 2437 1211 2525 populis
1230 2437 1447 2522 Bulgarorrrm
1472 2441 1505 2500 et

374 2551 565 2632 Blacorurrr,
592 2549 648 2632 qui
665 2549 765 2614 multo
785 2549 857 2632 Jam
874 2553 1021 2632 tempore
1038 2547 1079 2612 ab
1105 2547 1259 2612 uberibus
1283 2543 1398 2610 matris
1423 2561 1505 2608 snae

376 2659 510 2725 alicnati
528 2657 666 2743 suerunt,
683 2658 717 2724 in
733 2657 959 2742 spiritualibus
975 2665 1009 2724 et
1023 2656 1259 2742 temporalibus
1275 2663 1417 2740 paterna
1441 2652 1506 2718 sol-

375 2765 543 2833 licitudine
552 2765 726 2852 providere
737 2766 895 2849 volentes,
913 2766 984 2850 ejus
995 2763 1189 2832 auctoritate
1198 2763 1322 2846 confici,
1339 2780 1505 2848 perquem

376 2875 509 2942 Samuel
518 2873 629 2946 David
644 2873 677 2940 in
687 2875 810 2958 Regem
821 2873 957 2956 inunxit,
974 2872 1201 2940 charissimum
1217 2868 1393 2937 inebriato
1404 2869 1506 2935 tilium

375 2990 532 3070 nostrum,
549 2981 816 3068 Oalojobannem,
833 2982 990 3048 hactenus
1006 2980 1152 3066 ipsorum
1168 2979 1364 3062 Dominum,
1381 2979 1506 3058 Regem

377 3093 551 3158 statuimus
567 3110 666 3177 super
678 3108 745 3174 eos,
762 3108 821 3176 per
834 3088 986 3156 dilectum
1002 3087 1102 3154 fllium
1112 3089 1254 3155 Leonem
1269 3085 1357 3150 tituli
1365 3085 1507 3151 Sanctae

378 3197 490 3266 Crucis
506 3197 735 3283 Presbyterum
751 3194 972 3280 cardinalem,
989 3195 1201 3281 apostolicae
1219 3192 1314 3260 Sedis
1334 3193 1506 3276 legatum,

378 3307 483 3374 virum
498 3304 670 3393 providum
687 3309 719 3371 ct
735 3305 916 3389 honestum,
941 3303 1035 3371 nobis
1051 3304 1135 3369 inter
1150 3308 1298 3368 caeteros
1317 3298 1440 3365 fratres
1455 3319 1507 3364 uo-

379 3422 464 3482 stres
480 3420 659 3500 acceptum,
678 3417 841 3498 sceptrum
857 3411 964 3497 Regni
979 3431 1019 3477 ac
1034 3407 1173 3495 Regium
1183 3408 1247 3476 sibi
1264 3407 1425 3474 mittimus
1441 3405 1507 3470 dia·

359 3519 361 3521 ’
380 3522 486 3605 dema,
503 3521 574 3606 ejus
584 3521 679 3605 quasi
689 3519 810 3586 nostris
821 3519 884 3584 sibi
896 3519 1046 3584 manibus
1060 3515 1300 3603 imponendum,
1317 3513 1506 3600 recipiendo

381 3629 423 3694 ab
433 3647 471 3694 eo
477 3627 672 3710 juratoriam
683 3626 876 3711 cautionem,
889 3625 974 3711 quod
984 3625 1079 3692 nobis
1092 3633 1125 3691 et
1135 3621 1378 3691 successoribus
1388 3621 1509 3690 nostris

381 3741 414 3800 et
422 3734 591 3801 Ecclesiae
602 3736 768 3801 Romanae
784 3734 919 3800 devotus
935 3739 968 3798 et
982 3732 1139 3798 obediens
1154 3729 1370 3817 permanebit,
1387 3739 1423 3796 et
1439 3750 1509 3796 cun-

382 3847 451 3908 ctas
475 3847 580 3908 terras
599 3848 631 3908 et
647 3851 762 3928 gentes
780 3861 839 3908 suo
857 3841 1021 3924 subjectas
1045 3839 1186 3925 Imperio
1203 3838 1237 3904 iu
1262 3835 1455 3904 obedientia
1478 3842 1508 3902 et

382 3950 554 4018 devotione
569 3949 665 4018 Sedis
675 3948 886 4035 Apostolicae
901 3946 1119 4014 conservabit.
1136 3947 1184 4011 Te
1199 3963 1327 4028 quoque
1343 3943 1379 4008 in
1394 3944 1510 4027 Regno

382 4060 597 4145 Bulgarorum
614 4064 646 4123 et
656 4057 828 4123 Blacorum
838 4056 1012 4123 Primatem
1023 4055 1207 4138 statuimus,
1220 4058 1253 4118 et
1262 4051 1435 4119 Ecclesiae
1444 4053 1511 4118 'I'ri-

383 4168 559 4235 uovitanae
569 4164 734 4252 praesenti
750 4163 1159 4250 privilegioauctoritatem
1170 4160 1378 4229 concedimus
1388 4161 1512 4228 Prima-

382 4275 459 4359 tiac,
475 4279 668 4354 statuentes,
685 4278 720 4338 ut
734 4279 779 4356 tu,
797 4280 830 4340 et
845 4288 1050 4339 successores
1066 4270 1124 4356 tui,
1148 4270 1204 4354 qui
1219 4269 1280 4335 tibi
1295 4268 1330 4334 in
1345 4269 1511 4353 Apostoli·

383 4400 441 4448 cae
456 4381 549 4449 Sedis
566 4379 740 4448 devotione
752 4379 980 4464 successerint,
998 4387 1146 4445 caeteros
1156 4375 1431 4463 Metropolitanos
1441 4377 1511 4442 Bul-

384 4489 497 4574 gariae
513 4494 546 4554 et
560 4487 694 4555 Blaciae
709 4488 917 4575 praecellatis
932 4487 1059 4555 ratione
1078 4485 1254 4568 Primatus,
1274 4489 1307 4548 et
1322 4483 1389 4567 ipsi
1403 4481 1466 4547 tibi
1481 4489 1511 4548 et

383 4599 431 4664 eis
444 4599 540 4682 justa
555 4597 692 4664 formam
709 4597 899 4666 canonicam
915 4591 1134 4662 reverentiam
1144 4591 1283 4658 Primati
1298 4589 1444 4655 debitam
1460 4609 1511 4654 cr·
