3218 5192
834 339 992 448 A„

351 557 425 608 ncm
442 547 625 610 sanctorum
641 546 770 628 patrum
786 537 931 628 recipere
947 539 990 608 ad
1005 542 1231 611 monachicum
1248 541 1394 612 habitum
1410 561 1479 612 sus

352 648 548 736 cipiendum,
566 651 690 734 absque
699 651 915 734 quorumlibet
922 650 1158 739 Episcoporum
1168 651 1402 718 interdictione.
1414 652 1479 720 llo

350 760 473 828 naobcs
498 757 596 824 etiam
613 763 645 824 et
670 758 934 826 sanctimoniales
959 759 1064 826 eidem
1089 759 1285 827 monasterio
1312 759 1478 825 subiectas

351 868 422 935 sine
437 868 656 951 cuiuscunque
666 867 883 954 prohibitione
896 867 943 934 eis
954 869 1052 934 liceat
1068 869 1221 936 iudicare.
1244 869 1392 935 Obeuute
1402 887 1478 934 vero

350 983 393 1062 te,
409 999 494 1045 nunc
504 979 566 1047 loci
577 979 681 1064 ipsius
691 977 829 1062 Abbate,
841 978 892 1043 vel
904 997 1093 1062 quocunque
1104 997 1327 1046 successorum
1338 983 1478 1061 tuorum,

352 1087 460 1154 nullus
485 1087 531 1154 ibi
556 1088 698 1170 eligatur
714 1085 871 1152 uiolentia
894 1085 946 1152 uel
964 1087 1076 1170 aliqua
1101 1087 1320 1174 subreptionis
1346 1087 1479 1170 astutia,

352 1195 412 1261 sed
427 1215 521 1278 quem
531 1194 648 1260 iratres
660 1193 821 1260 communi
833 1213 993 1261 consensu
1003 1194 1169 1279 elegerint,
1186 1195 1238 1261 uel
1255 1215 1332 1281 pars
1343 1193 1479 1260 fratrum

351 1301 492 1370 sanioris
518 1299 656 1370 consilii.
682 1301 878 1385 Statuimns,
905 1307 940 1367 ut
964 1301 1078 1368 Abbas
1102 1308 1134 1368 et
1159 1302 1307 1368 monachi
1333 1301 1479 1368 ciusdem

352 1410 552 1494 monasterii,
570 1410 625 1494 qui
641 1415 716 1476 sunt
732 1409 775 1475 ad
791 1429 903 1477 sacros
919 1411 1048 1478 ordines
1065 1411 1288 1498 promouendi,
1313 1428 1477 1478 consecra·

349 1517 455 1584 tiones
481 1536 608 1600 quoque
623 1517 843 1582 Ecclesiarum
868 1537 926 1584 seu
950 1519 1121 1603 altarium,
1148 1518 1291 1584 chrisma
1314 1525 1346 1583 et
1371 1518 1478 1584 oleum

352 1631 500 1692 sanctum
527 1627 568 1691 ab
584 1626 776 1712 Episcopis,
803 1627 997 1709 inquorum
1024 1629 1156 1696 Diocesi
1182 1633 1275 1711 sunt,
1301 1632 1424 1714 petant,
1450 1627 1480 1695 si

352 1735 494 1820 gratiam
504 1733 692 1820 Apostolice
702 1733 796 1800 Sedis
811 1733 993 1820 habuerint,
1014 1741 1046 1802 ct
1055 1735 1159 1820 gratis
1176 1757 1215 1802 ac
1231 1736 1300 1802 sine
1315 1736 1480 1822 prauitatc

352 1845 465 1927 aliqua
481 1844 559 1910 dare
575 1843 755 1928 noluerint,
782 1845 833 1910 sin
850 1845 953 1929 alias,
981 1846 1024 1911 ad
1040 1865 1136 1929 quem
1151 1846 1324 1912 maluerint
1340 1844 1480 1912 Catholi-

351 1971 424 2018 cum
440 1952 573 2020 cadant.
600 1952 770 2020 Babtisma
785 1973 913 2038 quoque
927 1972 985 2038 per
1001 1953 1167 2020 Ecclesiae
1191 1955 1267 2020 illas
1283 1953 1352 2020 lieri
1369 1971 1481 2021 conce·

352 2060 471 2144 dimus,
487 2063 521 2128 in
538 2061 656 2145 quibus
667 2081 707 2126 cx
723 2081 812 2128 more
828 2061 916 2129 soliti
927 2061 1128 2132 suntiacere.
1146 2061 1360 2129 Decemimus
1370 2060 1479 2143 ctiam,

352 2173 386 2233 ut
400 2167 482 2233 nulli
496 2168 734 2254 Episcoporum
759 2167 857 2233 liceat
871 2168 905 2234 in
925 2169 992 2234 iam
1017 2169 1103 2236 dieto
1129 2169 1327 2236 monasterio
1351 2168 1481 2236 ordina

350 2275 455 2342 tiones
470 2275 598 2358 lacere,
625 2295 682 2341 seu
698 2277 848 2362 puplicas
871 2276 990 2342 missas
1008 2276 1189 2362 celebrare,
1213 2277 1276 2343 nisi
1292 2277 1334 2342 ab
1350 2275 1482 2342 Abbate

350 2384 508 2449 inuitatus
524 2367 638 2467 fuerit;
665 2383 718 2448 ucl
734 2384 767 2449 in
783 2383 939 2450 Ecclesiis
965 2384 1070 2450 eidem
1090 2385 1286 2452 monasterio
1312 2382 1480 2462 subiectis,

352 2489 555 2557 sacerdotem
571 2493 868 2575 excommunicare,
894 2493 947 2558 uel
964 2491 1007 2558 ad
1024 2491 1184 2577 synodum
1198 2510 1327 2575 uocare,
1345 2495 1402 2556 aut
1416 2489 1482 2556 Ab·

352 2599 446 2664 batos
463 2605 494 2663 et
510 2599 695 2665 monachos.
722 2600 855 2666 Decime
870 2620 967 2684 uero,
995 2619 1077 2684 quas
1092 2600 1147 2684 pie
1161 2597 1395 2667 recordationis
1411 2597 1482 2663 Ste-

351 2705 447 2772 ianus
463 2707 533 2771 Rex
560 2707 601 2770 ab
617 2705 766 2771 Ecclesia
782 2705 893 2774 Sancti
910 2708 1079 2773 Michaelis
1104 2707 1199 2791 emit,
1226 2713 1257 2773 et
1272 2707 1337 2772 alic
1352 2724 1483 2773 conces-

353 2815 471 2896 siones,
489 2833 570 2897 quas
581 2835 639 2899 pro
651 2814 786 2880 tuitione
797 2815 913 2901 patrie,
931 2837 990 2902 pro
1001 2823 1089 2882 statu
1104 2816 1219 2899 Regni,
1236 2837 1294 2900 pro
1306 2818 1482 2898 augmento

351 2921 427 2987 fidei
443 2921 544 2989 Beato
561 2922 700 2988 Martino
716 2925 886 3006 concessit,
903 2923 993 2989 firme
1009 2929 1040 2990 ct
1056 2923 1182 2990 illibate
1206 2927 1427 3007 permaneant.
1444 2920 1483 2986 Si

353 3029 424 3113 quis
442 3035 550 3094 autem
566 3029 673 3094 sciens
700 3034 811 3095 contra
827 3028 921 3096 huius
938 3029 1041 3096 nostri
1058 3029 1179 3095 decreti
1205 3031 1362 3115 paginam
1383 3047 1484 3112 agere

350 3135 576 3222 temptaverit,
603 3136 745 3203 secundo
762 3137 813 3202 vel
837 3137 932 3204 tertio
959 3136 1153 3221 admonitus,
1177 3137 1242 3202 nisi
1260 3133 1442 3219 resipuerit,
1460 3154 1483 3199 a

351 3244 580 3311 Sacratissimo
597 3241 741 3328 Corpore
758 3253 790 3310 et
805 3243 971 3326 Sanguine
988 3244 1120 3311 Domini
1144 3243 1248 3310 nostri
1263 3242 1343 3308 Jesu
1359 3239 1484 3308 Christi

352 3353 478 3420 alienus
493 3354 559 3420 liat.
577 3356 609 3420 Is
626 3359 744 3437 autem,
762 3353 817 3436 qui
833 3353 1023 3419 obseruator
1039 3352 1191 3436 extiterit,
1216 3358 1248 3417 et
1263 3351 1315 3417 bic
1331 3349 1483 3417 benedic-

352 3463 473 3530 tionem
489 3461 660 3549 percipiat,
679 3469 711 3528 et
723 3463 757 3528 in
773 3461 878 3528 futuro
889 3481 948 3547 per
963 3461 1228 3528 intercessionem
1238 3459 1333 3526 Beati
1348 3459 1484 3524 Martini

352 3569 394 3635 ad
411 3569 535 3652 gaudia
550 3575 663 3635 eterna
677 3570 849 3655 peruenire
865 3587 1039 3634 merearur.

460 3676 510 3760 (P·
527 3675 584 3764 Hl
1131 3674 1251 3761 (Pausi
1264 3673 1372 3762 jasa)

564 3783 698 3869 †Ego
721 3783 965 3850 Paschalis
999 3782 1236 3850 Catholice
1269 3782 1484 3856 Ecclesia

871 3893 1127 3978 Episcopus
1150 3911 1195 3956 ss.

567 4000 588 4076 †
611 4001 681 4084 Ego
697 4001 894 4068 Anastasius
911 3999 1097 4066 Cardinalis
1116 3998 1227 4066 Sancti
1243 3998 1420 4064 Clementis
1437 4017 1482 4064 ss.

565 4109 586 4187 †
610 4111 681 4195 Ego
696 4111 811 4176 Petrus
827 4110 1014 4177 Portucnsis
1031 4108 1212 4194 Episcopus
1238 4127 1282 4172 ss.

566 4218 587 4295 †
610 4219 681 4300 Ego
697 4218 878 4286 Richardus
894 4217 1041 4284 Albanus
1058 4217 1241 4302 Episcopus
1257 4235 1302 4282 ss.

568 4327 589 4404 †
612 4327 683 4412 Ego
698 4326 901 4410 Augustinus
918 4325 1103 4393 Cardinalis
1119 4326 1152 4390 in
1178 4324 1273 4392 titulo
1290 4325 1485 4390 Sanctorum

836 4436 902 4500 llll
917 4439 1144 4501 coronatorum
1167 4453 1211 4498 ss.
1259 4506 1263 4514 .

462 4545 585 4612 Datum
601 4543 777 4611 Beneuemi
793 4562 852 4630 per
868 4563 984 4610 manus
995 4543 1157 4627 Gutalterij
1173 4539 1312 4606 Diaconi
1328 4535 1486 4604 Cardine-

354 4651 396 4721 lis
412 4671 496 4724 anno
512 4650 683 4721 Domiuice
707 4649 945 4721 lucamationis
959 4649 1091 4734 Mum,
1120 4655 1152 4716 et
1168 4654 1284 4736 quarto
1300 4665 1386 4714 anno
1403 4645 1486 4714 Pon·
