<?xml version="1.0" encoding="UTF-8"?>
<!DOCTYPE html PUBLIC "-//W3C//DTD XHTML 1.0 Transitional//EN"
    "http://www.w3.org/TR/xhtml1/DTD/xhtml1-transitional.dtd">
<html xmlns="http://www.w3.org/1999/xhtml" xml:lang="en" lang="en">
 <head>
  <title>
</title>
<meta http-equiv="Content-Type" content="text/html;charset=utf-8" />
  <meta name='ocr-system' content='tesseract 3.04.00' />
  <meta name='ocr-capabilities' content='ocr_page ocr_carea ocr_par ocr_line ocrx_word'/>
</head>
<body>
  <div class='ocr_page' id='page_1' title='image "./codexdiplomatic05wenzgoog_0583.png"; bbox 0 0 3238 5184; ppageno 0'>
   <div class='ocr_carea' id='block_1_1' title="bbox 609 289 764 418">
    <p class='ocr_par' dir='ltr' id='par_1_1' title="bbox 609 289 764 418">
     <span class='ocr_line' id='line_1_1' title="bbox 609 289 764 418; baseline 0 -40"><span class='ocrx_word' id='word_1_1' title='bbox 609 289 764 418; x_wconf 47' lang='lat' dir='ltr'><strong>gn-</strong></span> 
     </span>
    </p>
   </div>
   <div class='ocr_carea' id='block_1_2' title="bbox 121 503 1265 4638">
    <p class='ocr_par' dir='ltr' id='par_1_2' title="bbox 121 503 1265 4638">
     <span class='ocr_line' id='line_1_2' title="bbox 121 503 1251 595; baseline 0.009 -27"><span class='ocrx_word' id='word_1_2' title='bbox 121 503 222 572; x_wconf 85' lang='lat' dir='ltr'><strong>Vrias</strong></span> <span class='ocrx_word' id='word_1_3' title='bbox 245 505 412 591; x_wconf 77' lang='lat' dir='ltr'><strong>compellit</strong></span> <span class='ocrx_word' id='word_1_4' title='bbox 436 525 492 576; x_wconf 89' lang='lat' dir='ltr'><strong>eos</strong></span> <span class='ocrx_word' id='word_1_5' title='bbox 507 505 616 574; x_wconf 86' lang='lat' dir='ltr'><strong>lacere</strong></span> <span class='ocrx_word' id='word_1_6' title='bbox 634 508 832 593; x_wconf 83' lang='lat' dir='ltr'><strong>legaciones,</strong></span> <span class='ocrx_word' id='word_1_7' title='bbox 858 526 980 594; x_wconf 89' lang='lat' dir='ltr'><strong>parare</strong></span> <span class='ocrx_word' id='word_1_8' title='bbox 1005 507 1156 590; x_wconf 79' lang='lat' dir='ltr'><strong>tonellos,</strong></span> <span class='ocrx_word' id='word_1_9' title='bbox 1180 528 1251 595; x_wconf 86' lang='lat' dir='ltr'><strong>por·</strong></span> 
     </span>
     <span class='ocr_line' id='line_1_3' title="bbox 121 611 1250 702; baseline 0.006 -27"><span class='ocrx_word' id='word_1_10' title='bbox 121 615 196 676; x_wconf 86' lang='lat' dir='ltr'><strong>tare</strong></span> <span class='ocrx_word' id='word_1_11' title='bbox 211 611 360 695; x_wconf 88' lang='lat' dir='ltr'><strong>plaustra</strong></span> <span class='ocrx_word' id='word_1_12' title='bbox 375 611 539 698; x_wconf 88' lang='lat' dir='ltr'><strong>indebito;</strong></span> <span class='ocrx_word' id='word_1_13' title='bbox 556 614 690 702; x_wconf 78' lang='lat' dir='ltr'>insuper</span> <span class='ocrx_word' id='word_1_14' title='bbox 705 614 871 701; x_wconf 76' lang='lat' dir='ltr'><strong>compellit</strong></span> <span class='ocrx_word' id='word_1_15' title='bbox 889 633 947 683; x_wconf 91' lang='lat' dir='ltr'><strong>eos</strong></span> <span class='ocrx_word' id='word_1_16' title='bbox 962 613 1107 680; x_wconf 86' lang='lat' dir='ltr'><strong>indebite</strong></span> <span class='ocrx_word' id='word_1_17' title='bbox 1119 614 1250 684; x_wconf 87' lang='lat' dir='ltr'><strong>soluere</strong></span> 
     </span>
     <span class='ocr_line' id='line_1_4' title="bbox 124 713 1251 807; baseline 0.006 -28"><span class='ocrx_word' id='word_1_18' title='bbox 124 713 272 786; x_wconf 87' lang='lat' dir='ltr'><strong>decimas</strong></span> <span class='ocrx_word' id='word_1_19' title='bbox 294 736 463 804; x_wconf 86' lang='lat' dir='ltr'><strong>agnorum,</strong></span> <span class='ocrx_word' id='word_1_20' title='bbox 490 718 630 788; x_wconf 72' lang='lat' dir='ltr'><strong>osonum</strong></span> <span class='ocrx_word' id='word_1_21' title='bbox 646 726 680 787; x_wconf 89' lang='lat' dir='ltr'><strong>et</strong></span> <span class='ocrx_word' id='word_1_22' title='bbox 705 739 814 807; x_wconf 87' lang='lat' dir='ltr'><strong>apum.</strong></span> <span class='ocrx_word' id='word_1_23' title='bbox 838 718 860 787; x_wconf 89' lang='lat' dir='ltr'>J</span> <span class='ocrx_word' id='word_1_24' title='bbox 869 719 1124 804; x_wconf 89' lang='lat' dir='ltr'><strong>obagiones</strong></span> <span class='ocrx_word' id='word_1_25' title='bbox 1144 739 1251 787; x_wconf 89' lang='lat' dir='ltr'><strong>nem·</strong></span> 
     </span>
     <span class='ocr_line' id='line_1_5' title="bbox 124 819 1251 913; baseline 0.007 -28"><span class='ocrx_word' id='word_1_26' title='bbox 124 839 176 904; x_wconf 93' lang='lat' dir='ltr'><strong>pe</strong></span> <span class='ocrx_word' id='word_1_27' title='bbox 200 819 250 888; x_wconf 89' lang='lat' dir='ltr'><strong>dc</strong></span> <span class='ocrx_word' id='word_1_28' title='bbox 273 823 399 909; x_wconf 87' lang='lat' dir='ltr'><strong>Sala,</strong></span> <span class='ocrx_word' id='word_1_29' title='bbox 424 823 550 894; x_wconf 89' lang='lat' dir='ltr'><strong>scilicet</strong></span> <span class='ocrx_word' id='word_1_30' title='bbox 567 828 688 894; x_wconf 84' lang='lat' dir='ltr'><strong>Homot</strong></span> <span class='ocrx_word' id='word_1_31' title='bbox 713 834 746 893; x_wconf 90' lang='lat' dir='ltr'><strong>et</strong></span> <span class='ocrx_word' id='word_1_32' title='bbox 760 825 900 913; x_wconf 85' lang='lat' dir='ltr'><strong>proximi</strong></span> <span class='ocrx_word' id='word_1_33' title='bbox 924 826 1154 910; x_wconf 82' lang='lat' dir='ltr'><strong>consanguinei</strong></span> <span class='ocrx_word' id='word_1_34' title='bbox 1170 826 1251 906; x_wconf 90' lang='lat' dir='ltr'><strong>eius,</strong></span> 
     </span>
     <span class='ocr_line' id='line_1_6' title="bbox 124 930 1253 1016; baseline 0.006 -23"><span class='ocrx_word' id='word_1_35' title='bbox 124 936 377 1015; x_wconf 86' lang='lat' dir='ltr'><strong>conqueruntur,</strong></span> <span class='ocrx_word' id='word_1_36' title='bbox 393 931 481 1014; x_wconf 89' lang='lat' dir='ltr'><strong>quod</strong></span> <span class='ocrx_word' id='word_1_37' title='bbox 495 933 611 999; x_wconf 82' lang='lat' dir='ltr'><strong>Abbas</strong></span> <span class='ocrx_word' id='word_1_38' title='bbox 626 930 750 1016; x_wconf 91' lang='lat' dir='ltr'><strong>recepit</strong></span> <span class='ocrx_word' id='word_1_39' title='bbox 765 939 887 998; x_wconf 90' lang='lat' dir='ltr'><strong>terram</strong></span> <span class='ocrx_word' id='word_1_40' title='bbox 902 951 1022 1013; x_wconf 87' lang='lat' dir='ltr'><strong>corum,</strong></span> <span class='ocrx_word' id='word_1_41' title='bbox 1042 938 1076 998; x_wconf 92' lang='lat' dir='ltr'><strong>ct</strong></span> <span class='ocrx_word' id='word_1_42' title='bbox 1090 931 1182 1000; x_wconf 90' lang='lat' dir='ltr'><strong>dedit</strong></span> <span class='ocrx_word' id='word_1_43' title='bbox 1196 932 1253 1000; x_wconf 86' lang='lat' dir='ltr'><strong>ad·</strong></span> 
     </span>
     <span class='ocr_line' id='line_1_7' title="bbox 123 1032 1254 1125; baseline 0.009 -29"><span class='ocrx_word' id='word_1_44' title='bbox 123 1033 238 1118; x_wconf 81' lang='lat' dir='ltr'><strong>venis3</strong></span> <span class='ocrx_word' id='word_1_45' title='bbox 255 1041 288 1102; x_wconf 90' lang='lat' dir='ltr'><strong>et</strong></span> <span class='ocrx_word' id='word_1_46' title='bbox 303 1035 391 1120; x_wconf 86' lang='lat' dir='ltr'><strong>quod</strong></span> <span class='ocrx_word' id='word_1_47' title='bbox 414 1037 580 1125; x_wconf 89' lang='lat' dir='ltr'><strong>compellit</strong></span> <span class='ocrx_word' id='word_1_48' title='bbox 595 1032 652 1105; x_wconf 85' lang='lat' dir='ltr'><strong>ebs</strong></span> <span class='ocrx_word' id='word_1_49' title='bbox 666 1035 803 1105; x_wconf 87' lang='lat' dir='ltr'><strong>reddare</strong></span> <span class='ocrx_word' id='word_1_50' title='bbox 824 1037 948 1106; x_wconf 89' lang='lat' dir='ltr'><strong>tributa</strong></span> <span class='ocrx_word' id='word_1_51' title='bbox 962 1037 1135 1123; x_wconf 86' lang='lat' dir='ltr'><strong>hospitum,</strong></span> <span class='ocrx_word' id='word_1_52' title='bbox 1152 1046 1185 1105; x_wconf 91' lang='lat' dir='ltr'><strong>ct</strong></span> <span class='ocrx_word' id='word_1_53' title='bbox 1200 1058 1254 1106; x_wconf 83' lang='lat' dir='ltr'><strong>ex·</strong></span> 
     </span>
     <span class='ocr_line' id='line_1_8' title="bbox 124 1139 1254 1232; baseline 0.006 -25"><span class='ocrx_word' id='word_1_54' title='bbox 124 1139 218 1226; x_wconf 88' lang='lat' dir='ltr'><strong>plere</strong></span> <span class='ocrx_word' id='word_1_55' title='bbox 237 1140 379 1210; x_wconf 86' lang='lat' dir='ltr'><strong>cilicium</strong></span> <span class='ocrx_word' id='word_1_56' title='bbox 396 1143 623 1230; x_wconf 85' lang='lat' dir='ltr'><strong>jobagionum.</strong></span> <span class='ocrx_word' id='word_1_57' title='bbox 645 1143 915 1212; x_wconf 88' lang='lat' dir='ltr'><strong>Portatores</strong></span> <span class='ocrx_word' id='word_1_58' title='bbox 938 1143 1052 1211; x_wconf 88' lang='lat' dir='ltr'><strong>enim</strong></span> <span class='ocrx_word' id='word_1_59' title='bbox 1074 1146 1254 1232; x_wconf 90' lang='lat' dir='ltr'><strong>capelle</strong></span> 
     </span>
     <span class='ocr_line' id='line_1_9' title="bbox 126 1246 1255 1336; baseline 0.006 -24"><span class='ocrx_word' id='word_1_60' title='bbox 126 1246 318 1314; x_wconf 81' lang='lat' dir='ltr'><strong>devilia</strong></span> <span class='ocrx_word' id='word_1_61' title='bbox 341 1247 453 1336; x_wconf 90' lang='lat' dir='ltr'><strong>Olup</strong></span> <span class='ocrx_word' id='word_1_62' title='bbox 477 1254 732 1333; x_wconf 89' lang='lat' dir='ltr'><strong>conqueruntur,</strong></span> <span class='ocrx_word' id='word_1_63' title='bbox 764 1247 852 1331; x_wconf 84' lang='lat' dir='ltr'><strong>qaod</strong></span> <span class='ocrx_word' id='word_1_64' title='bbox 876 1267 949 1315; x_wconf 89' lang='lat' dir='ltr'><strong>eum</strong></span> <span class='ocrx_word' id='word_1_65' title='bbox 971 1248 1112 1316; x_wconf 88' lang='lat' dir='ltr'><strong>debeant</strong></span> <span class='ocrx_word' id='word_1_66' title='bbox 1136 1246 1255 1320; x_wconf 89' lang='lat' dir='ltr'><strong>ducere</strong></span> 
     </span>
     <span class='ocr_line' id='line_1_10' title="bbox 127 1353 1255 1444; baseline 0.004 -24"><span class='ocrx_word' id='word_1_67' title='bbox 127 1373 240 1439; x_wconf 76' lang='lat' dir='ltr'><strong>equos,</strong></span> <span class='ocrx_word' id='word_1_68' title='bbox 256 1355 313 1438; x_wconf 85' lang='lat' dir='ltr'><strong>qui</strong></span> <span class='ocrx_word' id='word_1_69' title='bbox 328 1362 460 1442; x_wconf 87' lang='lat' dir='ltr'><strong>portant</strong></span> <span class='ocrx_word' id='word_1_70' title='bbox 475 1356 639 1444; x_wconf 85' lang='lat' dir='ltr'><strong>capellam</strong></span> <span class='ocrx_word' id='word_1_71' title='bbox 652 1355 803 1438; x_wconf 83' lang='lat' dir='ltr'><strong>Abbatis,</strong></span> <span class='ocrx_word' id='word_1_72' title='bbox 813 1353 885 1441; x_wconf 89' lang='lat' dir='ltr'><strong>ipse</strong></span> <span class='ocrx_word' id='word_1_73' title='bbox 897 1355 1010 1424; x_wconf 83' lang='lat' dir='ltr'><strong>Abbas</strong></span> <span class='ocrx_word' id='word_1_74' title='bbox 1020 1357 1137 1442; x_wconf 80' lang='lat' dir='ltr'><strong>recipit</strong></span> <span class='ocrx_word' id='word_1_75' title='bbox 1152 1377 1255 1443; x_wconf 88' lang='lat' dir='ltr'><strong>equos</strong></span> 
     </span>
     <span class='ocr_line' id='line_1_11' title="bbox 126 1462 1256 1551; baseline 0.005 -23"><span class='ocrx_word' id='word_1_76' title='bbox 126 1462 286 1548; x_wconf 87' lang='lat' dir='ltr'><strong>ipsorum,</strong></span> <span class='ocrx_word' id='word_1_77' title='bbox 304 1469 337 1530; x_wconf 86' lang='lat' dir='ltr'><strong>et</strong></span> <span class='ocrx_word' id='word_1_78' title='bbox 351 1463 451 1532; x_wconf 89' lang='lat' dir='ltr'><strong>mittit</strong></span> <span class='ocrx_word' id='word_1_79' title='bbox 474 1466 508 1531; x_wconf 92' lang='lat' dir='ltr'><strong>in</strong></span> <span class='ocrx_word' id='word_1_80' title='bbox 522 1463 720 1550; x_wconf 78' lang='lat' dir='ltr'><strong>legationem</strong></span> <span class='ocrx_word' id='word_1_81' title='bbox 737 1482 798 1551; x_wconf 92' lang='lat' dir='ltr'><strong>per</strong></span> <span class='ocrx_word' id='word_1_82' title='bbox 814 1463 944 1530; x_wconf 88' lang='lat' dir='ltr'><strong>nuntios</strong></span> <span class='ocrx_word' id='word_1_83' title='bbox 965 1481 1042 1532; x_wconf 88' lang='lat' dir='ltr'><strong>suos</strong></span> <span class='ocrx_word' id='word_1_84' title='bbox 1052 1515 1061 1548; x_wconf 94' lang='lat'><strong>,</strong></span> <span class='ocrx_word' id='word_1_85' title='bbox 1086 1466 1256 1534; x_wconf 88' lang='lat' dir='ltr'><strong>ueletiam</strong></span> 
     </span>
     <span class='ocr_line' id='line_1_12' title="bbox 128 1566 1257 1657; baseline 0.007 -25"><span class='ocrx_word' id='word_1_86' title='bbox 128 1566 232 1637; x_wconf 91' lang='lat' dir='ltr'><strong>donat</strong></span> <span class='ocrx_word' id='word_1_87' title='bbox 246 1588 303 1636; x_wconf 90' lang='lat' dir='ltr'><strong>eos</strong></span> <span class='ocrx_word' id='word_1_88' title='bbox 318 1570 436 1655; x_wconf 71' lang='lat' dir='ltr'><strong>alicui,</strong></span> <span class='ocrx_word' id='word_1_89' title='bbox 453 1577 486 1638; x_wconf 90' lang='lat' dir='ltr'><strong>et</strong></span> <span class='ocrx_word' id='word_1_90' title='bbox 501 1572 592 1639; x_wconf 91' lang='lat' dir='ltr'><strong>sicin</strong></span> <span class='ocrx_word' id='word_1_91' title='bbox 607 1571 750 1654; x_wconf 83' lang='lat' dir='ltr'><strong>quinque</strong></span> <span class='ocrx_word' id='word_1_92' title='bbox 767 1569 894 1638; x_wconf 87' lang='lat' dir='ltr'><strong>uicibus</strong></span> <span class='ocrx_word' id='word_1_93' title='bbox 904 1570 952 1637; x_wconf 89' lang='lat' dir='ltr'><strong>eis</strong></span> <span class='ocrx_word' id='word_1_94' title='bbox 962 1569 1099 1638; x_wconf 91' lang='lat' dir='ltr'><strong>abstulit</strong></span> <span class='ocrx_word' id='word_1_95' title='bbox 1113 1571 1257 1657; x_wconf 73' lang='lat' dir='ltr'><strong>qunque</strong></span> 
     </span>
     <span class='ocr_line' id='line_1_13' title="bbox 129 1675 1257 1762; baseline 0.004 -22"><span class='ocrx_word' id='word_1_96' title='bbox 129 1693 242 1759; x_wconf 89' lang='lat' dir='ltr'><strong>equos.</strong></span> <span class='ocrx_word' id='word_1_97' title='bbox 281 1675 417 1743; x_wconf 90' lang='lat' dir='ltr'><strong>Porro</strong></span> <span class='ocrx_word' id='word_1_98' title='bbox 450 1676 725 1761; x_wconf 82' lang='lat' dir='ltr'><strong>granamina</strong></span> <span class='ocrx_word' id='word_1_99' title='bbox 754 1675 1037 1762; x_wconf 86' lang='lat' dir='ltr'><strong>piscatorum</strong></span> <span class='ocrx_word' id='word_1_100' title='bbox 1069 1675 1120 1742; x_wconf 91' lang='lat' dir='ltr'><strong>de</strong></span> <span class='ocrx_word' id='word_1_101' title='bbox 1151 1677 1257 1744; x_wconf 87' lang='lat' dir='ltr'><strong>Sala</strong></span> 
     </span>
     <span class='ocr_line' id='line_1_14' title="bbox 129 1779 1256 1867; baseline 0.004 -19"><span class='ocrx_word' id='word_1_102' title='bbox 129 1787 207 1848; x_wconf 87' lang='lat' dir='ltr'><strong>sunt</strong></span> <span class='ocrx_word' id='word_1_103' title='bbox 221 1781 306 1849; x_wconf 89' lang='lat' dir='ltr'><strong>ista:</strong></span> <span class='ocrx_word' id='word_1_104' title='bbox 332 1781 508 1866; x_wconf 84' lang='lat' dir='ltr'><strong>quodcum</strong></span> <span class='ocrx_word' id='word_1_105' title='bbox 523 1789 695 1850; x_wconf 87' lang='lat' dir='ltr'><strong>teneantur</strong></span> <span class='ocrx_word' id='word_1_106' title='bbox 718 1781 760 1849; x_wconf 88' lang='lat' dir='ltr'><strong>de</strong></span> <span class='ocrx_word' id='word_1_107' title='bbox 776 1780 916 1867; x_wconf 85' lang='lat' dir='ltr'><strong>singulis</strong></span> <span class='ocrx_word' id='word_1_108' title='bbox 933 1779 1156 1850; x_wconf 74' lang='lat' dir='ltr'><strong>mansionibus</strong></span> <span class='ocrx_word' id='word_1_109' title='bbox 1176 1783 1256 1852; x_wconf 87' lang='lat' dir='ltr'><strong>dare</strong></span> 
     </span>
     <span class='ocr_line' id='line_1_15' title="bbox 128 1887 1257 1975; baseline 0.002 -21"><span class='ocrx_word' id='word_1_110' title='bbox 128 1907 230 1954; x_wconf 89' lang='lat' dir='ltr'><strong>unum</strong></span> <span class='ocrx_word' id='word_1_111' title='bbox 244 1887 403 1957; x_wconf 80' lang='lat' dir='ltr'><strong>fertonem</strong></span> <span class='ocrx_word' id='word_1_112' title='bbox 417 1909 477 1975; x_wconf 90' lang='lat' dir='ltr'><strong>pro</strong></span> <span class='ocrx_word' id='word_1_113' title='bbox 493 1888 651 1975; x_wconf 90' lang='lat' dir='ltr'><strong>piscibus,</strong></span> <span class='ocrx_word' id='word_1_114' title='bbox 667 1887 722 1956; x_wconf 91' lang='lat' dir='ltr'><strong>uel</strong></span> <span class='ocrx_word' id='word_1_115' title='bbox 737 1888 855 1975; x_wconf 77' lang='lat' dir='ltr'><strong>pisces,</strong></span> <span class='ocrx_word' id='word_1_116' title='bbox 872 1894 905 1954; x_wconf 90' lang='lat' dir='ltr'><strong>et</strong></span> <span class='ocrx_word' id='word_1_117' title='bbox 923 1894 1055 1972; x_wconf 86' lang='lat' dir='ltr'><strong>portare</strong></span> <span class='ocrx_word' id='word_1_118' title='bbox 1072 1887 1195 1956; x_wconf 69' lang='lat' dir='ltr'><strong>ductus</strong></span> <span class='ocrx_word' id='word_1_119' title='bbox 1212 1891 1257 1958; x_wconf 90' lang='lat' dir='ltr'><strong>ad</strong></span> 
     </span>
     <span class='ocr_line' id='line_1_16' title="bbox 128 1993 1257 2083; baseline 0.004 -24"><span class='ocrx_word' id='word_1_120' title='bbox 128 1993 364 2060; x_wconf 89' lang='lat' dir='ltr'><strong>monasterinm</strong></span> <span class='ocrx_word' id='word_1_121' title='bbox 380 1993 621 2082; x_wconf 74' lang='lat' dir='ltr'><strong>supradictum,</strong></span> <span class='ocrx_word' id='word_1_122' title='bbox 649 1994 721 2080; x_wconf 92' lang='lat' dir='ltr'><strong>ipse</strong></span> <span class='ocrx_word' id='word_1_123' title='bbox 736 1995 850 2062; x_wconf 87' lang='lat' dir='ltr'><strong>Abbas</strong></span> <span class='ocrx_word' id='word_1_124' title='bbox 866 2012 965 2080; x_wconf 87' lang='lat' dir='ltr'><strong>snper</strong></span> <span class='ocrx_word' id='word_1_125' title='bbox 988 1994 1040 2061; x_wconf 92' lang='lat' dir='ltr'><strong>his</strong></span> <span class='ocrx_word' id='word_1_126' title='bbox 1056 1995 1142 2080; x_wconf 81' lang='lat' dir='ltr'><strong>cogit</strong></span> <span class='ocrx_word' id='word_1_127' title='bbox 1165 1995 1257 2083; x_wconf 91' lang='lat' dir='ltr'><strong>ipsos</strong></span> 
     </span>
     <span class='ocr_line' id='line_1_17' title="bbox 130 2096 1258 2188; baseline 0.002 -22"><span class='ocrx_word' id='word_1_128' title='bbox 130 2101 252 2168; x_wconf 90' lang='lat' dir='ltr'><strong>ducere</strong></span> <span class='ocrx_word' id='word_1_129' title='bbox 277 2118 357 2168; x_wconf 92' lang='lat' dir='ltr'><strong>oues</strong></span> <span class='ocrx_word' id='word_1_130' title='bbox 372 2106 405 2166; x_wconf 89' lang='lat' dir='ltr'><strong>et</strong></span> <span class='ocrx_word' id='word_1_131' title='bbox 418 2102 531 2185; x_wconf 89' lang='lat' dir='ltr'><strong>boues,</strong></span> <span class='ocrx_word' id='word_1_132' title='bbox 558 2107 591 2166; x_wconf 93' lang='lat' dir='ltr'><strong>et</strong></span> <span class='ocrx_word' id='word_1_133' title='bbox 602 2108 734 2186; x_wconf 89' lang='lat' dir='ltr'><strong>portare</strong></span> <span class='ocrx_word' id='word_1_134' title='bbox 750 2105 849 2182; x_wconf 87' lang='lat' dir='ltr'><strong>rotas,</strong></span> <span class='ocrx_word' id='word_1_135' title='bbox 875 2096 1011 2183; x_wconf 85' lang='lat' dir='ltr'><strong>quodsi</strong></span> <span class='ocrx_word' id='word_1_136' title='bbox 1035 2120 1101 2168; x_wconf 92' lang='lat' dir='ltr'><strong>non</strong></span> <span class='ocrx_word' id='word_1_137' title='bbox 1124 2100 1258 2188; x_wconf 81' lang='lat' dir='ltr'><strong>iaciant,</strong></span> 
     </span>
     <span class='ocr_line' id='line_1_18' title="bbox 129 2205 1259 2290; baseline -0.002 -16"><span class='ocrx_word' id='word_1_138' title='bbox 129 2205 776 2274; x_wconf 86' lang='lat' dir='ltr'><strong>laeiteostundiuelucrberari.Item</strong></span> <span class='ocrx_word' id='word_1_139' title='bbox 795 2205 1074 2290; x_wconf 90' lang='lat' dir='ltr'><strong>jobagiones</strong></span> <span class='ocrx_word' id='word_1_140' title='bbox 1099 2212 1136 2270; x_wconf 89' lang='lat' dir='ltr'><strong>et</strong></span> <span class='ocrx_word' id='word_1_141' title='bbox 1159 2206 1259 2275; x_wconf 86' lang='lat' dir='ltr'><strong>olli·</strong></span> 
     </span>
     <span class='ocr_line' id='line_1_19' title="bbox 131 2311 1259 2399; baseline -0.001 -17"><span class='ocrx_word' id='word_1_142' title='bbox 131 2315 277 2382; x_wconf 88' lang='lat' dir='ltr'><strong>eiales</strong></span> <span class='ocrx_word' id='word_1_143' title='bbox 299 2313 575 2381; x_wconf 81' lang='lat' dir='ltr'><strong>llonasterii</strong></span> <span class='ocrx_word' id='word_1_144' title='bbox 598 2311 781 2399; x_wconf 89' lang='lat' dir='ltr'><strong>supradicti</strong></span> <span class='ocrx_word' id='word_1_145' title='bbox 806 2319 1054 2397; x_wconf 87' lang='lat' dir='ltr'><strong>conqueruntur,</strong></span> <span class='ocrx_word' id='word_1_146' title='bbox 1080 2313 1168 2398; x_wconf 91' lang='lat' dir='ltr'><strong>quod</strong></span> <span class='ocrx_word' id='word_1_147' title='bbox 1186 2334 1259 2381; x_wconf 90' lang='lat' dir='ltr'><strong>cum</strong></span> 
     </span>
     <span class='ocr_line' id='line_1_20' title="bbox 130 2418 1259 2507; baseline 0 -19"><span class='ocrx_word' id='word_1_148' title='bbox 130 2429 303 2490; x_wconf 91' lang='lat' dir='ltr'><strong>teneantur</strong></span> <span class='ocrx_word' id='word_1_149' title='bbox 318 2429 444 2488; x_wconf 89' lang='lat' dir='ltr'><strong>tantum</strong></span> <span class='ocrx_word' id='word_1_150' title='bbox 460 2429 593 2507; x_wconf 91' lang='lat' dir='ltr'><strong>portare</strong></span> <span class='ocrx_word' id='word_1_151' title='bbox 609 2420 754 2488; x_wconf 91' lang='lat' dir='ltr'><strong>decimas</strong></span> <span class='ocrx_word' id='word_1_152' title='bbox 764 2420 809 2486; x_wconf 91' lang='lat' dir='ltr'><strong>ad</strong></span> <span class='ocrx_word' id='word_1_153' title='bbox 824 2439 950 2486; x_wconf 89' lang='lat' dir='ltr'><strong>orreum</strong></span> <span class='ocrx_word' id='word_1_154' title='bbox 965 2418 1054 2486; x_wconf 88' lang='lat' dir='ltr'><strong>illios</strong></span> <span class='ocrx_word' id='word_1_155' title='bbox 1070 2420 1259 2489; x_wconf 86' lang='lat' dir='ltr'><strong>obediencie</strong></span> 
     </span>
     <span class='ocr_line' id='line_1_21' title="bbox 130 2527 1259 2613; baseline 0.002 -19"><span class='ocrx_word' id='word_1_156' title='bbox 130 2529 244 2595; x_wconf 80' lang='lat' dir='ltr'><strong>Sancti</strong></span> <span class='ocrx_word' id='word_1_157' title='bbox 259 2529 402 2612; x_wconf 87' lang='lat' dir='ltr'><strong>Martini,</strong></span> <span class='ocrx_word' id='word_1_158' title='bbox 419 2528 540 2613; x_wconf 90' lang='lat' dir='ltr'><strong>dequo</strong></span> <span class='ocrx_word' id='word_1_159' title='bbox 556 2528 640 2610; x_wconf 92' lang='lat' dir='ltr'><strong>loco,</strong></span> <span class='ocrx_word' id='word_1_160' title='bbox 656 2528 711 2594; x_wconf 90' lang='lat' dir='ltr'><strong>uel</strong></span> <span class='ocrx_word' id='word_1_161' title='bbox 726 2527 761 2594; x_wconf 90' lang='lat' dir='ltr'><strong>in</strong></span> <span class='ocrx_word' id='word_1_162' title='bbox 776 2545 842 2610; x_wconf 91' lang='lat' dir='ltr'><strong>quo</strong></span> <span class='ocrx_word' id='word_1_163' title='bbox 859 2527 931 2595; x_wconf 88' lang='lat' dir='ltr'><strong>loeo</strong></span> <span class='ocrx_word' id='word_1_164' title='bbox 947 2528 1001 2593; x_wconf 86' lang='lat' dir='ltr'><strong>uel</strong></span> <span class='ocrx_word' id='word_1_165' title='bbox 1016 2527 1097 2594; x_wconf 89' lang='lat' dir='ltr'><strong>uilla</strong></span> <span class='ocrx_word' id='word_1_166' title='bbox 1113 2529 1192 2595; x_wconf 90' lang='lat' dir='ltr'><strong>dant</strong></span> <span class='ocrx_word' id='word_1_167' title='bbox 1208 2530 1259 2596; x_wconf 81' lang='lat' dir='ltr'><strong>de</strong></span> 
     </span>
     <span class='ocr_line' id='line_1_22' title="bbox 135 2635 1262 2721; baseline 0.003 -22"><span class='ocrx_word' id='word_1_168' title='bbox 135 2637 249 2721; x_wconf 90' lang='lat' dir='ltr'><strong>cimas,</strong></span> <span class='ocrx_word' id='word_1_169' title='bbox 273 2643 306 2703; x_wconf 91' lang='lat' dir='ltr'><strong>et</strong></span> <span class='ocrx_word' id='word_1_170' title='bbox 319 2642 491 2703; x_wconf 87' lang='lat' dir='ltr'><strong>teneantur</strong></span> <span class='ocrx_word' id='word_1_171' title='bbox 507 2635 596 2718; x_wconf 89' lang='lat' dir='ltr'><strong>dare,</strong></span> <span class='ocrx_word' id='word_1_172' title='bbox 624 2641 657 2700; x_wconf 92' lang='lat' dir='ltr'><strong>et</strong></span> <span class='ocrx_word' id='word_1_173' title='bbox 672 2655 736 2714; x_wconf 85' lang='lat' dir='ltr'><strong>non</strong></span> <span class='ocrx_word' id='word_1_174' title='bbox 752 2643 884 2720; x_wconf 78' lang='lat' dir='ltr'><strong>portare</strong></span> <span class='ocrx_word' id='word_1_175' title='bbox 905 2635 1024 2700; x_wconf 89' lang='lat' dir='ltr'><strong>idriam</strong></span> <span class='ocrx_word' id='word_1_176' title='bbox 1042 2635 1143 2702; x_wconf 89' lang='lat' dir='ltr'><strong>brasii</strong></span> <span class='ocrx_word' id='word_1_177' title='bbox 1160 2644 1192 2702; x_wconf 88' lang='lat' dir='ltr'><strong>et</strong></span> <span class='ocrx_word' id='word_1_178' title='bbox 1207 2656 1262 2702; x_wconf 90' lang='lat' dir='ltr'><strong>an·</strong></span> 
     </span>
     <span class='ocr_line' id='line_1_23' title="bbox 132 2743 1262 2831; baseline -0.001 -20"><span class='ocrx_word' id='word_1_179' title='bbox 132 2764 231 2829; x_wconf 88' lang='lat' dir='ltr'><strong>none,</strong></span> <span class='ocrx_word' id='word_1_180' title='bbox 257 2764 320 2830; x_wconf 86' lang='lat' dir='ltr'><strong>qne</strong></span> <span class='ocrx_word' id='word_1_181' title='bbox 336 2745 432 2810; x_wconf 89' lang='lat' dir='ltr'><strong>datur</strong></span> <span class='ocrx_word' id='word_1_182' title='bbox 457 2744 500 2810; x_wconf 90' lang='lat' dir='ltr'><strong>ad</strong></span> <span class='ocrx_word' id='word_1_183' title='bbox 522 2744 640 2810; x_wconf 88' lang='lat' dir='ltr'><strong>lestum</strong></span> <span class='ocrx_word' id='word_1_184' title='bbox 655 2743 767 2810; x_wconf 82' lang='lat' dir='ltr'><strong>Sancti</strong></span> <span class='ocrx_word' id='word_1_185' title='bbox 782 2743 931 2825; x_wconf 80' lang='lat' dir='ltr'><strong>Martini3</strong></span> <span class='ocrx_word' id='word_1_186' title='bbox 947 2744 1019 2827; x_wconf 93' lang='lat' dir='ltr'><strong>ipse</strong></span> <span class='ocrx_word' id='word_1_187' title='bbox 1034 2744 1147 2809; x_wconf 91' lang='lat' dir='ltr'><strong>Abbas</strong></span> <span class='ocrx_word' id='word_1_188' title='bbox 1172 2746 1262 2831; x_wconf 85' lang='lat' dir='ltr'><strong>cogit</strong></span> 
     </span>
     <span class='ocr_line' id='line_1_24' title="bbox 135 2847 1262 2937; baseline -0.002 -19"><span class='ocrx_word' id='word_1_189' title='bbox 135 2871 194 2920; x_wconf 88' lang='lat' dir='ltr'><strong>eos</strong></span> <span class='ocrx_word' id='word_1_190' title='bbox 209 2859 340 2937; x_wconf 89' lang='lat' dir='ltr'><strong>portare</strong></span> <span class='ocrx_word' id='word_1_191' title='bbox 355 2851 398 2918; x_wconf 92' lang='lat' dir='ltr'><strong>ad</strong></span> <span class='ocrx_word' id='word_1_192' title='bbox 413 2850 648 2918; x_wconf 87' lang='lat' dir='ltr'><strong>monasterium</strong></span> <span class='ocrx_word' id='word_1_193' title='bbox 664 2849 777 2916; x_wconf 84' lang='lat' dir='ltr'><strong>Sancti</strong></span> <span class='ocrx_word' id='word_1_194' title='bbox 792 2847 944 2931; x_wconf 87' lang='lat' dir='ltr'><strong>Martini;</strong></span> <span class='ocrx_word' id='word_1_195' title='bbox 962 2849 1046 2925; x_wconf 89' lang='lat' dir='ltr'><strong>licet,</strong></span> <span class='ocrx_word' id='word_1_196' title='bbox 1061 2855 1096 2914; x_wconf 91' lang='lat' dir='ltr'><strong>ut</strong></span> <span class='ocrx_word' id='word_1_197' title='bbox 1109 2849 1262 2916; x_wconf 85' lang='lat' dir='ltr'><strong>dicebant</strong></span> 
     </span>
     <span class='ocr_line' id='line_1_25' title="bbox 134 2952 1262 3045; baseline -0.005 -19"><span class='ocrx_word' id='word_1_198' title='bbox 134 2957 276 3045; x_wconf 87' lang='lat' dir='ltr'><strong>predicti</strong></span> <span class='ocrx_word' id='word_1_199' title='bbox 299 2957 514 3041; x_wconf 86' lang='lat' dir='ltr'><strong>jobagionum</strong></span> <span class='ocrx_word' id='word_1_200' title='bbox 538 2961 777 3042; x_wconf 84' lang='lat' dir='ltr'><strong>procuratores,</strong></span> <span class='ocrx_word' id='word_1_201' title='bbox 809 2953 895 3038; x_wconf 90' lang='lat' dir='ltr'><strong>quod</strong></span> <span class='ocrx_word' id='word_1_202' title='bbox 922 2952 1028 3020; x_wconf 88' lang='lat' dir='ltr'><strong>dictus</strong></span> <span class='ocrx_word' id='word_1_203' title='bbox 1052 2955 1165 3020; x_wconf 90' lang='lat' dir='ltr'><strong>Abbas</strong></span> <span class='ocrx_word' id='word_1_204' title='bbox 1196 2975 1262 3022; x_wconf 93' lang='lat' dir='ltr'><strong>non</strong></span> 
     </span>
     <span class='ocr_line' id='line_1_26' title="bbox 133 3055 1166 3146; baseline -0.006 -14"><span class='ocrx_word' id='word_1_205' title='bbox 133 3063 278 3132; x_wconf 82' lang='lat' dir='ltr'><strong>offendet</strong></span> <span class='ocrx_word' id='word_1_206' title='bbox 293 3083 360 3146; x_wconf 90' lang='lat' dir='ltr'><strong>cos,</strong></span> <span class='ocrx_word' id='word_1_207' title='bbox 377 3063 436 3130; x_wconf 92' lang='lat' dir='ltr'><strong>sed</strong></span> <span class='ocrx_word' id='word_1_208' title='bbox 451 3062 636 3132; x_wconf 82' lang='lat' dir='ltr'><strong>benefaciet</strong></span> <span class='ocrx_word' id='word_1_209' title='bbox 651 3062 709 3128; x_wconf 89' lang='lat' dir='ltr'><strong>eis.</strong></span> <span class='ocrx_word' id='word_1_210' title='bbox 1161 3055 1166 3066; x_wconf 91' lang='lat'>&#39;</span> 
     </span>
     <span class='ocr_line' id='line_1_27' title="bbox 245 3167 1262 3254; baseline 0 -18"><span class='ocrx_word' id='word_1_211' title='bbox 245 3169 371 3248; x_wconf 84' lang='lat' dir='ltr'><strong>Quibus</strong></span> <span class='ocrx_word' id='word_1_212' title='bbox 396 3169 682 3253; x_wconf 85' lang='lat' dir='ltr'><strong>conquestionibus</strong></span> <span class='ocrx_word' id='word_1_213' title='bbox 708 3175 740 3234; x_wconf 89' lang='lat' dir='ltr'><strong>ct</strong></span> <span class='ocrx_word' id='word_1_214' title='bbox 754 3167 964 3254; x_wconf 87' lang='lat' dir='ltr'><strong>petitionibus</strong></span> <span class='ocrx_word' id='word_1_215' title='bbox 990 3168 1140 3252; x_wconf 88' lang='lat' dir='ltr'><strong>receptis,</strong></span> <span class='ocrx_word' id='word_1_216' title='bbox 1166 3168 1262 3236; x_wconf 88' lang='lat' dir='ltr'><strong>lectis</strong></span> 
     </span>
     <span class='ocr_line' id='line_1_28' title="bbox 135 3273 1263 3362; baseline -0.005 -18"><span class='ocrx_word' id='word_1_217' title='bbox 135 3285 169 3344; x_wconf 93' lang='lat' dir='ltr'><strong>et</strong></span> <span class='ocrx_word' id='word_1_218' title='bbox 184 3277 335 3362; x_wconf 86' lang='lat' dir='ltr'><strong>cognitis,</strong></span> <span class='ocrx_word' id='word_1_219' title='bbox 361 3277 482 3343; x_wconf 90' lang='lat' dir='ltr'><strong>auditis</strong></span> <span class='ocrx_word' id='word_1_220' title='bbox 514 3275 784 3358; x_wconf 78' lang='lat' dir='ltr'><strong>confessionibus,</strong></span> <span class='ocrx_word' id='word_1_221' title='bbox 811 3273 1063 3357; x_wconf 85' lang='lat' dir='ltr'><strong>allegationibus</strong></span> <span class='ocrx_word' id='word_1_222' title='bbox 1087 3280 1119 3340; x_wconf 86' lang='lat' dir='ltr'><strong>ct</strong></span> <span class='ocrx_word' id='word_1_223' title='bbox 1134 3273 1263 3341; x_wconf 90' lang='lat' dir='ltr'><strong>rationi·</strong></span> 
     </span>
     <span class='ocr_line' id='line_1_29' title="bbox 134 3381 1263 3470; baseline -0.002 -20"><span class='ocrx_word' id='word_1_224' title='bbox 134 3385 197 3452; x_wconf 88' lang='lat' dir='ltr'><strong>bus</strong></span> <span class='ocrx_word' id='word_1_225' title='bbox 222 3383 388 3466; x_wconf 86' lang='lat' dir='ltr'><strong>utriusque</strong></span> <span class='ocrx_word' id='word_1_226' title='bbox 413 3384 516 3470; x_wconf 91' lang='lat' dir='ltr'><strong>partis</strong></span> <span class='ocrx_word' id='word_1_227' title='bbox 540 3390 609 3449; x_wconf 89' lang='lat' dir='ltr'><strong>tam</strong></span> <span class='ocrx_word' id='word_1_228' title='bbox 629 3383 845 3467; x_wconf 85' lang='lat' dir='ltr'><strong>jobagionum</strong></span> <span class='ocrx_word' id='word_1_229' title='bbox 871 3389 903 3446; x_wconf 92' lang='lat' dir='ltr'><strong>et</strong></span> <span class='ocrx_word' id='word_1_230' title='bbox 926 3381 1139 3467; x_wconf 91' lang='lat' dir='ltr'><strong>populorum,</strong></span> <span class='ocrx_word' id='word_1_231' title='bbox 1165 3401 1263 3463; x_wconf 91' lang='lat' dir='ltr'><strong>quam</strong></span> 
     </span>
     <span class='ocr_line' id='line_1_30' title="bbox 136 3487 1262 3576; baseline -0.003 -17"><span class='ocrx_word' id='word_1_232' title='bbox 136 3492 276 3562; x_wconf 87' lang='lat' dir='ltr'><strong>Abbatis</strong></span> <span class='ocrx_word' id='word_1_233' title='bbox 291 3499 324 3556; x_wconf 91' lang='lat' dir='ltr'><strong>et</strong></span> <span class='ocrx_word' id='word_1_234' title='bbox 340 3499 587 3576; x_wconf 89' lang='lat' dir='ltr'><strong>procuratorum</strong></span> <span class='ocrx_word' id='word_1_235' title='bbox 614 3491 809 3573; x_wconf 81' lang='lat' dir='ltr'><strong>Conucntus,</strong></span> <span class='ocrx_word' id='word_1_236' title='bbox 835 3487 1056 3574; x_wconf 86' lang='lat' dir='ltr'><strong>inspectisque</strong></span> <span class='ocrx_word' id='word_1_237' title='bbox 1080 3488 1262 3575; x_wconf 85' lang='lat' dir='ltr'><strong>priuilegiis</strong></span> 
     </span>
     <span class='ocr_line' id='line_1_31' title="bbox 136 3595 1260 3683; baseline -0.004 -17"><span class='ocrx_word' id='word_1_238' title='bbox 136 3618 248 3666; x_wconf 88' lang='lat' dir='ltr'><strong>eorum</strong></span> <span class='ocrx_word' id='word_1_239' title='bbox 264 3598 445 3682; x_wconf 82' lang='lat' dir='ltr'><strong>diligenter,</strong></span> <span class='ocrx_word' id='word_1_240' title='bbox 461 3597 574 3662; x_wconf 91' lang='lat' dir='ltr'><strong>habito</strong></span> <span class='ocrx_word' id='word_1_241' title='bbox 589 3598 723 3683; x_wconf 90' lang='lat' dir='ltr'><strong>insuper</strong></span> <span class='ocrx_word' id='word_1_242' title='bbox 742 3595 878 3663; x_wconf 88' lang='lat' dir='ltr'><strong>consilio</strong></span> <span class='ocrx_word' id='word_1_243' title='bbox 894 3595 1034 3662; x_wconf 87' lang='lat' dir='ltr'><strong>virorum</strong></span> <span class='ocrx_word' id='word_1_244' title='bbox 1056 3595 1260 3680; x_wconf 90' lang='lat' dir='ltr'><strong>prudentum,</strong></span> 
     </span>
     <span class='ocr_line' id='line_1_32' title="bbox 136 3701 1262 3790; baseline -0.003 -18"><span class='ocrx_word' id='word_1_245' title='bbox 136 3713 169 3772; x_wconf 91' lang='lat' dir='ltr'><strong>et</strong></span> <span class='ocrx_word' id='word_1_246' title='bbox 183 3725 243 3790; x_wconf 87' lang='lat' dir='ltr'><strong>per</strong></span> <span class='ocrx_word' id='word_1_247' title='bbox 266 3723 326 3771; x_wconf 91' lang='lat' dir='ltr'><strong>nos</strong></span> <span class='ocrx_word' id='word_1_248' title='bbox 347 3704 532 3788; x_wconf 87' lang='lat' dir='ltr'><strong>frequenter</strong></span> <span class='ocrx_word' id='word_1_249' title='bbox 556 3712 589 3770; x_wconf 92' lang='lat' dir='ltr'><strong>et</strong></span> <span class='ocrx_word' id='word_1_250' title='bbox 612 3705 740 3790; x_wconf 88' lang='lat' dir='ltr'><strong>plenius</strong></span> <span class='ocrx_word' id='word_1_251' title='bbox 765 3701 966 3770; x_wconf 85' lang='lat' dir='ltr'><strong>deliberato:</strong></span> <span class='ocrx_word' id='word_1_252' title='bbox 993 3703 1062 3768; x_wconf 90' lang='lat' dir='ltr'><strong>Nos</strong></span> <span class='ocrx_word' id='word_1_253' title='bbox 1081 3701 1262 3789; x_wconf 81' lang='lat' dir='ltr'><strong>supradicti</strong></span> 
     </span>
     <span class='ocr_line' id='line_1_33' title="bbox 135 3808 1264 3894; baseline -0.001 -16"><span class='ocrx_word' id='word_1_254' title='bbox 135 3813 237 3878; x_wconf 80' lang='lat' dir='ltr'><strong>irater</strong></span> <span class='ocrx_word' id='word_1_255' title='bbox 251 3811 365 3878; x_wconf 84' lang='lat' dir='ltr'><strong>Enoch</strong></span> <span class='ocrx_word' id='word_1_256' title='bbox 379 3818 412 3876; x_wconf 90' lang='lat' dir='ltr'><strong>et</strong></span> <span class='ocrx_word' id='word_1_257' title='bbox 427 3810 585 3894; x_wconf 85' lang='lat' dir='ltr'><strong>Magister</strong></span> <span class='ocrx_word' id='word_1_258' title='bbox 601 3808 819 3893; x_wconf 79' lang='lat' dir='ltr'><strong>Cognosccns,</strong></span> <span class='ocrx_word' id='word_1_259' title='bbox 844 3829 902 3894; x_wconf 88' lang='lat' dir='ltr'><strong>per</strong></span> <span class='ocrx_word' id='word_1_260' title='bbox 919 3827 969 3892; x_wconf 90' lang='lat' dir='ltr'><strong>ea,</strong></span> <span class='ocrx_word' id='word_1_261' title='bbox 990 3829 1053 3892; x_wconf 91' lang='lat' dir='ltr'><strong>que</strong></span> <span class='ocrx_word' id='word_1_262' title='bbox 1076 3808 1215 3876; x_wconf 90' lang='lat' dir='ltr'><strong>uidimus</strong></span> <span class='ocrx_word' id='word_1_263' title='bbox 1231 3817 1264 3878; x_wconf 90' lang='lat' dir='ltr'><strong>et</strong></span> 
     </span>
     <span class='ocr_line' id='line_1_34' title="bbox 137 3915 1261 4002; baseline 0 -18"><span class='ocrx_word' id='word_1_264' title='bbox 137 3917 359 4000; x_wconf 86' lang='lat' dir='ltr'><strong>cognocimus,</strong></span> <span class='ocrx_word' id='word_1_265' title='bbox 376 3917 636 4002; x_wconf 89' lang='lat' dir='ltr'><strong>pronunciamus,</strong></span> <span class='ocrx_word' id='word_1_266' title='bbox 653 3917 857 4002; x_wconf 86' lang='lat' dir='ltr'><strong>arbitramur,</strong></span> <span class='ocrx_word' id='word_1_267' title='bbox 874 3915 1046 3981; x_wconf 87' lang='lat' dir='ltr'><strong>laudamus</strong></span> <span class='ocrx_word' id='word_1_268' title='bbox 1065 3917 1261 4001; x_wconf 90' lang='lat' dir='ltr'><strong>precipimus</strong></span> 
     </span>
     <span class='ocr_line' id='line_1_35' title="bbox 138 4022 1265 4109; baseline -0.004 -17"><span class='ocrx_word' id='word_1_269' title='bbox 138 4023 366 4106; x_wconf 87' lang='lat' dir='ltr'><strong>amicabiliter,</strong></span> <span class='ocrx_word' id='word_1_270' title='bbox 390 4029 619 4108; x_wconf 90' lang='lat' dir='ltr'><strong>componentes</strong></span> <span class='ocrx_word' id='word_1_271' title='bbox 639 4023 680 4089; x_wconf 94' lang='lat' dir='ltr'><strong>de</strong></span> <span class='ocrx_word' id='word_1_272' title='bbox 695 4023 837 4109; x_wconf 86' lang='lat' dir='ltr'><strong>partium</strong></span> <span class='ocrx_word' id='word_1_273' title='bbox 851 4022 1018 4088; x_wconf 88' lang='lat' dir='ltr'><strong>uoluntate</strong></span> <span class='ocrx_word' id='word_1_274' title='bbox 1033 4028 1215 4106; x_wconf 88' lang='lat' dir='ltr'><strong>spontanea</strong></span> <span class='ocrx_word' id='word_1_275' title='bbox 1231 4029 1265 4088; x_wconf 90' lang='lat' dir='ltr'><strong>et</strong></span> 
     </span>
     <span class='ocr_line' id='line_1_36' title="bbox 138 4127 1263 4216; baseline -0.004 -18"><span class='ocrx_word' id='word_1_276' title='bbox 138 4149 300 4199; x_wconf 89' lang='lat' dir='ltr'><strong>consensu</strong></span> <span class='ocrx_word' id='word_1_277' title='bbox 310 4149 476 4214; x_wconf 86' lang='lat' dir='ltr'><strong>expresso,</strong></span> <span class='ocrx_word' id='word_1_278' title='bbox 497 4139 530 4196; x_wconf 91' lang='lat' dir='ltr'><strong>et</strong></span> <span class='ocrx_word' id='word_1_279' title='bbox 545 4151 604 4216; x_wconf 88' lang='lat' dir='ltr'><strong>pro</strong></span> <span class='ocrx_word' id='word_1_280' title='bbox 621 4130 705 4197; x_wconf 91' lang='lat' dir='ltr'><strong>bono</strong></span> <span class='ocrx_word' id='word_1_281' title='bbox 721 4129 832 4215; x_wconf 89' lang='lat' dir='ltr'><strong>pacis:</strong></span> <span class='ocrx_word' id='word_1_282' title='bbox 845 4127 939 4206; x_wconf 86' lang='lat' dir='ltr'><strong>Quod</strong></span> <span class='ocrx_word' id='word_1_283' title='bbox 953 4127 1182 4194; x_wconf 84' lang='lat' dir='ltr'><strong>diotusAbbas</strong></span> <span class='ocrx_word' id='word_1_284' title='bbox 1198 4149 1263 4196; x_wconf 88' lang='lat' dir='ltr'><strong>non</strong></span> 
     </span>
     <span class='ocr_line' id='line_1_37' title="bbox 139 4231 1264 4321; baseline -0.003 -16"><span class='ocrx_word' id='word_1_285' title='bbox 139 4238 259 4305; x_wconf 90' lang='lat' dir='ltr'><strong>debeat</strong></span> <span class='ocrx_word' id='word_1_286' title='bbox 274 4237 406 4321; x_wconf 86' lang='lat' dir='ltr'><strong>exigere</strong></span> <span class='ocrx_word' id='word_1_287' title='bbox 422 4236 567 4304; x_wconf 85' lang='lat' dir='ltr'><strong>decimas</strong></span> <span class='ocrx_word' id='word_1_288' title='bbox 582 4237 626 4301; x_wconf 91' lang='lat' dir='ltr'><strong>ab</strong></span> <span class='ocrx_word' id='word_1_289' title='bbox 648 4233 818 4301; x_wconf 87' lang='lat' dir='ltr'><strong>vduorn</strong></span> <span class='ocrx_word' id='word_1_290' title='bbox 828 4234 934 4318; x_wconf 91' lang='lat' dir='ltr'><strong>icis,</strong></span> <span class='ocrx_word' id='word_1_291' title='bbox 959 4231 1017 4298; x_wconf 92' lang='lat' dir='ltr'><strong>sed</strong></span> <span class='ocrx_word' id='word_1_292' title='bbox 1032 4232 1075 4299; x_wconf 90' lang='lat' dir='ltr'><strong>sit</strong></span> <span class='ocrx_word' id='word_1_293' title='bbox 1095 4240 1264 4302; x_wconf 89' lang='lat' dir='ltr'><strong>contentus</strong></span> 
     </span>
     <span class='ocr_line' id='line_1_38' title="bbox 141 4337 1264 4430; baseline -0.003 -20"><span class='ocrx_word' id='word_1_294' title='bbox 141 4344 194 4430; x_wconf 91' lang='lat' dir='ltr'><strong>iis,</strong></span> <span class='ocrx_word' id='word_1_295' title='bbox 211 4362 274 4428; x_wconf 92' lang='lat' dir='ltr'><strong>que</strong></span> <span class='ocrx_word' id='word_1_296' title='bbox 290 4342 410 4410; x_wconf 90' lang='lat' dir='ltr'><strong>debent</strong></span> <span class='ocrx_word' id='word_1_297' title='bbox 424 4350 457 4410; x_wconf 91' lang='lat' dir='ltr'><strong>et</strong></span> <span class='ocrx_word' id='word_1_298' title='bbox 479 4348 640 4427; x_wconf 87' lang='lat' dir='ltr'><strong>teneatur,</strong></span> <span class='ocrx_word' id='word_1_299' title='bbox 667 4343 752 4408; x_wconf 89' lang='lat' dir='ltr'><strong>sicut</strong></span> <span class='ocrx_word' id='word_1_300' title='bbox 765 4337 946 4406; x_wconf 86' lang='lat' dir='ltr'><strong>continetur</strong></span> <span class='ocrx_word' id='word_1_301' title='bbox 960 4339 995 4404; x_wconf 92' lang='lat' dir='ltr'><strong>in</strong></span> <span class='ocrx_word' id='word_1_302' title='bbox 1020 4339 1194 4426; x_wconf 81' lang='lat' dir='ltr'><strong>priuilegio</strong></span> <span class='ocrx_word' id='word_1_303' title='bbox 1209 4343 1264 4408; x_wconf 85' lang='lat' dir='ltr'><strong>uel</strong></span> 
     </span>
     <span class='ocr_line' id='line_1_39' title="bbox 142 4446 1265 4536; baseline -0.005 -18"><span class='ocrx_word' id='word_1_304' title='bbox 142 4451 304 4518; x_wconf 87' lang='lat' dir='ltr'><strong>sententia</strong></span> <span class='ocrx_word' id='word_1_305' title='bbox 333 4450 464 4517; x_wconf 88' lang='lat' dir='ltr'><strong>Nicolai</strong></span> <span class='ocrx_word' id='word_1_306' title='bbox 490 4449 654 4536; x_wconf 85' lang='lat' dir='ltr'><strong>quondam</strong></span> <span class='ocrx_word' id='word_1_307' title='bbox 679 4447 813 4516; x_wconf 80' lang='lat' dir='ltr'><strong>Comitis</strong></span> <span class='ocrx_word' id='word_1_308' title='bbox 837 4447 1000 4530; x_wconf 80' lang='lat' dir='ltr'><strong>Palatini3</strong></span> <span class='ocrx_word' id='word_1_309' title='bbox 1033 4453 1066 4512; x_wconf 93' lang='lat' dir='ltr'><strong>ct</strong></span> <span class='ocrx_word' id='word_1_310' title='bbox 1091 4446 1177 4532; x_wconf 90' lang='lat' dir='ltr'><strong>quod</strong></span> <span class='ocrx_word' id='word_1_311' title='bbox 1200 4447 1265 4533; x_wconf 94' lang='lat' dir='ltr'><strong>ipsi</strong></span> 
     </span>
     <span class='ocr_line' id='line_1_40' title="bbox 142 4551 1265 4638; baseline -0.002 -16"><span class='ocrx_word' id='word_1_312' title='bbox 142 4557 314 4626; x_wconf 87' lang='lat' dir='ltr'><strong>vduoruici</strong></span> <span class='ocrx_word' id='word_1_313' title='bbox 336 4561 510 4624; x_wconf 83' lang='lat' dir='ltr'><strong>teneantur</strong></span> <span class='ocrx_word' id='word_1_314' title='bbox 525 4573 718 4638; x_wconf 88' lang='lat' dir='ltr'><strong>unoquoque</strong></span> <span class='ocrx_word' id='word_1_315' title='bbox 744 4572 856 4621; x_wconf 91' lang='lat' dir='ltr'><strong>mense</strong></span> <span class='ocrx_word' id='word_1_316' title='bbox 872 4552 961 4638; x_wconf 89' lang='lat' dir='ltr'><strong>dare,</strong></span> <span class='ocrx_word' id='word_1_317' title='bbox 978 4559 1010 4619; x_wconf 91' lang='lat' dir='ltr'><strong>et</strong></span> <span class='ocrx_word' id='word_1_318' title='bbox 1025 4551 1103 4620; x_wconf 90' lang='lat' dir='ltr'><strong>dent</strong></span> <span class='ocrx_word' id='word_1_319' title='bbox 1117 4554 1205 4622; x_wconf 81' lang='lat' dir='ltr'><strong>tlon</strong></span> <span class='ocrx_word' id='word_1_320' title='bbox 1220 4551 1265 4621; x_wconf 87' lang='lat' dir='ltr'><strong>ad</strong></span> 
     </span>
    </p>
   </div>
   <div class='ocr_carea' id='block_1_3' title="bbox 0 0 1649 5184">
    <p class='ocr_par' dir='ltr' id='par_1_3' title="bbox 0 0 1649 5184">
     <span class='ocr_line' id='line_1_41' title="bbox 0 0 1649 5184; baseline 0 0"><span class='ocrx_word' id='word_1_321' title='bbox 0 0 1649 5184; x_wconf 95' lang='lat' dir='ltr'><strong> </strong></span> 
     </span>
    </p>
   </div>
  </div>
 </body>
</html>
