3218 5192
619 327 777 445 *ce-

125 529 281 600 accersiri
290 535 416 620 Jnssis,
442 543 478 603 ut
492 536 634 604 traditae
649 539 714 604 sibi
734 538 901 604 Ecclesiae
917 557 1027 604 curam
1049 532 1260 623 susciperent.

124 642 191 721 Qui
206 643 474 729 convenissent,
500 646 571 730 Ego
587 667 660 712 cum
685 645 922 714 archidiacono
949 651 982 710 et
997 645 1135 710 caeteris
1162 645 1261 711 omni-

125 751 200 833 bns,
217 751 273 833 qui
290 751 436 837 aderaut,
452 771 509 820 eos
525 752 569 819 ad
584 753 669 821 hunc
684 754 816 822 modum
826 753 949 840 alloqui
966 754 1069 841 coepi.
1093 753 1163 838 ,Eu
1178 752 1261 816 haec

122 858 184 924 illa
210 865 262 924 est
285 859 377 944 dies,
407 860 526 928 iratres
552 862 693 947 liliique,
725 882 809 948 quae
834 863 953 930 Divino
980 861 1110 928 favente
1135 859 1258 926 auxilio

127 969 223 1036 nobis
240 967 431 1036 facultatem
457 971 567 1038 attulit
591 972 753 1056 promisso
780 978 890 1039 nostro
915 992 955 1038 ac
978 977 1109 1056 recepto
1134 967 1256 1035 satisfa-

127 1075 247 1141 ciendi.
273 1077 340 1143 Vos
356 1077 485 1162 itaque,
508 1079 586 1146 licet
600 1099 686 1146 nunc
711 1081 840 1146 Abbatc
865 1087 976 1147 vestro
998 1079 1122 1162 orbati,
1147 1076 1261 1161 templi

128 1183 391 1270 procurationem
416 1185 590 1272 suscipite,
617 1194 650 1254 et
666 1186 785 1254 donum
796 1186 925 1272 jamdiu
949 1187 1043 1254 vobis
1065 1184 1260 1271 promissum

58 1360 61 1369 ,
126 1292 295 1380 recipite.“
323 1295 407 1360 Tum
422 1297 590 1378 negotium
615 1296 726 1362 datum
743 1303 795 1364 est
810 1297 930 1366 Joanui
949 1294 1098 1378 Aedituo,
1125 1300 1160 1359 ut
1175 1293 1260 1358 hanc

126 1400 338 1469 donationem
353 1402 470 1470 litteris
486 1405 712 1489 consignaret:
740 1406 795 1490 qui
810 1425 882 1473 cum
897 1405 1030 1490 saepius
1056 1409 1189 1487 rogatus
1205 1399 1258 1464 ab·

125 1517 244 1576 noaret
267 1517 301 1576 ct
324 1513 535 1580 excusatione
562 1512 759 1579 valetudinis
786 1519 945 1595 uteretur,
976 1511 1046 1596 Ego
1069 1508 1259 1576 Theodorus

126 1618 306 1703 Presbyter
321 1619 478 1703 indignus
494 1619 576 1687 hacc
592 1621 702 1686 omnia
717 1621 835 1706 scripsi
851 1625 969 1704 rogatu
985 1617 1189 1684 Venerabilis
1201 1616 1258 1680 Ar-

127 1727 341 1813 chiepisoopi,
359 1730 414 1811 qui
424 1727 477 1794 his
494 1729 577 1796 actis
593 1735 627 1794 et
637 1727 821 1795 constitutis
832 1727 875 1792 ab
890 1726 983 1792 initio
998 1724 1146 1790 adfinem
1156 1740 1259 1806 usque

126 1833 280 1920 intertui,
297 1843 333 1902 ut
348 1836 535 1922 hujusmodi
551 1836 696 1921 donatio,
713 1855 809 1921 quam
826 1854 946 1916 eorum,
973 1832 1028 1917 qui
1045 1849 1145 1916 supra
1159 1830 1259 1896 nomi-

128 1945 201 2010 nati
218 1950 304 2028 sunt,
330 1945 509 2012 auctoritas
525 1945 683 2030 sancivit,
709 1943 862 2011 videlicet
878 1939 1134 2027 archiepiscopi,
1161 1935 1258 2020 Cleri,

127 2053 261 2138 Prioris,
277 2051 480 2137 Nobilitatis,
497 2060 530 2120 et
546 2053 653 2139 plebis
669 2053 850 2137 universae,
867 2051 960 2117 lirma
976 2050 1019 2116 sit
1034 2067 1073 2114 ac
1088 2052 1256 2132 perpetua,

126 2167 160 2229 ct
176 2161 277 2228 aedes
294 2163 406 2228 Sancti
431 2162 601 2228 Michaelis
626 2162 668 2229 ab
694 2161 843 2229 Ecclesia
867 2159 979 2226 Sancti
1003 2153 1181 2241 Stephani,
1206 2152 1258 2217 cni

125 2290 212 2336 nunc
227 2271 290 2338 rite
306 2271 480 2356 conjuncta
495 2277 555 2354 est,
572 2271 693 2338 nullius
713 2270 925 2337 cavillatione
935 2285 994 2333 seu
1010 2263 1135 2330 malitia
1151 2279 1257 2345 segre-

89 2363 103 2376 ’
126 2380 200 2465 gari
226 2379 342 2465 possit.
366 2379 497 2464 Siquis
523 2386 632 2445 autem
656 2387 838 2445 nostrorum
864 2393 1087 2442 successorum
1112 2368 1258 2453 cujusvis

126 2507 250 2555 musae
266 2493 440 2572 praetextu
456 2507 528 2554 eam
540 2487 583 2553 ab
593 2486 742 2553 Ecclesia
752 2485 863 2552 Sancti
878 2480 1035 2570 Stephani
1055 2477 1156 2566 (quod
1167 2478 1257 2542 Dens

124 2593 271 2683 avertat)
288 2613 346 2661 scu
362 2597 471 2681 potius
487 2595 619 2683 abipso
635 2593 794 2661 llichaele
810 2591 962 2676 Principe
980 2586 1178 2670 Angelorum
1194 2583 1257 2649 dis-

119 2706 263 2788 jungere
279 2713 432 2788 conetur,
458 2705 604 2790 ejusdcm
621 2703 818 2789 Archangeli
845 2701 1103 2786 indignationem
1128 2695 1256 2776 subeat,

126 2819 159 2878 et
176 2819 370 2897 perpetuum
385 2810 530 2879 dolorem
549 2813 720 2878 sustineat.
1185 2879 1188 2885 ,

235 2921 326 2988 Haec
342 2927 417 2986 acta
432 2925 466 2988 et
481 2919 673 2988 confirmata
698 2927 774 2988 sunt
789 2939 897 2987 coram
918 2915 1057 2984 testibus
1074 2909 1256 2994 infrascrip-

122 3031 188 3112 tis,
213 3029 368 3096 videlicet
383 3029 478 3097 Petro
503 3028 754 3112 Archidiacono,
782 3028 940 3111 Gregorio
957 3026 1132 3110 Episcopo,
1160 3022 1256 3084 Petro

122 3138 335 3222 Primicerio,
351 3139 492 3206 Martino
508 3139 723 3225 Presbytero,
747 3137 919 3204 Dominico
938 3131 1105 3200 hlazzuola
1121 3126 1258 3208 Presby-

122 3255 206 3330 tero,
234 3243 361 3314 Joanne
378 3245 537 3330 Aedituo,
564 3245 695 3332 hlaJone
710 3245 918 3329 Barbojanne
941 3238 1136 3322 Presbytero
1153 3241 1185 3299 et
1201 3231 1258 3296 Oe·

122 3353 199 3423 culo
215 3353 423 3437 Presbytero.

235 3464 305 3549 Ego
322 3485 399 3532 vero
415 3463 604 3533 Theodorus
620 3465 795 3551 Presbyter
817 3483 875 3549 pro
892 3460 1018 3528 Joaune
1035 3453 1188 3536 Aedituo,
1203 3449 1256 3515 cui

121 3571 158 3640 id
175 3571 366 3638 mandatum
382 3569 498 3658 luerat,
516 3573 597 3639 hacc
613 3573 741 3658 scripsi,
762 3579 794 3637 et
808 3571 902 3637 testis
919 3565 1018 3634 adini.

491 3791 643 3860 (llgyanott
655 3791 708 3843 111.
722 3792 779 3844 lot.
796 3791 853 3842 lbb.
867 3787 897 3856 l.)

559 4099 814 4112 ...nn-a—ae--n-m--nn

168 4793 272 4836 notua.
289 4789 372 4836 nuto.
389 4791 458 4834 ater.
480 4807 515 4819 -·
535 4789 606 4834 urst.
625 4785 657 4834 lt.
