3218 5192
351 1160 412 1228 III.
429 1158 660 1250 Sdodorprtpa
688 1157 783 1224 levale
798 1147 909 1223 Albert
933 1155 1084 1224 biboraolr
1109 1159 1140 1224 es
1165 1158 1301 1246 apostoli
1325 1159 1478 1226 bdvetlea.

865 1265 963 1336 1167.

453 1465 640 1534 Alexander
657 1465 842 1552 Episoopus
868 1482 981 1530 servus
1002 1483 1169 1532 servorum
1185 1463 1246 1530 Dei
1273 1463 1391 1534 dileeto
1408 1465 1477 1534 filio

346 1575 481 1644 Alberto
496 1573 582 1642 tituli
597 1572 710 1641 Sancti
723 1571 890 1638 Laurentii
906 1572 939 1638 iu
950 1570 1074 1637 Lueina
1088 1571 1283 1658 Presbytero
1295 1570 1476 1656 cardinali,

345 1683 561 1770 Apostolioae
585 1679 679 1746 Sedis
695 1681 839 1765 Legato,
866 1681 1025 1764 salntem,
1042 1687 1074 1746 et
1089 1679 1311 1766 Apostolioam
1327 1681 1479 1748 benedie-

344 1793 476 1860 tionem.
506 1792 652 1858 Litteras
670 1787 851 1858 devotionis
875 1795 950 1854 tuae
968 1793 1106 1874 paterna
1133 1787 1333 1874 benignitate
1356 1791 1480 1876 recepi-

345 1920 428 1982 mus,
444 1905 476 1966 et
492 1899 660 1966 intellecta
677 1916 789 1964 earum
805 1895 1005 1962 continentia
1020 1915 1079 1981 pro
1090 1895 1260 1962 liberando
1275 1895 1342 1963 filio
1353 1895 1424 1962 Bon
1435 1897 1479 1965 de

346 2007 490 2093 siponto,
516 2003 698 2072 venerabili
714 2004 814 2070 fratre
829 2009 940 2072 nostro
957 2003 1144 2090 Lampridio
1161 2003 1426 2090 Arohiepisoopo,
1443 2011 1480 2072 et

344 2113 555 2182 nobilioribus
569 2113 610 2178 de
620 2111 733 2195 Jadra,
745 2111 843 2195 juxta
852 2111 939 2194 quod
949 2131 1008 2178 nos
1019 2111 1154 2196 rogasti,
1168 2111 1294 2178 litteras
1305 2113 1385 2178 satis
1404 2111 1476 2178 dili-

344 2228 468 2306 gentes,
485 2227 516 2286 et
532 2221 682 2288 effioaoes
697 2217 947 2285 transmisimus.
976 2218 1026 2284 De
1042 2224 1170 2286 eaetero
1187 2238 1285 2306 super
1300 2238 1359 2302 ee,
1386 2219 1477 2304 quod

345 2330 439 2396 uobis
466 2327 680 2413 significasti,
709 2327 795 2412 quod
811 2325 924 2394 Clarus
940 2333 974 2393 et
998 2329 1139 2414 populus
1159 2327 1365 2414 Spalnteusis
1391 2335 1424 2394 te
1439 2328 1475 2393 iu

343 2439 513 2502 Pastorem
529 2454 622 2500 suum
639 2435 811 2501 voluerunt
827 2454 1003 2519 assumere,
1025 2435 1085 2501 tibi
1101 2436 1301 2503 voluntatem
1316 2443 1475 2518 nostram,

343 2551 375 2609 et
391 2542 534 2608 animum
550 2541 734 2628 aperimus,
766 2542 852 2627 quod
869 2543 897 2608 si
914 2544 1012 2609 etiam
1028 2547 1062 2607 tu
1078 2542 1200 2624 velles,
1227 2549 1259 2608 et
1274 2543 1379 2627 major
1393 2563 1476 2628 pars

342 2649 479 2732 fratrum
493 2655 675 2716 nostrorum
693 2650 841 2734 instaret,
857 2651 948 2716 nulla
964 2650 1092 2718 ratione
1108 2649 1384 2736 eonsentiremus;
1412 2671 1475 2718 nee

344 2775 487 2840 unquam
506 2776 676 2842 possemus
693 2756 821 2841 indnoi,
848 2755 936 2841 quod
950 2777 971 2822 a
985 2756 1080 2823 uobis
1097 2757 1288 2840 absenteris,
1317 2758 1475 2843 aquibus

341 2864 388 2930 ita
402 2883 484 2949 pure
500 2869 532 2928 et
544 2863 670 2929 sineere
682 2862 840 2950 diligeris,
857 2871 890 2932 et
905 2868 973 2930 tam
983 2883 1079 2932 eorus
1096 2871 1313 2950 aoeeptnsque
1325 2865 1472 2932 haberis.

343 2969 549 3057 Quapropter
576 2971 762 3055 hujusmodi
778 2971 821 3037 ab
837 2971 945 3037 animo
961 2977 1016 3038 tuo
1033 2971 1294 3055 sollicitudiuem,
1318 2977 1350 3038 et
1367 2972 1474 3058 suspi-

341 3079 466 3146 eiouem
493 3079 622 3145 omniuo
642 3079 816 3164 propulsa;
843 3077 1009 3162 injunctae
1028 3079 1087 3146 tibi
1101 3079 1257 3164 legationi
1285 3079 1473 3165 prudenter,

341 3193 373 3252 et
389 3187 534 3256 studiose
550 3187 714 3271 intendas,
739 3181 776 3254 'ut
791 3187 940 3254 Eoelesia
955 3189 1104 3254 Romana
1119 3187 1160 3253 de
1173 3187 1344 3272 diligentia
1360 3193 1392 3253 et
1408 3193 1474 3254 stu-

341 3294 395 3360 dio
411 3301 466 3362 tuo
485 3296 605 3360 laetum
613 3275 856 3361 incrementum
873 3294 1019 3380 recipiat,
1047 3302 1079 3362 et
1093 3300 1128 3359 tu
1144 3314 1272 3380 quoque
1288 3294 1329 3361 de
1345 3295 1471 3378 labore,

340 3406 370 3466 et
386 3399 559 3485 vigilantia
574 3408 631 3465 tua
646 3399 784 3466 fruotnm
801 3400 934 3484 dignum
950 3402 1064 3466 valeas
1080 3405 1256 3486 reportare.
1273 3401 1395 3467 Datum
1411 3402 1469 3468 Be·

342 3507 474 3575 neventi
489 3507 529 3574 11.
547 3507 710 3575 kalendas
731 3509 940 3595 Septembris.

689 3701 840 3772 (Ugyauott
858 3707 910 3757 111.
931 3705 987 3758 lrbt.
1010 3707 1069 3760 188.
1089 3705 1119 3771 l.)

847 3965 853 3977 Ι

688 3991 690 4001 r
771 3991 1032 4006 m
