3164 5192
555 375 708 478 333-

65 575 132 660 cipe
156 575 373 660 intelligimus
398 591 472 640 esse
497 574 643 641 dictum:
664 575 726 659 ,st
752 581 786 641 tu
812 575 991 660 aliquando
1018 554 1195 645 conversus

65 683 215 750 confirma
230 683 352 749 iratres
368 682 474 766 tuos“;
491 703 565 749 cum
577 684 619 749 ub
635 683 814 749 innumeris
826 683 1111 768 sollicitudinibus,
1129 702 1193 768 que

66 793 153 858 nobis
168 791 380 874 incumbunt,
399 790 443 856 ad
458 790 727 874 tranquillitatem
743 792 960 858 convertimur
978 797 1089 858 nostre
1106 809 1192 858 mon-

65 900 119 984 tis,
144 906 287 965 remotos
304 899 402 965 etiam
426 896 546 966 iratres
570 905 602 963 et
618 896 831 984 coepiscopos
856 905 1005 983 nostros,
1031 917 1112 983 quos
1129 898 1190 966 etsi

66 1007 237 1072 habeamus
255 1006 408 1072 absentes
425 1023 569 1090 corpore,
586 1010 756 1090 presentes
782 1011 891 1070 tamen
919 1007 1036 1091 spiritu
1062 986 1189 1091 reputa-

66 1135 140 1198 mus,
165 1115 398 1180 confirmamus
418 1113 453 1178 in
469 1113 529 1196 his,
556 1131 619 1196 que
636 1112 833 1179 adsalutem
858 1133 977 1198 eorum,
995 1119 1027 1179 et
1042 1113 1189 1180 Ecclesic

66 1223 221 1307 pertinent
237 1217 462 1305 unitatem,'ut
478 1221 561 1286 sicut
578 1229 652 1288 sunt
668 1221 701 1286 in
718 1227 845 1305 partem
861 1221 1091 1288 sollicitudinis
1117 1241 1188 1287 evo-

67 1331 133 1414 cati,
150 1332 195 1397 sio
213 1333 314 1397 etiam
329 1329 450 1398 nostris
465 1329 596 1398 monitis
613 1329 813 1397 roborentur.
841 1329 928 1396 Sane
945 1349 1017 1395 oum
1032 1349 1131 1396 unum
1148 1329 1191 1396 sit

66 1437 204 1504 Ecclesic
220 1459 359 1523 corpus,
389 1440 481 1503 iuxta
497 1437 579 1502 illud
594 1435 745 1524 Apostoli
762 1459 770 1498 :
799 1435 939 1522 ,Omnes
956 1455 1054 1502 uuum
1070 1455 1188 1524 corpus

68 1565 169 1612 sumus
185 1547 219 1611 in
236 1545 398 1630 Christo“;
416 1546 566 1612 extimari
591 1565 656 1612 non
673 1545 769 1612 debet
786 1547 819 1612 in
835 1566 898 1613 uno
916 1563 1051 1631 corpore
1078 1545 1188 1631 capita

67 1673 133 1720 esse
148 1655 262 1740 plura,
290 1655 392 1722 sedis
409 1655 580 1722 dumtaxat
596 1661 672 1740 post
687 1655 860 1721 Dominum
886 1653 1118 1740 intelligendus
1138 1659 1189 1720 est

69 1761 206 1828 Ecclesic
222 1763 287 1829 Dei
311 1767 430 1848 caput,
455 1782 553 1846 quem
572 1763 692 1830 Jhesus
717 1760 865 1829 Christus
890 1761 1049 1828 Dominus
1075 1766 1187 1827 noster

68 1869 221 1936 vicarium
238 1871 302 1936 sibi
318 1871 494 1955 substituit,
512 1877 545 1937 et
560 1879 659 1957 caput
675 1871 779 1936 eciam
795 1868 993 1953 nominavit,
1015 1867 1126 1934 dicens
1143 1868 1187 1935 cd

71 1976 190 2045 Petrum
207 2002 215 2042 :
244 1981 315 2066 ,Tu
330 1981 502 2048 vocaberis
519 1978 681 2064 Gephas“,
708 1977 795 2064 quod
810 1983 843 2043 et
858 1979 974 2044 Petrus
998 1977 1185 2062 interpreta-

71 2087 116 2148 tm
130 2091 277 2172 etcaput.
293 2089 379 2154 Sane
395 2107 467 2152 cum
484 2087 515 2151 ei
524 2087 682 2152 Dominus
698 2085 883 2172 pascendas
900 2083 1097 2150 commiserit
1107 2091 1184 2150 ores

71 2209 149 2275 suas,
167 2191 301 2276 ,Pasce
318 2193 477 2277 inquiens,
495 2212 572 2259 oves
589 2192 712 2276 meas“;
734 2193 776 2258 ab
792 2191 870 2259 ovili
886 2188 1017 2274 Christi,
1034 2189 1120 2273 quod
1136 2197 1186 2255 est

71 2297 216 2384 Ecclesia,
234 2307 424 2366 extraneum
441 2320 476 2366 se
493 2300 703 2382 demonstrat,
720 2300 775 2384 qui
792 2305 890 2385 caput
905 2319 979 2365 eum
994 2298 1116 2365 habere
1130 2317 1184 2364 no-

69 2403 154 2473 luerit
167 2416 199 2474 et
213 2415 390 2495 pastorem.
415 2409 484 2474 Nos
501 2429 589 2494 ergo,
606 2427 687 2492 quos
704 2409 873 2492 Dominus,
898 2407 974 2474 licet
993 2405 1182 2490 immeritos,

72 2510 198 2580 vicarios
213 2535 292 2584 suos
308 2535 381 2582 esse
396 2516 519 2598 voluit,
545 2524 577 2581 et
592 2515 823 2601 Apostolorum
837 2513 1000 2599 Principis
1023 2531 1184 2580 successo-

73 2637 125 2702 res,
140 2627 172 2686 rt
195 2629 333 2709 paterne
358 2624 540 2691 dilectionis
557 2623 708 2691 allectum
728 2623 815 2688 circu
834 2622 1049 2707 Bulgarorum
1066 2627 1097 2687 et
1112 2621 1184 2686 Bla-

74 2726 190 2795 clorom
204 2731 397 2815 Ecclesiam,
417 2751 478 2816 que
495 2731 680 2798 aRomanis
697 2733 795 2797 etiam
811 2731 989 2796 secuudum
1005 2748 1137 2795 curnem
1152 2734 1184 2793 et

73 2839 249 2920 sanguinem
266 2839 476 2908 descendisse
492 2839 610 2906 dicitur
619 2891 627 2924 ,
654 2861 712 2926 per
728 2840 875 2907 effectum
894 2840 1003 2926 operis
1029 2844 1183 2904 monstre-

74 2960 176 3026 rcmus,
190 2947 386 3035 iampridem
403 2947 556 3014 dilectum
565 2947 666 3014 filium
683 2998 690 3012 .
760 2947 1075 3033 Archipresbiterum
1084 2945 1182 3010 Brun-

74 3047 207 3120 dusinnm
222 3055 268 3121 ad
283 3055 394 3121 dilecti
409 3057 478 3138 filii,
496 3055 615 3123 nobilis
630 3055 692 3120 viri
702 3054 944 3137 Caloiohannis,
961 3053 1094 3120 Domini
1109 3051 1182 3117 Bul-

75 3173 208 3236 gerorum
221 3167 254 3227 et
270 3161 462 3228 Blachorum
478 3163 683 3247 presenciam
699 3161 850 3226 duximus
871 3158 1108 3242 destinandum,
1126 3157 1182 3240 qui

75 3263 131 3327 tam
144 3263 246 3350 ipsum
255 3318 265 3352 ,
292 3287 389 3352 quem
406 3268 577 3351 degentem
602 3269 661 3334 sub
678 3287 716 3335 eo
739 3267 895 3354 populum
912 3263 1131 3332 Christianum
1146 3264 1180 3330 in

76 3364 227 3442 devotione
243 3375 338 3442 Sedis
354 3376 544 3461 Apostolice
570 3376 747 3462 roboraret,
765 3383 796 3442 ct
812 3395 871 3444 nos
888 3375 928 3441 de
948 3375 1091 3461 puritate
1106 3372 1180 3440 fidei

76 3478 102 3537 et
112 3477 286 3550 sinceritate
300 3483 482 3551 dilectionis
498 3483 603 3570 ipsius
614 3483 904 3551 rediens'redderet
914 3481 1077 3549 certiores.
1095 3477 1180 3547 Gau-

76 3579 172 3653 demus
186 3596 302 3674 autem,
319 3597 353 3657 ct
368 3597 458 3657 tuam
473 3591 681 3677 prudentium
696 3592 730 3658 in
746 3573 885 3660 Domino
907 3590 1179 3672 commendamus,

76 3691 148 3768 troi
161 3695 346 3782 Apostoliee
368 3697 463 3765 Sedis
489 3699 711 3782 magisterium
737 3716 993 3781 recognoscens,
1021 3696 1180 3783 scripsisti

77 3799 197 3873 mabam
220 3811 252 3871 et
267 3805 527 3872 benedictionem
543 3807 664 3872 Sancte
681 3805 847 3872 Catholioe
872 3813 904 3872 et
918 3805 1106 3891 Apostolice
1121 3805 1180 3872 Eo-

79 3901 161 3974 closis
175 3917 205 3978 te
219 3913 328 3998 sitire,
355 3934 394 3982 ac
409 3916 479 3982 Deo
497 3915 676 4000 gratiarum
692 3915 838 3982 actiones
854 3915 982 4000 egisse,
1008 3913 1095 3999 quod
1109 3934 1179 3998 pre·

79 4006 165 4079 dctus
178 4019 296 4086 nobilis
311 4020 431 4088 nostris
448 4025 609 4086 meruerat
623 4020 741 4086 litteris
758 4021 893 4088 visitari.
910 4022 1063 4088 Volentes
1079 4020 1179 4103 igitur

79 4116 167 4188 tribuo
188 4129 315 4213 plenius
338 4137 372 4196 te
388 4149 427 4194 ac
443 4130 624 4196 Ecclesiam
639 4129 699 4196 tibi
722 4131 929 4197 commissam
954 4127 1179 4195 ecclesiastica

80 4224 184 4296 unitate
194 4235 412 4302 acdevotione
423 4237 517 4303 Sedis
527 4237 717 4322 Apostolioe
732 4240 897 4321 roborare,
915 4236 1066 4302 dilectum
1076 4233 1177 4299 lilium

79 4327 237 4408 iohannem
261 4345 469 4429 capellanum
485 4350 518 4409 et
530 4343 726 4410 familiarem
747 4351 903 4428 nostrum,
920 4341 1107 4428 Apostolice
1124 4341 1177 4406 Se·

82 4433 121 4503 ‘lit
132 4443 289 4536 Legatum,
306 4451 410 4518 virum
426 4453 598 4540 providum
615 4459 647 4520 et
662 4453 855 4536 discretum,
881 4471 976 4536 quem
991 4469 1050 4516 nos
1068 4455 1100 4514 et
1115 4447 1177 4515 lra-

82 4543 134 4611 iftt
147 4558 240 4623 nostri
250 4578 308 4624 sue
324 4559 493 4644 religionis
510 4569 541 4627 et
556 4561 730 4646 probitatis
742 4561 874 4626 obtentu
890 4559 974 4623 inter
989 4557 1177 4644 capellanos

83 4661 187 4726 nostros
202 4665 353 4752 specialis
371 4667 555 4737 dilectionis
571 4669 604 4735 in
620 4669 759 4738 Domino
774 4665 917 4735 brachiis
943 4665 1177 4752 amplexamur,
