3238 5184
672 385 828 486 9,θὲ-

182 578 215 643 ἰιι
224 579 504 667 umluptscopeli
516 581 644 649 Palatio
654 583 785 670 scripsit
801 601 909 649 eoram
926 581 1041 648 eodem
1061 583 1191 650 domino
1203 581 1306 650 Acon·

182 685 226 753 tio
243 687 454 773 Apostolitac
465 686 563 755 Sedis
579 690 715 775 Legato,
740 696 898 758 eteorum
922 690 1072 773 caeteris,
1097 691 1153 776 qui
1168 691 1214 758 ibi
1237 689 1309 756 fue-

179 799 270 877 runt;
298 801 331 861 et
346 793 430 860 siem
443 795 626 863 continetur
651 798 684 863 ln
700 799 765 865 lrse
779 801 896 884 quartu
915 803 1006 863 carra
1018 804 1051 864 et
1065 797 1099 864 in
1119 797 1188 865 alia
1203 803 1304 880 carte,

179 909 324 986 quaeest
338 902 455 970 similis
465 909 498 969 et
512 903 659 987 aequalis
670 904 746 971 huic
761 910 880 972 eattae.
897 906 948 972 Ita
963 911 1072 972 tamen
1088 906 1248 990 volumus,
1268 911 1303 971 ut

178 1011 247 1076 Deo
265 1009 363 1078 dante
387 1012 420 1078 in
437 1018 604 1079 aeteruum
621 1005 953 1080 illudllooasterium
970 1014 1081 1081 Sancti
1098 1014 1216 1084 Jacobi
1242 1014 1303 1082 sub

178 1117 273 1184 Beati
288 1118 456 1186 &ecdicii
471 1121 586 1205 regula
606 1121 775 1204 consistat,
802 1129 834 1188 et
849 1121 989 1190 diluatis
1013 1123 1163 1190 custodia
1187 1129 1219 1188 et
1240 1121 1303 1188 ira·

177 1233 261 1292 trum
287 1225 334 1292 ibi
351 1226 556 1312 degentium
584 1237 617 1296 et
632 1234 669 1294 ut
682 1247 777 1295 nemo
801 1234 984 1298 nostrorum
1008 1235 1076 1297 tem
1096 1229 1303 1314 clericorum,

176 1351 273 1417 quam
300 1333 399 1400 etiam
426 1335 594 1419 laieorum,
621 1337 766 1419 aliquam
786 1335 906 1404 habere
930 1337 1037 1423 possit
1060 1337 1302 1424 proprietatem,

175 1449 232 1507 aut
256 1447 450 1526 potestatem
475 1461 573 1528 super
602 1443 682 1511 illud
698 1445 943 1528 Monasterium,
969 1445 1065 1512 salva
1089 1452 1197 1514 tamen
1214 1467 1302 1514 reve·

174 1549 278 1616 rentia
292 1547 415 1617 domini
425 1550 606 1636 Rhsgusini
616 1552 873 1639 Arelriepiseopi.
892 1553 986 1632 Quod
996 1555 1227 1624 Monasterium
1240 1575 1299 1640 per·

173 1656 249 1723 ddei
265 1667 503 1725 sacramentum
529 1657 772 1744 inperpetuum
791 1661 986 1745 stabilimus,
1013 1669 1044 1728 et
1061 1663 1299 1746 confirmamus,

174 1773 206 1832 et
223 1766 321 1832 etiam
346 1766 496 1834 debonis
520 1768 641 1834 nostris
657 1767 762 1834 eidem
778 1769 978 1836 idonasterio
998 1769 1111 1836 Sancti
1128 1771 1244 1839 Jacobi
1268 1771 1301 1836 in

174 1881 364 1960 perpetuum
380 1872 537 1942 donamus
553 1874 676 1960 vineas,
709 1881 741 1942 et
756 1883 869 1960 terras,
894 1885 1068 1960 quaesunt
1084 1877 1116 1944 iu
1132 1877 1237 1963 Brelo,
1264 1887 1298 1944 et

175 2001 285 2047 earum
302 1981 526 2068 pertinentias,
543 1989 575 2048 et
587 1982 712 2066 vineas,
733 2002 818 2067 quae
834 1991 909 2050 sunt
924 1983 957 2050 in
967 1985 1124 2069 Vergatto
1141 2005 1213 2052 cum
1230 1985 1298 2052 suis

174 2089 388 2174 pertinentiis,
405 2095 437 2154 et
452 2108 563 2156 omnes
587 2094 703 2174 terras,
720 2109 804 2173 quae
822 2090 980 2178 incipiunt
996 2112 1017 2158 a
1032 2094 1191 2178 spelunea
1210 2095 1300 2160 Man-

172 2195 249 2280 ritii,
276 2205 308 2264 et
322 2195 445 2264 vadunt
471 2215 573 2280 usque
598 2195 642 2264 ad
658 2196 744 2266 istud
760 2197 1003 2284 Modesterinm,
1030 2204 1062 2266 et
1076 2205 1178 2266 totum
1203 2199 1299 2287 illud,

172 2302 260 2386 quod
285 2312 335 2371 est
361 2303 544 2370 incircuitu
560 2304 642 2390 ejus,
671 2311 703 2371 et
718 2304 859 2390 domum,
885 2325 970 2390 quae
994 2314 1043 2372 est
1059 2305 1103 2374 ad
1128 2307 1298 2394 pusterula

100 2421 104 2436 ‘
172 2431 244 2478 cnm
271 2412 464 2498 molendiu0,
490 2420 522 2480 et
538 2432 610 2480 cum
636 2413 787 2480 omnibus
812 2412 1015 2498 pertinentiis
1040 2414 1120 2498 ejus,
1147 2424 1297 2500 quaeest

167 2521 264 2605 juxta
280 2518 411 2587 domum
426 2518 605 2586 Grnbiscae
620 2519 731 2588 fratris
747 2521 822 2605 mei,
848 2541 888 2588 ac
902 2527 976 2606 post
995 2528 1130 2588 mortem
1149 2531 1294 2590 nostram

173 2629 298 2714 domus,
324 2647 408 2711 quae
423 2626 485 2694 fuit
509 2628 611 2713 patris
627 2628 852 2696 Dobroslarae
868 2647 941 2695 cunr
966 2628 1115 2696 omnibus
1134 2631 1294 2717 pertinen·

171 2737 226 2804 tiis
242 2734 386 2820 ejusdem
404 2736 526 2819 domus,
544 2735 578 2802 in
595 2755 660 2820 qua
677 2735 770 2803 modo
792 2755 969 2821 manemus,
986 2756 1071 2820 quae
1087 2736 1194 2804 estad
1209 2739 1296 2804 latus

171 2847 285 2914 domus
302 2844 456 2912 Dabrona
471 2843 630 2926 Prochuli,
660 2851 693 2910 et
709 2853 758 2910 est
774 2865 872 2930 super
896 2845 992 2928 riam,
1018 2865 1102 2930 quae
1126 2845 1296 2916 descendit

171 2957 214 3024 ad
229 2979 381 3044 magnum
408 2961 592 3041 mereatum,
620 2955 734 3024 demru
749 2976 823 3023 eam
838 2955 871 3022 in
891 2962 1083 3043 perpetuum
1109 2957 1214 3024 eidem
1230 2960 1295 3026 Mo-

170 3069 312 3135 nasterio
328 3066 439 3134 Sancti
455 3065 580 3151 lucebi,
606 3071 639 3132 et
654 3071 727 3152 post
742 3071 876 3133 mortem
896 3071 1040 3132 nostram
1056 3065 1171 3134 damus
1188 3067 1294 3136 eidem

171 3177 367 3245 llonasterio
392 3175 531 3260 domum,
557 3195 656 3260 quarn
680 3195 740 3262 per
767 3173 865 3244 aliam
891 3181 1014 3242 cartem
1040 3177 1101 3242 emi
1127 3177 1293 3244 aMarino

170 3287 286 3354 Zriene
311 3307 384 3353 oum
399 3284 603 3372 pertinentiis
628 3284 772 3352 eiusdem
789 3283 914 3371 domus,
940 3303 1024 3369 quae
1046 3283 1160 3352 domus
1176 3285 1238 3352 init
1253 3285 1295 3354 de

170 3393 311 3481 Gapalii,
327 3401 360 3462 et
374 3395 560 3478 deJachna,
582 3402 614 3462 et
629 3394 694 3462 ista
710 3393 824 3460 domus
841 3399 891 3460 est
906 3413 946 3460 ox
962 3392 1064 3460 latere
1079 3394 1201 3478 pelagi,
1218 3415 1291 3462 con-

169 3505 248 3570 tinet
265 3501 380 3570 domui
395 3505 539 3572 Catenae
555 3502 683 3586 Debigi,
711 3509 744 3569 et
760 3503 917 3570 exlatere
933 3501 1050 3570 montis
1077 3503 1217 3570 confluet
1240 3503 1293 3570 do·

173 3615 248 3700 mni,
273 3634 359 3699 quae
382 3615 444 3682 fuit
458 3614 626 3682 Michaelis
650 3611 754 3700 patris
777 3613 861 3699 msi;
887 3619 920 3680 et
944 3613 1040 3680 istam
1066 3612 1196 3681 domum
1220 3634 1292 3682 oum

172 3723 240 3790 sris
266 3723 488 3809 pertiuentiis,
514 3741 599 3807 quae
618 3719 678 3788 luit
702 3721 805 3808 patris
833 3721 906 3804 mei,
933 3720 1081 3788 dedimus
1106 3720 1292 3790 Grubsscae

171 3831 262 3896 fratri
278 3851 360 3915 meo,
387 3837 419 3897 et
434 3829 568 3898 hamedi
593 3848 652 3896 suo
668 3828 701 3894 iu
717 3837 917 3916 perpetuum,
944 3836 977 3896 et
993 3829 1089 3896 sicin
1116 3837 1207 3898 certa
1230 3851 1291 3898 sua
1331 3843 1334 3854 ⁴

170 3941 358 4006 continetur.
375 3939 424 4006 Sit
439 3938 575 4008 firmum.
602 3937 644 4004 Et
657 3936 739 4004 haee
755 3937 878 4021 domus,
905 3956 1003 4021 quem
1019 3935 1167 4002 dedimus
1184 3936 1290 4004 cidem

169 4045 356 4115 Grubeseae
372 4065 412 4112 ex
430 4045 533 4114 latere
551 4043 672 4132 pelagi,
698 4045 839 4112 conduct
859 4043 1046 4135 praedictae
1061 4040 1181 4127 domui,
1207 4064 1289 4128 quae

168 4155 228 4222 luit
243 4153 380 4241 (lupelli,
398 4159 430 4218 st
445 4151 600 4234 Jaehnae,
618 4155 650 4218 et
665 4171 706 4218 ex
722 4151 826 4217 latere
842 4149 959 4218 montis
975 4150 1116 4218 confluat
1132 4151 1219 4219 aliae
1234 4152 1288 4220 do-

167 4264 232 4331 mni
251 4260 463 4350 patrisnostri
473 4259 642 4328 llichaelis
654 4258 837 4344 Gundulae,
859 4259 892 4326 iu
908 4279 974 4343 qua
984 4267 1187 4327 nuuomanet
1202 4259 1288 4330 idem

167 4371 355 4456 Grubesea,
380 4375 501 4454 etpost
524 4373 660 4434 mortem
675 4373 819 4434 nostram
835 4364 1006 4449 videlieet,
1032 4384 1167 4452 vaccas,
1186 4374 1218 4434 et
1234 4389 1288 4454 pe·

166 4499 244 4545 cora
258 4484 379 4564 nostra,
403 4495 487 4560 quae
501 4483 577 4542 sunt
592 4475 625 4542 iu
640 4481 730 4542 terra
745 4494 840 4558 nova,
857 4474 973 4542 damus
989 4473 1095 4540 eidem
1111 4471 1285 4544 coenobio.

165 4587 207 4652 ldt
223 4593 447 4672 postmortem
470 4591 615 4654 nostram
638 4582 754 4650 dentur
771 4581 877 4650 eidem
893 4581 1091 4650 Monasterio
1106 4583 1215 4653 Sancti
1232 4587 1285 4652 Ja2

165 4695 248 4782 uehi,
272 4697 391 4770 rimae
407 4695 449 4764 de
465 4692 659 4762 Sionehetto
686 4711 758 4758 cum
774 4691 923 4760 omnihus
938 4691 1006 4758 suis
1022 4689 1236 4777 pertinentiis,
1254 4702 1286 4774 ct

1065 4805 1124 4865 36*
