3218 5192
823 300 980 413 js—

335 534 437 605 prope
452 509 564 582 villam
577 513 719 581 Keletha
735 511 767 600 (i
777 530 866 595 ragy
882 508 1035 594 Kelethi),
1053 504 1129 572 inde
1144 521 1258 570 versus
1278 499 1390 570 viliam
1405 494 1470 566 uu-

335 627 396 692 ruk
413 643 471 708 per
495 621 665 690 continuas
691 627 796 685 metas
819 613 990 683 descendit
1005 614 1038 679 in
1055 613 1194 695 vallem,
1222 618 1254 676 et
1270 609 1358 675 venit
1373 607 1469 672 iuxta

334 729 473 798 eandem
487 729 600 796 villam
608 727 741 812 Turuk3
759 745 888 794 rursum
899 722 1047 790 ascendit
1063 720 1106 785 ad
1124 721 1249 802 vineas,
1261 717 1379 783 abhinc
1393 734 1468 800 pro-

334 839 480 925 greditur
493 837 644 922 adriam,
661 837 695 902 in
712 855 777 920 qua
794 831 963 901 descendit
973 829 1016 896 ad
1032 829 1177 913 fluuium,
1195 833 1228 893 et
1243 826 1277 891 in
1289 824 1404 891 eodem
1420 821 1467 888 ad

334 947 452 1032 laeum,
470 947 504 1011 in
520 947 611 1012 cuius
627 943 735 1010 medio
751 943 852 1009 intrat
869 940 912 1007 ad
932 940 1039 1006 laeum
1056 937 1207 1021 Balatun,
1219 971 1263 982 -
1273 970 1315 980 —
1328 971 1368 980 -
1380 930 1468 1015 quic-

335 1053 413 1138 quid
429 1052 514 1119 infra
529 1053 589 1118 hec
614 1069 803 1135 quecunque
820 1049 894 1116 loca
910 1046 1053 1114 interris
1069 1043 1166 1111 cultis
1182 1049 1215 1108 et
1233 1041 1376 1124 incultis,
1401 1060 1467 1105 mo-

335 1159 487 1243 lendinis,
505 1158 716 1241 arundinetis,
732 1153 996 1242 piscacionibus,
1022 1153 1135 1237 procul
1158 1149 1258 1216 dubio
1275 1148 1319 1214 ad
1343 1148 1467 1214 dictum

335 1266 507 1333 cenobium
532 1265 680 1354 pertinet.
705 1263 793 1330 Villa
808 1261 954 1346 Zantod,
983 1280 1046 1344 que
1061 1259 1112 1326 his
1138 1259 1232 1324 metis
1247 1257 1466 1323 terminatur:

336 1375 428 1440 iuxta
442 1373 583 1439 Balatun
599 1380 649 1440 est
665 1371 833 1454 fossatum,
854 1369 941 1453 quod
957 1374 1044 1434 meta
1059 1367 1159 1450 Regis
1175 1365 1312 1450 dicitur;
1329 1363 1407 1430 inde
1422 1361 1468 1427 ad

336 1481 434 1565 mam,
452 1481 505 1546 vbi
522 1488 573 1547 est
588 1480 673 1566 lapis
689 1501 748 1565 pro
765 1485 870 1562 meta;
887 1477 1006 1542 abhinc
1023 1493 1139 1542 versus
1160 1473 1326 1539 meridiem
1343 1469 1387 1537 ad
1402 1469 1467 1536 fos-

337 1593 463 1670 satum,
489 1593 521 1652 et
538 1585 580 1653 ad
596 1593 737 1653 montem
753 1591 784 1651 et
801 1586 834 1650 in
850 1585 971 1649 vertice
994 1585 1155 1648 moncium
1173 1580 1323 1664 dirigitur
1338 1578 1406 1644 fere
1421 1577 1467 1642 ad

338 1715 435 1762 vnum
452 1695 588 1779 miliare,
605 1703 637 1762 et
648 1695 695 1761 ibi
712 1701 762 1761 est
773 1700 877 1778 meta3
895 1693 970 1758 inde
985 1712 1100 1758 uersus
1116 1689 1317 1758 occidentem
1332 1689 1464 1755 descen·

339 1804 386 1869 dit
402 1801 444 1867 ad
460 1803 590 1887 vallem,
615 1821 742 1868 rursum
759 1799 907 1867 ascendit
923 1799 966 1865 ad
982 1805 1122 1866 montem
1138 1799 1171 1864 in
1188 1799 1280 1863 cuius
1295 1797 1399 1862 latere
1416 1801 1469 1860 est

337 1917 442 1994 meta;
460 1907 536 1975 inde
553 1909 700 1976 ascendit
714 1909 747 1974 in
764 1909 851 1974 dicto
868 1926 963 1973 cursu
974 1907 1017 1971 ad
1035 1911 1186 1989 montem,
1207 1907 1287 1972 etin
1304 1903 1467 1968 descensu

337 2018 444 2084 ultimi
461 2018 579 2083 montis
595 2039 636 2085 err
652 2023 789 2100 utraque
805 2022 898 2102 parte
914 2017 966 2082 vie
989 2022 1065 2082 sunt
1081 2019 1183 2098 mete,
1209 2014 1243 2078 iu
1258 2031 1323 2096 qua
1337 2012 1394 2077 via
1409 2009 1466 2076 de-

337 2123 464 2192 seendit
479 2124 523 2189 ad
538 2125 680 2210 vallem,
705 2125 782 2191 inde
798 2125 842 2190 ad
857 2131 961 2191 metas
977 2143 1091 2191 versus
1115 2121 1301 2205 aquilonem
1317 2119 1406 2184 venit
1421 2117 1467 2182 ad

337 2231 435 2314 viam,
452 2251 518 2313 qua
533 2232 661 2298 venitur
677 2233 717 2297 de
732 2232 812 2298 villa
827 2231 954 2298 Zantod
971 2232 1014 2297 ad
1030 2230 1230 2312 Kedresheg,
1247 2233 1279 2294 et
1294 2247 1354 2314 per
1369 2230 1468 2312 prata

338 2359 377 2404 ae
395 2337 588 2404 arundineta
611 2339 809 2406 transeundo
826 2339 973 2406 ascendit
989 2339 1033 2405 ad
1048 2337 1221 2404 Feulduar.
1244 2332 1406 2417 Quicquid
1420 2334 1468 2398 in-

337 2443 390 2511 ira
404 2446 465 2512 hec
480 2465 667 2530 quecunque
690 2449 764 2514 loca
779 2449 811 2513 in
827 2449 932 2532 terris,
958 2449 992 2514 in
1008 2447 1181 2530 montibus,
1206 2445 1330 2529 vineis,
1358 2441 1465 2524 siluis,

338 2551 512 2638 piscaturis
528 2561 602 2619 sunt
612 2605 620 2638 ‚
647 2555 690 2620 ad
707 2556 827 2622 dictum
854 2557 1022 2622 cenobium
1038 2555 1151 2643 procul
1167 2553 1267 2620 dubio
1290 2552 1467 2637 pertinent.

337 2661 375 2725 In
392 2660 471 2725 villa
487 2659 680 2746 Kourusheg
695 2663 726 2728 X
743 2663 927 2728 mansiones
945 2664 986 2728 ab
1013 2662 1163 2745 aquilone
1178 2681 1251 2727 cum
1267 2666 1376 2726 monte
1398 2678 1468 2724 rer-

338 2785 394 2832 sus
410 2767 567 2833 orientem
592 2787 630 2834 ac
646 2769 720 2835 aliis
737 2769 927 2854 apendiciis.
949 2773 993 2836 ·In
1009 2769 1089 2835 villa
1113 2770 1258 2836 Zaroaou
1277 2768 1309 2832 X
1324 2767 1468 2833 mansio-

337 2894 395 2940 nes
412 2894 484 2940 cum
510 2873 637 2941 duabus
662 2877 885 2944 mansionibus
900 2897 1013 2944 versus
1030 2875 1197 2943 meridiem
1208 2925 1216 2960 ,
1243 2881 1275 2940 et
1290 2873 1384 2939 siluis
1410 2893 1467 2938 no-

337 2983 423 3048 mine
438 2979 552 3046 G-n
569 3003 608 3048 ac
623 2981 806 3068 Erdemegy
832 2985 970 3068 aliisque
996 2983 1199 3069 appendiciis
1224 2981 1301 3047 ville
1327 2981 1465 3046 (damas.

337 3089 462 3156 Ibidem
477 3089 556 3155 villa
571 3089 696 3156 Baklar
711 3111 782 3156 oum
799 3099 904 3178 portu,
920 3111 983 3177 que
1000 3091 1060 3176 hys
1071 3088 1217 3156 terminis
1233 3087 1464 3154 includuntur:

337 3197 415 3264 Exit
430 3196 471 3262 de
486 3197 625 3264 Balaton
650 3199 785 3265 eivenit
800 3199 834 3264 in
851 3199 1052 3264 arundinetis
1077 3197 1226 3283 palisper
1243 3215 1356 3262 versus
1382 3196 1467 3261 occi-

337 3305 465 3372 dentem
481 3325 584 3392 prope
600 3305 773 3372 ecclesiam
789 3307 900 3372 Sancti
910 3305 1097 3388 Clementis,
1115 3310 1146 3371 et
1162 3304 1205 3370 ad
1215 3303 1384 3369 meridiem
1404 3323 1467 3389 per

337 3413 456 3480 bonum
473 3414 618 3498 spacium
635 3415 740 3480 eundo
756 3415 845 3482 venit
861 3415 903 3480 ad
919 3416 1016 3499 viam,
1033 3421 1065 3480 et
1079 3416 1172 3481 iuxta
1182 3413 1346 3498 quandam
1364 3412 1466 3479 eecle-

337 3523 420 3587 siam
436 3522 479 3586 ad
493 3521 640 3606 predium
664 3523 785 3608 Regis,
811 3531 842 3590 et
858 3523 1006 3589 adriam
1030 3523 1160 3608 Hodut;
1187 3521 1263 3588 inde
1290 3521 1332 3587 ad
1357 3529 1466 3588 metas

336 3627 427 3692 iuxta
451 3629 558 3712 ipsam
582 3629 688 3712 viam,
715 3629 790 3696 inde
806 3631 839 3695 in
864 3630 980 3696 eadem
1005 3631 1060 3696 ria
1084 3649 1142 3716 per
1168 3631 1289 3696 bonum
1314 3631 1466 3713 spacium

336 3733 541 3800 ascendendo
557 3755 658 3819 penes
682 3741 748 3803 tres
773 3744 886 3822 metas,
903 3744 936 3806 et
952 3739 995 3804 ad
1019 3737 1139 3804 vallem
1163 3757 1290 3804 rursum
1315 3736 1467 3804 ascendit

335 3861 450 3910 versus
466 3840 676 3928 occidentem,
692 3845 748 3910 vbi
764 3853 813 3912 est
823 3847 891 3913 alia
906 3848 970 3932 ria,
987 3848 1020 3913 in
1037 3867 1101 3929 qua
1117 3844 1344 3913 descendendo
1360 3850 1394 3910 et
1410 3844 1464 3910 de·

336 3969 422 4016 mum
438 3948 642 4034 procedendo
658 3951 809 4036 dirigitur
831 3974 932 4041 prope
946 3955 1058 4021 villam
1075 3953 1225 4038 Obecby‚
1251 3953 1307 4020 rbi
1323 3953 1466 4020 flectitur

336 4056 380 4128 ad
404 4058 589 4142 aquilonem
614 4067 646 4126 et
670 4061 849 4146 ingreditur
874 4061 917 4127 ad
947 4063 1053 4128 lacum
1081 4061 1230 4127 Balatun.
1263 4059 1464 4145 Quocunque

335 4174 444 4234 autem
456 4165 508 4232 his
525 4167 618 4232 metis
628 4167 843 4254 includuntur,
857 4170 970 4256 procul
981 4169 1079 4236 dubio
1096 4168 1140 4234 ad
1159 4169 1281 4235 dictum
1290 4171 1463 4237 cenobium

334 4275 509 4362 pertinent.
535 4274 660 4341 Ibidem
676 4281 726 4342 cst
750 4277 835 4342 silua
849 4276 933 4342 Path
948 4278 1078 4344 nomine
1093 4275 1171 4344 dicti
1187 4277 1333 4364 cenobii,
1357 4279 1464 4344 tercia

335 4401 413 4470 pars
429 4380 569 4449 forensis
593 4383 705 4448 tributi
720 4384 753 4450 in
769 4383 924 4468 Simigio;
951 4383 1072 4450 ibidem
1086 4385 1189 4451 tercia
1207 4405 1285 4470 pars
1300 4385 1379 4452 ville
1394 4387 1463 4476 Hy·

334 4491 405 4576 das,
422 4497 454 4557 et
469 4491 572 4559 tercia
588 4511 665 4577 pars
680 4493 792 4559 tributi
808 4493 886 4560 ville
895 4494 985 4578 Saag
999 4513 1072 4560 cum
1088 4495 1260 4579 montibus,
1276 4494 1382 4581 siluis,
1398 4500 1462 4563 ter·

333 4595 398 4694 ris,
423 4597 546 4686 vineis,
573 4597 712 4684 aliisque
728 4600 929 4688 appendiciis
955 4601 1023 4670 suis
1049 4621 1088 4670 ao
1112 4605 1202 4668 terra
1226 4603 1319 4670 iuxta
1343 4602 1462 4682 villam
