3164 5192
549 329 705 428 .-l-8⁹..

69 526 189 609 baculi,
216 532 249 592 et
265 526 472 609 sandalium,
499 526 583 590 sicut
599 526 873 610 praedecessores
890 528 937 592 tui
961 528 1118 594 hacteuus
1142 531 1195 596 ha-

68 628 170 699 buisse
185 641 381 718 noscuntur,
408 633 449 699 de
466 633 667 718 benignitate
686 633 782 699 Sedis
799 635 1014 719 Apostolicae
1029 636 1090 703 tibi
1105 638 1195 703 duxi-

68 760 131 807 mus
147 739 409 832 concedendum,
437 747 473 806 ut
488 742 569 826 ipsis
586 739 816 806 ecclesiasticis
841 741 1025 826 insignibus
1046 746 1195 810 solemni-

68 849 122 914 bus
137 849 401 934 processionibus
426 854 458 915 et
474 849 663 936 praecipuis
681 847 912 916 festivitatibus
933 852 1102 918 Ecclesiae
1117 857 1194 918 tuae

67 956 103 1022 de
118 957 311 1024 auctoritate
322 957 418 1024 Sedis
430 957 652 1042 Apostolicae,
673 963 740 1022 tam
756 957 1193 1043 inframonasteriumtuum,
1234 1024 1239 1036 ,

66 1084 156 1146 quam
184 1065 344 1132 ecclesias
369 1067 570 1150 pertinentes
596 1063 640 1130 ad
665 1066 772 1149 ipsum
796 1065 898 1131 libere
921 1068 1068 1153 potiaris.
1102 1068 1194 1133 Nulli

67 1193 138 1258 ergo
154 1176 300 1240 omnium
315 1175 482 1242 bominum
507 1177 606 1240 liceat
620 1171 705 1238 hanc
728 1175 884 1257 paginam
907 1181 1039 1242 nostrae
1065 1195 1194 1242 conces·

66 1281 160 1348 sionis
179 1281 360 1368 infringere
369 1334 378 1367 ,
395 1285 450 1350 vel
465 1283 496 1349 ei
511 1301 593 1349 ausu
609 1281 784 1350 temerario
801 1283 971 1350 contraire.
1000 1284 1124 1367 Siquis
1140 1303 1193 1350 au·

66 1395 124 1454 tem
137 1388 199 1456 hoc
216 1397 415 1477 attemptare
428 1391 694 1476 praesumpserit,
715 1389 972 1472 indignationem
985 1391 1194 1478 Omnipoten-

65 1497 102 1561 tis
116 1498 187 1584 Dei,
205 1507 240 1566 et
255 1500 431 1567 Beatorum
446 1499 535 1564 Petri
555 1503 588 1564 ct
603 1497 698 1564 Pauli
711 1497 944 1582 Apostolorum
960 1500 1030 1584 ejus
1045 1518 1082 1565 se
1097 1519 1192 1564 nove-

65 1603 102 1668 rit
116 1605 330 1672 incursurum.

164 1715 290 1780 Datum
300 1714 456 1781 Laterani
466 1715 538 1780 XV.
550 1713 713 1781 kalendas
724 1713 825 1798 lunii,
836 1713 1047 1780 Pontificatus
1058 1732 1143 1780 anno
1155 1714 1192 1778 V.

318 1909 444 1978 (Farlati,
457 1915 596 1980 Illyricum
611 1915 725 1966 Sacrum
738 1915 771 1965 V.
784 1916 841 1965 lr‘ot.
856 1915 898 1964 65.
912 1913 942 1976 l.)

500 2181 765 2192 -ι--..-.-.

591 2628 668 2695 121.

68 2805 122 2868 ΙΙΙ.
138 2806 293 2874 Caelestia
302 2813 396 2894 pctpa
406 2833 426 2872 a
443 2807 580 2895 spclutou'
596 2811 683 2874 &sak
698 2811 935 2896 domeppdjdrrolt
945 2817 1096 2897 papsdpo
1108 2811 1193 2875 teari

197 2917 467 3003 appendlecsdprk
483 2916 656 2981 elioldzesdt
672 2917 797 3002 telphon
816 2917 942 3005 dopyju.
962 2920 1059 2983 1196.

166 3112 374 3179 Caelestinus
391 3112 574 3198 Episcopus
590 3133 706 3179 servus
726 3133 893 3180 servorum
910 3113 990 3196 Dei,
1012 3115 1190 3180 venerabili

69 3217 154 3286 fratri
168 3222 447 3307 Archiepiscopo,
466 3227 498 3286 et
514 3221 642 3287 dilectis
659 3222 734 3288 filiis
750 3221 924 3289 Canonicis
943 3224 1191 3308 spalatensibus

70 3329 199 3395 salutem
217 3337 253 3395 et
268 3331 494 3416 Apostolicam
520 3330 789 3398 benedictionem.
812 3329 897 3395 Cum
913 3331 997 3396 inter
1015 3338 1066 3415 te,
1092 3329 1192 3396 frater

69 3434 329 3523 Arcbiepiscope,
347 3444 380 3501 et
394 3443 471 3502 tuae
487 3436 629 3503 civitatis
642 3437 793 3522 Clericos,
812 3457 910 3524 snper
924 3439 1025 3504 variis
1045 3437 1191 3504 articulis

70 3547 209 3626 quaestio
231 3550 430 3628 verteretur,
461 3565 533 3612 eam
549 3554 661 3613 nostro
678 3547 865 3632 conspectui
876 3548 1132 3634 praesentastis,
1157 3552 1193 3612 nt

70 3651 123 3716 sub
137 3660 250 3719 nostro
277 3655 426 3721 examine
442 3654 603 3720 ventilata
628 3653 692 3720 fine
708 3655 817 3722 debito
842 3655 1064 3740 clauderetnr3
1090 3654 1192 3738 aqui-

3 3781 4 3784 *
71 3757 124 3823 bus
147 3763 261 3845 utique
278 3759 414 3828 Gleriois
438 3767 492 3846 tu,
518 3763 620 3828 irater
636 3763 906 3849 Archiepiscope,
930 3765 1133 3849 postulabas,
1157 3769 1192 3828 ut

73 3873 214 3947 quartam
232 3872 359 3955 partem
375 3867 619 3952 decimationis,
646 3877 679 3936 et
692 3870 892 3936 oblationum
908 3872 948 3937 de
965 3891 1100 3956 corpore
1118 3869 1192 3933 ciri-

70 3973 138 4038 tatis
152 3975 214 4042 tibi
231 3975 375 4042 debitam
400 3973 603 4043 exhiberent.
620 3977 760 4045 Petebas
785 3979 904 4062 etiarn,
929 3989 965 4046 ut
980 3999 1018 4045 eo
1033 3985 1189 4061 tempore,

71 4082 185 4161 quoad
199 4085 383 4150 &menam
399 4081 530 4150 Curiam
556 4085 728 4152 accederes
748 4085 997 4168 consecrandus,
1024 4103 1059 4149 se
1076 4085 1190 4149 Roma·

71 4207 138 4254 num
152 4191 363 4277 Pontificem,
388 4194 640 4280 Imperatorem,
668 4195 721 4261 vel
738 4198 861 4281 Regem
878 4213 978 4262 causa
993 4187 1189 4258 visitationis

73 4296 191 4384 adires,
208 4309 255 4385 tu,
282 4301 333 4368 vel
350 4319 557 4368 successores
572 4303 638 4387 tui,
665 4303 751 4371 idem
768 4304 885 4370 Clerici
908 4302 968 4369 tibi
994 4297 1189 4382 adjutorium

72 4401 288 4491 impenderent
297 4417 522 4496 opportunum.
547 4411 615 4494 Ipsi
630 4413 778 4480 verotibi
790 4411 925 4477 adhaec
942 4406 1050 4474 taliter
1060 4420 1190 4487 respon-

72 4509 194 4599 debant,
213 4515 388 4600 quodcum
405 4516 677 4600 praedecessores
690 4517 737 4584 tui
753 4517 894 4602 quinque
904 4507 1189 4587 hebdomadarios,

71 4621 293 4710 Presbyterum
318 4627 455 4708 scilicet,
475 4625 623 4693 Levitam
633 4677 642 4710 ,
658 4625 918 4707 subdiaconum,
939 4617 1132 4699 Acolitlrunr,
1159 4617 1191 4679 et
