3200 5182
893 911 971 982 243.

398 1093 459 1159 HJ.
477 1093 637 1160 Honorius
646 1093 806 1182 pdpdnak
822 1093 975 1160 studetote
990 1093 1202 1182 upyaualtlroa,
1223 1096 1304 1182 isopy
1321 1119 1342 1160 a
1359 1095 1464 1161 trienii

477 1201 661 1288 paspotoek
669 1201 944 1288 saltzentsldstbea
959 1201 1095 1270 ueouud
1110 1203 1257 1292 eljdrjon.
1279 1206 1379 1270 1218.

453 1395 618 1465 Honorius
628 1395 809 1483 Episcopus
826 1415 940 1463 seruus
950 1415 1118 1464 seruorum
1129 1396 1190 1464 Dei
1207 1399 1387 1466 venerabili
1401 1399 1494 1466 fratri

430 1503 599 1572 colocensi
609 1503 863 1590 Arohiepisoopo
879 1505 914 1571 in
924 1505 1149 1572 Patriarolram
1160 1505 1416 1591 Aquilegensem
1432 1510 1493 1575 ele-

364 1621 427 1697 cto,
452 1613 591 1680 salntem
607 1620 641 1680 et
655 1611 878 1699 Apostolioam
896 1609 1162 1680 benedictionem.
1187 1611 1276 1698 Cum,
1302 1614 1389 1682 siout
1403 1634 1494 1680 aone-

364 1723 481 1810 pimus,
498 1721 638 1790 dileotus
653 1720 738 1788 lilius
753 1722 796 1786 M.
813 1719 1026 1804 Tergestinus
1042 1719 1174 1788 Eleotus
1189 1718 1231 1787 de
1247 1721 1418 1790 voluntate
1439 1723 1492 1790 bo·

362 1850 405 1897 ne
419 1829 573 1898 memorie
587 1831 639 1896 W.
655 1828 845 1896 Patriarohe
860 1827 1099 1914 Aquilegensis,
1126 1827 1213 1896 Cleri
1230 1837 1262 1896 et
1276 1831 1393 1916 populi
1417 1831 1492 1897 Tor-

364 1937 482 2022 gestini
498 1957 591 2005 suam
602 1935 881 2006 consecrationem
897 1935 1068 2021 distulerit,
1089 1935 1167 2020 quia
1182 1935 1216 2003 id
1235 1938 1394 2023 expedire
1410 1960 1492 2006 oom-

364 2047 462 2116 misse
473 2047 538 2115 sibi
548 2046 695 2114 lloolesie
705 2045 887 2131 videbatur,
898 2043 1049 2128 idemque
1060 2043 1323 2113 Patriarohahoo
1333 2051 1492 2134 temporo,

363 2155 427 2222 nisi
445 2155 560 2222 luisset
576 2159 677 2220 morte
693 2161 888 2239 preventus,
915 2171 1029 2220 munus
1045 2145 1297 2221 oonseorationis'
1314 2153 1491 2239 impendis-

362 2269 412 2330 set
436 2261 566 2328 eidem:
591 2258 789 2346 fraternitati
813 2265 888 2346 tue,
913 2260 1005 2328 iuxta
1029 2257 1115 2342 qnod
1140 2259 1284 2346 prelatus
1308 2260 1492 2347 postulavit

362 2369 503 2454 illectus,
519 2387 579 2454 per
594 2364 786 2452 Apostolioa
798 2366 921 2453 soriptu
937 2367 1138 2453 mandamus,
1162 2374 1323 2451 quatenus
1340 2369 1490 2436 Electum

362 2474 542 2562 predictum
559 2473 603 2540 ad
618 2478 651 2539 te
667 2471 784 2541 devote
801 2493 840 2540 ao
857 2473 1020 2542 humiliter
1029 2473 1248 2561 aooodentem
1264 2475 1330 2542 nisi
1346 2476 1378 2542 ei
1396 2497 1490 2545 eano-

361 2583 468 2650 nieum
487 2578 566 2666 quid
581 2579 728 2667 obsistat,
755 2603 819 2649 nou
835 2581 977 2668 differas,
1002 2583 1110 2668 palleo
1135 2583 1178 2649 ab
1194 2583 1389 2668 Apostoliea
1405 2585 1489 2652 Sede

360 2698 501 2777 reoepto,
518 2708 590 2756 oum
607 2689 650 2756 ab
665 2707 704 2758 eo
721 2689 816 2756 Olero
832 2695 865 2756 et
879 2689 1000 2776 populo
1017 2688 1214 2775 supradietis
1230 2691 1409 2774 requisitus
1424 2693 1487 2760 fue

360 2799 416 2882 ris,
433 2816 635 2868 consecrare.
659 2797 781 2864 Delum
796 2797 952 2865 Laterani
969 2798 1025 2866 vl.
1042 2794 1205 2865 kalendas
1221 2798 1355 2885 Aprilis,
1383 2800 1489 2869 Ponti·

361 2905 476 2974 fioatus
492 2906 594 2973 nostri
610 2925 696 2972 anno
712 2905 864 2973 seeundo.

704 3101 842 3172 (Theium,
855 3105 890 3158 id
904 3122 938 3160 m.
952 3108 975 3157 1.
989 3106 1045 3156 lr'dt.
1062 3107 1101 3156 tt.
1115 3103 1145 3170 l.)

885 3819 962 3889 244.

355 3999 404 4069 Aa
418 4003 601 4090 saeterpumi
615 4002 837 4092 kdptalaaaale
853 4000 1124 4090 bizonpotplovote,
1137 3999 1217 4088 doqy
1234 4000 1337 4085 Poe,
1355 4002 1487 4070 &most

357 4107 514 4176 comsanek
539 4109 679 4197 ttpyudks
703 4134 741 4176 az
757 4090 817 4176 ὄνε
841 4109 979 4197 delpsepi
1003 4109 1178 4175 kousdromt'
1202 4107 1486 4197 odrssiobbdpyoktdt

638 4218 747 4286 ddrom
763 4218 872 4307 ekdrtyt'
885 4215 993 4304 jttdet
1009 4227 1076 4283 vett.
1103 4217 1199 4282 1218.

463 4413 582 4482 Sanote
607 4415 842 4501 strigoniensis
867 4416 1015 4485 Eeolesie
1041 4415 1225 4504 Capitulum
1247 4416 1418 4498 omnibus,
1441 4413 1486 4482 ad

355 4540 438 4604 quos
449 4521 563 4590 littere
588 4531 757 4611 presentes
772 4524 986 4612 peruenerint,
1014 4522 1183 4592 oraciones
1202 4522 1235 4591 in
1251 4523 1403 4591 Domino.
1420 4523 1483 4589 No-

354 4635 422 4695 tum
438 4628 481 4696 sit
506 4630 676 4716 uniuersis,
698 4629 785 4716 quod
807 4631 991 4702 constitutis
1016 4631 1048 4698 iu
1064 4631 1233 4720 preseneio
1258 4637 1373 4701 nostra
1391 4631 1482 4701 lloor
