3164 5192
832 307 986 409 -.aa

345 525 500 596 caporum
510 514 542 576 et
557 507 700 576 omnium
710 507 936 575 Praelatornm
945 503 1113 572 Ecclesiae
1124 503 1186 571 Dei
1202 502 1389 572 defensione
1401 519 1483 571 con-

343 617 482 701 sistant,
499 621 688 702 statuentes,
706 621 752 700 ut,
769 616 872 682 donec
889 614 930 682 de
945 613 1091 702 ipsorum
1107 611 1196 680 obitu
1212 614 1265 679 vel
1287 612 1392 682 reditu
1410 631 1483 678 cer-

345 722 469 797 tissime
494 730 730 811 cognoscatur,
755 724 883 808 integra
908 726 1072 806 maneant,
1097 727 1130 786 et
1154 721 1267 803 quieta
1282 719 1480 788 consistant.

346 831 441 912 Quod
457 833 485 898 si
500 833 674 918 pruisquam
688 839 801 900 contra
818 828 1081 918 praesumpserit,
1103 847 1163 916 per
1179 846 1349 897 censuram
1375 825 1483 894 eccle-

346 939 512 1008 siasticam
538 939 760 1028 appellatione
785 939 971 1027 postposite
985 941 1220 1027 compescatur.
1252 936 1287 1004 si
1315 936 1483 1019 quivero

346 1047 619 1133 proficiscentium
634 1049 712 1114 illuc
731 1047 773 1114 ad
788 1046 1008 1134 praestandas
1033 1065 1149 1113 usuras
1160 1045 1347 1130 juramento
1363 1051 1483 1112 tenen-

345 1162 397 1222 tur
412 1156 568 1240 adstricti,
586 1177 655 1237 vos,
665 1156 781 1222 iratres
792 1155 1044 1242 Archiepiscopc
1054 1159 1087 1219 et
1095 1153 1260 1240 Episcopi,
1271 1172 1329 1238 per
1344 1158 1480 1220 vestras

347 1261 504 1330 Dioceses
530 1263 705 1329 creditores
731 1281 860 1346 eorum,
886 1263 1015 1329 sublato
1035 1259 1267 1346 appellationis
1292 1259 1483 1342 obstaculo,

348 1369 463 1436 eadem
487 1368 688 1435 districtione
704 1369 848 1454 cogatis,
875 1375 910 1434 ut
926 1387 982 1434 eos
1007 1373 1247 1434 esacrameuto
1272 1365 1399 1453 penitus
1421 1365 1484 1433 alr-

347 1473 528 1558 solventes,
558 1477 600 1541 ab
616 1495 789 1542 usurarum
804 1476 940 1542 nlterins
956 1475 1126 1542 exactione
1147 1473 1317 1542 desistant.
1335 1471 1432 1550 Quod
1451 1473 1485 1538 si

349 1581 521 1665 qumquam
545 1583 740 1649 creditorum
757 1601 813 1648 cos
839 1582 882 1648 ad
898 1583 1093 1649 solationem
1118 1583 1262 1668 coegerit
1283 1601 1483 1664 usurarum,

348 1707 422 1756 eum
439 1688 481 1754 ad
497 1689 733 1756 restitutionem
749 1709 871 1772 earum,
899 1690 1028 1756 sublato
1046 1689 1277 1774 appellationis
1294 1688 1483 1769 obstaculo,

348 1795 548 1862 districtione
573 1796 671 1862 simili
687 1797 911 1882 compellatis:
939 1795 1083 1864 Judaeos
1101 1815 1177 1862 vero
1202 1797 1245 1862 ad
1265 1795 1484 1862 remittendas

349 1903 431 1988 ipsis
448 1923 563 1970 usuras
580 1923 638 1989 per
653 1905 855 1970 saecularem
872 1904 1022 1990 compelli
1035 1903 1254 1990 praecipimus
1269 1909 1483 1988 potestatem,

349 2017 382 2075 et
397 2011 500 2076 donce
516 2030 573 2076 eas
590 2010 781 2094 remiserint,
798 2012 841 2076 ab
857 2010 1016 2078 universis
1038 2009 1158 2077 Christi
1181 2009 1340 2094 fidelibus,
1360 2018 1428 2076 tam
1445 2011 1484 2076 in

349 2116 576 2200 mercimoniis,
595 2137 692 2200 quarn
710 2117 804 2202 aliis,
830 2137 889 2206 per
905 2119 1246 2185 excommunicationis
1270 2119 1482 2203 sententiam,

349 2225 396 2292 eis
408 2225 560 2308 jubemus
588 2225 845 2292 communionem
862 2225 1080 2294 omnimodam
1102 2225 1267 2310 denegari.
1284 2226 1406 2292 Horum
1422 2245 1484 2292 an·

350 2341 415 2398 tem
432 2353 509 2414 vos,
535 2331 651 2398 fratres
670 2331 922 2419 Archiepiscope
938 2340 969 2399 et
987 2333 1162 2419 Episcopi,
1186 2333 1331 2418 singulos
1358 2331 1393 2396 in
1407 2333 1483 2400 suis

350 2439 543 2506 Diocesilrus
559 2446 747 2507 executores
762 2459 835 2507 esse
850 2442 999 2508 volumus
1015 2449 1047 2506 et
1067 2439 1282 2520 mandamus,
1308 2459 1394 2525 quae
1408 2445 1482 2506 tarn

352 2546 523 2630 diligenter
538 2553 571 2613 ct
595 2547 733 2614 fideliter
749 2549 974 2635 exequamini,
1000 2557 1035 2616 ut
1049 2550 1082 2614 in
1106 2547 1251 2616 districto
1276 2549 1481 2616 notissimae

350 2654 564 2720 discussionis
583 2657 743 2740 examine,
770 2676 842 2724 cum
868 2657 1042 2725 adstabitia
1074 2663 1149 2725 ante
1177 2657 1321 2724 tribunal
1346 2656 1481 2740 Christi,

352 2761 486 2844 dignam
501 2762 648 2830 debeatis
672 2763 810 2831 reddere
825 2766 995 2832 rationem.

458 2869 579 2936 Datum
594 2871 748 2936 Laterina
773 2871 937 2938 kalendas
952 2872 1120 2956 Januarii,
1146 2873 1360 2941 Pontificatum
1378 2843 1481 2940 nostri

352 2995 437 3043 anrm
455 2977 606 3044 seeundo.

566 3176 688 3240 (Parieti,
701 3177 839 3243 Illyricum
852 3178 964 3230 Sacrum
978 3177 1024 3230 Vl.
1040 3180 1094 3230 ket.
1108 3179 1150 3229 st.
1165 3179 1205 3228 sk.
1220 3178 1260 3244 ll.)
