3218 5192
665 1022 743 1090 105.

128 1221 267 1308 Rugum
277 1227 382 1300 oda-oa,
396 1225 427 1287 c'a
439 1223 560 1287 Novana
574 1222 659 1288 scarb
670 1227 876 1310 mqusopoa
885 1225 970 1288 kdzta'
981 1223 1150 1290 1111011110.
1164 1226 1263 1289 1186.

239 1419 278 1485 In
294 1419 425 1484 nominc
440 1419 548 1485 Patris
566 1427 598 1484 et
614 1419 691 1484 Filii
707 1427 739 1486 et
755 1420 896 1505 Spiritus
912 1423 1023 1488 Sancti
1035 1423 1148 1487 Amen.
1166 1421 1260 1516 Anno

129 1528 280 1593 eiusdem
297 1527 533 1594 Incamationis
552 1527 725 1596 millesimo
750 1530 926 1596 centesimo
943 1529 1140 1614 octogesimo
1157 1535 1261 1614 sexto,

128 1635 313 1702 Indictione
330 1635 451 1719 quinta,
469 1656 580 1702 mense
596 1637 807 1722 Septembris,
827 1637 880 1704 die
891 1639 1081 1704 Sanctorum
1097 1637 1214 1704 Cosme
1229 1644 1261 1703 et

128 1743 297 1810 Damiani.
323 1743 361 1808 In
388 1742 522 1809 ciuitate
546 1744 683 1827 Ragusii
710 1743 742 1808 in
768 1743 859 1810 curia
883 1742 1006 1811 domini
1033 1745 1260 1828 gloriosissimi

126 1854 232 1937 Regis
243 1849 422 1940 W(ilbclmi
439 1850 647 1938 Siciliarum),
665 1859 697 1918 et
713 1851 833 1918 domini
849 1851 984 1918 Tribuni
995 1851 1259 1938 Archiopiscopi;

126 1963 163 2028 in
180 1960 349 2046 presentia
365 1958 573 2043 Tasabgardi
590 1960 689 2044 Regis
710 1959 890 2026 Camerarii
899 2013 907 2046 ,
934 1983 973 2026 ac
990 1960 1141 2027 Geruasii
1158 1961 1260 2030 Comi-

126 2071 184 2152 tis,
203 2075 455 2152 cunctorumque
481 2069 637 2136 nobilium
654 2077 686 2136 et
703 2071 815 2156 populi
831 2071 993 2154 uniuersi,
1015 2073 1114 2138 Perut
1129 2071 1260 2138 Menda-

129 2181 184 2244 lus
200 2177 331 2264 anan,
358 2183 390 2242 et
406 2177 572 2243 Drusinna
588 2175 720 2262 Semiga
736 2177 869 2244 Uidossi
893 2177 951 2244 filii
977 2197 1017 2242 ex
1035 2184 1129 2263 parte
1148 2179 1259 2262 Magni

127 2288 253 2373 Jupani
269 2288 416 2370 Neman,
443 2293 475 2353 ct
490 2271 636 2352 sratrum¹
650 2285 722 2352 eius
738 2285 873 2353 Comitis
899 2287 1078 2353 Strazimiri
1103 2295 1135 2353 et
1156 2288 1259 2372 Myro-

127 2396 235 2480 slaui;
262 2415 399 2480 quorum
414 2395 593 2462 locutiones
613 2394 783 2462 audientes
798 2395 1083 2480 Arcbiepisoopus,
1109 2394 1258 2460 Camera-

125 2506 210 2588 rius,
228 2504 355 2588 (lomes,
373 2523 445 2568 cum
462 2503 626 2570 nobilibus
642 2507 674 2567 ot
690 2502 822 2587 populo,
842 2502 903 2568 hoc
919 2502 1032 2569 ordine
1048 2521 1162 2588 pacem
1178 2501 1258 2568 sece-

126 2617 263 2678 111111-
280 2645 323 2658 -α
340 2609 552 2676 -videlicet
568 2635 575 2674 :
603 2615 637 2674 ut
657 2609 766 2675 omnia
781 2611 887 2694 mala,
916 2629 977 2694 que
1002 2615 1087 2678 retro
1112 2617 1258 2696 tempora

127 2725 205 2786 acta
220 2719 351 2786 fuerunt
366 2719 451 2785 inter
466 2719 636 2802 Ragnscos
653 2723 685 2783 et
701 2717 848 2802 Selenes,
865 2717 989 2785 scilieet
1004 2719 1038 2783 in
1055 2719 1189 2786 decimis
1200 2717 1257 2806 (l),

126 2827 236 2912 galeis
246 2878 255 2910 ,
272 2827 402 2912 sagittis
419 2863 702 2874 -----
719 2825 910 2892 animalium
927 2833 959 2892 01
975 2826 1118 2894 omnium
1138 2847 1255 2910 rerum,

125 2956 167 3002 ex
186 2943 324 3019 utraque
340 2941 434 3020 parte
450 2955 551 3017 usqne
568 2935 611 2999 ad
626 2934 713 3000 diem
729 2935 826 3002 istum
842 2934 874 3000 in
891 2953 973 3022 pace
989 2942 1181 3002 remaneant
1190 2987 1198 3020 ,
1224 2944 1257 3002 et

125 3063 295 3127 nunqnam
311 3048 564 3110 rememorentur
582 3044 669 3110 omni
690 3049 835 3129 tempore
851 3079 1133 3092 -----
1147 3052 1257 3111 tamen

125 3157 325 3222 hereditates
340 3158 577 3240 Raguseorum,
595 3174 677 3238 quas
695 3155 873 3238 antiquitus
890 3155 1106 3242 possederunt
1121 3176 1142 3222 a
1158 3155 1256 3241 patri·

126 3267 191 3332 bns
217 3271 250 3330 et
275 3263 346 3331 auis
371 3263 438 3329 suis
465 3269 496 3329 et
512 3283 571 3348 per
592 3283 647 3346 se,
674 3270 810 3349 excepto
836 3265 907 3331 loco
923 3263 1031 3346 Ragat
1055 3262 1100 3350 (et
1117 3262 1254 3350 Ourilla)

126 3411 170 3420 —
188 3410 233 3420 —
249 3373 340 3438 -in
356 3373 430 3455 lege
445 3369 607 3454 habende,
632 3371 697 3437 sint
710 3371 825 3456 posite.
850 3372 891 3437 Et
907 3370 1004 3436 iidem
1021 3390 1133 3436 secure
1148 3372 1255 3454 Raga-

127 3482 175 3546 sei
203 3501 261 3566 per
285 3485 388 3546 totam
414 3487 533 3545 terram
560 3478 709 3562 illorum,
734 3479 926 3547 nominatim
950 3499 971 3544 a
997 3485 1092 3566 portu
1108 3480 1254 3564 Narenti,

125 3587 312 3672 mercando,
338 3587 532 3672 laborando,
559 3587 734 3673 pascendo,
761 3593 793 3652 01
809 3606 868 3652 sua
893 3586 1040 3672 reposita
1057 3587 1255 3674 recipiendo,

125 3697 219 3779 ligna
235 3695 407 3762 incidendo
423 3703 584 3780 pergant,
612 3694 682 3761 sine
700 3693 766 3761 ullo
783 3694 957 3778 contrario,
980 3695 1158 3762 seeundum
1175 3695 1254 3762 anti·

125 3825 225 3888 quam
242 3803 518 3871 consuetudinem.
545 3804 586 3868 nt
602 3803 784 3870 attollatur
801 3802 938 3887 decima,
964 3825 1026 3888 que
1044 3823 1086 3870 ex
1102 3825 1188 3872 nono
1205 3825 1255 3870 su-

125 3931 185 3997 per
199 3913 371 3996 Raguseos
396 3911 505 3996 posita
530 3909 600 3976 luit.
627 3913 668 3976 Et
685 3947 968 3958 -----
984 3912 1136 3978 denario·
1163 3913 1254 3979 tolla·

124 4027 198 4102 tur,
225 4039 284 4103 per
308 4039 389 4104 quos
415 4025 513 4085 antea
538 4024 707 4103 acceptum
733 4017 802 4084 luit.
835 4019 876 4083 Et
901 4019 988 4103 quod
1014 4019 1137 4086 solidos
1163 4019 1253 4087 nullo

124 4145 270 4208 unquam
295 4132 441 4212 tempore
468 4146 566 4212 super
592 4127 754 4212 Raguseis
779 4161 1063 4174 -----
1080 4128 1254 4212 accipiant,

125 4233 211 4299 sicut
227 4233 318 4318 prius
331 4241 415 4301 retro
431 4241 578 4320 tempore
590 4240 796 4320 acceperunt,
817 4255 876 4318 pro
892 4235 984 4300 nulla
1000 4236 1254 4319 culpaquorum-

123 4341 205 4407 libet
220 4341 398 4409 bominum.
416 4341 499 4409 Item
514 4363 554 4408 01
571 4343 668 4410 Selav
684 4379 1087 4391 -------
1102 4343 1198 4427 salvi,
1223 4349 1254 4408 01

124 4449 251 4515 nullum
268 4449 391 4516 malum
415 4451 459 4517 sit
473 4451 522 4518 eis
538 4451 699 4534 Ragnseis
725 4471 784 4536 per
799 4456 921 4516 terram
945 4455 1003 4516 aut
1017 4466 1076 4534 per
1096 4467 1197 4533 mare,
1223 4457 1255 4516 et

125 4557 250 4622 nullam
267 4557 453 4642 captionem
463 4557 607 4623 habeant
622 4557 810 4624 timendam.
827 4557 868 4622 Et
878 4557 989 4622 Solaui
1005 4556 1045 4623 de
1062 4555 1255 4623 Gbelmunia

125 4701 414 4714 -----
429 4665 486 4734 ubi
500 4665 663 4734 voluerint
680 4672 799 4732 emant.
826 4667 868 4732 nt
884 4663 970 4750 quod
983 4664 1128 4752 Rugusci
1144 4685 1255 4734 coram
