<?xml version="1.0" encoding="UTF-8"?>
<!DOCTYPE html PUBLIC "-//W3C//DTD XHTML 1.0 Transitional//EN"
    "http://www.w3.org/TR/xhtml1/DTD/xhtml1-transitional.dtd">
<html xmlns="http://www.w3.org/1999/xhtml" xml:lang="en" lang="en">
 <head>
  <title>
</title>
<meta http-equiv="Content-Type" content="text/html;charset=utf-8" />
  <meta name='ocr-system' content='tesseract 3.04.00' />
  <meta name='ocr-capabilities' content='ocr_page ocr_carea ocr_par ocr_line ocrx_word'/>
</head>
<body>
  <div class='ocr_page' id='page_1' title='image "./codexdiplomatic05wenzgoog_0097.png"; bbox 0 0 3268 5194; ppageno 0'>
   <div class='ocr_carea' id='block_1_1' title="bbox 713 295 815 397">
    <p class='ocr_par' dir='ltr' id='par_1_1' title="bbox 713 295 815 397">
     <span class='ocr_line' id='line_1_1' title="bbox 713 295 815 397; baseline 0 -35"><span class='ocrx_word' id='word_1_1' title='bbox 713 295 815 397; x_wconf 37' lang='lat' dir='ltr'>ss-</span> 
     </span>
    </p>
   </div>
   <div class='ocr_carea' id='block_1_2' title="bbox 162 493 1299 906">
    <p class='ocr_par' dir='ltr' id='par_1_2' title="bbox 162 493 1299 906">
     <span class='ocr_line' id='line_1_2' title="bbox 164 493 1299 583; baseline 0.003 -23"><span class='ocrx_word' id='word_1_2' title='bbox 164 494 237 560; x_wconf 86' lang='lat' dir='ltr'>sine</span> <span class='ocrx_word' id='word_1_3' title='bbox 252 493 418 580; x_wconf 80' lang='lat' dir='ltr'>requirere</span> <span class='ocrx_word' id='word_1_4' title='bbox 434 495 597 582; x_wconf 83' lang='lat' dir='ltr'>prefatum</span> <span class='ocrx_word' id='word_1_5' title='bbox 614 495 852 582; x_wconf 64' lang='lat' dir='ltr'>molendinum</span> <span class='ocrx_word' id='word_1_6' title='bbox 871 495 948 582; x_wconf 90' lang='lat' dir='ltr'>quia</span> <span class='ocrx_word' id='word_1_7' title='bbox 963 517 1065 583; x_wconf 88' lang='lat' dir='ltr'>prave</span> <span class='ocrx_word' id='word_1_8' title='bbox 1088 496 1179 564; x_wconf 89' lang='lat' dir='ltr'>illum</span> <span class='ocrx_word' id='word_1_9' title='bbox 1196 495 1299 582; x_wconf 89' lang='lat' dir='ltr'>requi·</span> 
     </span>
     <span class='ocr_line' id='line_1_3' title="bbox 163 603 1298 691; baseline 0.001 -22"><span class='ocrx_word' id='word_1_10' title='bbox 163 603 222 669; x_wconf 84' lang='lat' dir='ltr'>rin.</span> <span class='ocrx_word' id='word_1_11' title='bbox 238 603 325 669; x_wconf 85' lang='lat' dir='ltr'>Nam</span> <span class='ocrx_word' id='word_1_12' title='bbox 341 624 403 688; x_wconf 84' lang='lat' dir='ltr'>ego</span> <span class='ocrx_word' id='word_1_13' title='bbox 420 603 487 672; x_wconf 87' lang='lat' dir='ltr'>seio</span> <span class='ocrx_word' id='word_1_14' title='bbox 503 603 590 689; x_wconf 89' lang='lat' dir='ltr'>quod</span> <span class='ocrx_word' id='word_1_15' title='bbox 606 604 745 691; x_wconf 89' lang='lat' dir='ltr'>pretium</span> <span class='ocrx_word' id='word_1_16' title='bbox 759 603 846 671; x_wconf 89' lang='lat' dir='ltr'>tollit</span> <span class='ocrx_word' id='word_1_17' title='bbox 861 603 990 688; x_wconf 82' lang='lat' dir='ltr'><strong>exinde,</strong></span> <span class='ocrx_word' id='word_1_18' title='bbox 1008 610 1040 669; x_wconf 90' lang='lat' dir='ltr'>et</span> <span class='ocrx_word' id='word_1_19' title='bbox 1056 604 1196 688; x_wconf 90' lang='lat' dir='ltr'>pretium</span> <span class='ocrx_word' id='word_1_20' title='bbox 1206 603 1298 670; x_wconf 84' lang='lat' dir='ltr'><strong>dedit</strong></span> 
     </span>
     <span class='ocr_line' id='line_1_4' title="bbox 162 711 1296 799; baseline 0 -21"><span class='ocrx_word' id='word_1_21' title='bbox 162 711 276 778; x_wconf 77' lang='lat' dir='ltr'>(iriae</span> <span class='ocrx_word' id='word_1_22' title='bbox 291 731 351 796; x_wconf 88' lang='lat' dir='ltr'>pro</span> <span class='ocrx_word' id='word_1_23' title='bbox 376 712 533 778; x_wconf 87' lang='lat' dir='ltr'>servitute</span> <span class='ocrx_word' id='word_1_24' title='bbox 549 731 628 796; x_wconf 77' lang='lat' dir='ltr'>sua3</span> <span class='ocrx_word' id='word_1_25' title='bbox 653 731 763 778; x_wconf 87' lang='lat' dir='ltr'>eoram</span> <span class='ocrx_word' id='word_1_26' title='bbox 789 712 956 799; x_wconf 76' lang='lat' dir='ltr'>presentia</span> <span class='ocrx_word' id='word_1_27' title='bbox 972 711 1161 780; x_wconf 87' lang='lat' dir='ltr'>Dobromiri</span> <span class='ocrx_word' id='word_1_28' title='bbox 1176 711 1222 778; x_wconf 89' lang='lat' dir='ltr'>iili</span> <span class='ocrx_word' id='word_1_29' title='bbox 1238 711 1296 778; x_wconf 86' lang='lat' dir='ltr'>Sa·</span> 
     </span>
     <span class='ocr_line' id='line_1_5' title="bbox 163 818 926 906; baseline -0.001 -21"><span class='ocrx_word' id='word_1_30' title='bbox 163 820 286 904; x_wconf 89' lang='lat' dir='ltr'>raeeni,</span> <span class='ocrx_word' id='word_1_31' title='bbox 304 827 337 886; x_wconf 92' lang='lat' dir='ltr'>et</span> <span class='ocrx_word' id='word_1_32' title='bbox 352 820 420 887; x_wconf 85' lang='lat' dir='ltr'>filio</span> <span class='ocrx_word' id='word_1_33' title='bbox 436 821 556 906; x_wconf 90' lang='lat' dir='ltr'>tripuui</span> <span class='ocrx_word' id='word_1_34' title='bbox 575 821 680 887; x_wconf 85' lang='lat' dir='ltr'>anra</span> <span class='ocrx_word' id='word_1_35' title='bbox 695 820 807 886; x_wconf 89' lang='lat' dir='ltr'>Privet</span> <span class='ocrx_word' id='word_1_36' title='bbox 821 818 926 886; x_wconf 85' lang='lat' dir='ltr'>Dede.</span> 
     </span>
    </p>
   </div>
   <div class='ocr_carea' id='block_1_3' title="bbox 159 943 1294 1784">
    <p class='ocr_par' dir='ltr' id='par_1_3' title="bbox 161 943 1294 1335">
     <span class='ocr_line' id='line_1_6' title="bbox 273 943 1294 1033; baseline 0.002 -23"><span class='ocrx_word' id='word_1_37' title='bbox 273 943 441 1033; x_wconf 90' lang='lat' dir='ltr'>†Deinde</span> <span class='ocrx_word' id='word_1_38' title='bbox 466 945 652 1030; x_wconf 79' lang='lat' dir='ltr'>comparavi</span> <span class='ocrx_word' id='word_1_39' title='bbox 678 945 826 1012; x_wconf 89' lang='lat' dir='ltr'>similiter</span> <span class='ocrx_word' id='word_1_40' title='bbox 850 946 883 1010; x_wconf 93' lang='lat' dir='ltr'>in</span> <span class='ocrx_word' id='word_1_41' title='bbox 900 945 1005 1032; x_wconf 89' lang='lat' dir='ltr'>ipsam</span> <span class='ocrx_word' id='word_1_42' title='bbox 1031 945 1161 1013; x_wconf 89' lang='lat' dir='ltr'>domum</span> <span class='ocrx_word' id='word_1_43' title='bbox 1188 944 1294 1012; x_wconf 83' lang='lat' dir='ltr'>locum</span> 
     </span>
     <span class='ocr_line' id='line_1_7' title="bbox 163 1051 1294 1140; baseline 0 -22"><span class='ocrx_word' id='word_1_44' title='bbox 163 1053 206 1119; x_wconf 90' lang='lat' dir='ltr'>de</span> <span class='ocrx_word' id='word_1_45' title='bbox 224 1053 360 1119; x_wconf 87' lang='lat' dir='ltr'>Vileauo</span> <span class='ocrx_word' id='word_1_46' title='bbox 378 1051 444 1118; x_wconf 90' lang='lat' dir='ltr'>filio</span> <span class='ocrx_word' id='word_1_47' title='bbox 456 1052 596 1120; x_wconf 88' lang='lat' dir='ltr'>Martinu</span> <span class='ocrx_word' id='word_1_48' title='bbox 607 1053 754 1120; x_wconf 86' lang='lat' dir='ltr'>Locardo</span> <span class='ocrx_word' id='word_1_49' title='bbox 770 1073 830 1140; x_wconf 88' lang='lat' dir='ltr'>pro</span> <span class='ocrx_word' id='word_1_50' title='bbox 846 1053 878 1118; x_wconf 92' lang='grc' dir='ltr'>ΙΙ</span> <span class='ocrx_word' id='word_1_51' title='bbox 888 1053 948 1120; x_wconf 85' lang='lat' dir='ltr'>sei.</span> <span class='ocrx_word' id='word_1_52' title='bbox 965 1059 998 1120; x_wconf 89' lang='lat' dir='ltr'>et</span> <span class='ocrx_word' id='word_1_53' title='bbox 1014 1054 1028 1118; x_wconf 93' lang='lat' dir='ltr'>l</span> <span class='ocrx_word' id='word_1_54' title='bbox 1046 1053 1153 1120; x_wconf 87' lang='lat' dir='ltr'>modio</span> <span class='ocrx_word' id='word_1_55' title='bbox 1166 1053 1207 1119; x_wconf 89' lang='lat' dir='ltr'>de</span> <span class='ocrx_word' id='word_1_56' title='bbox 1223 1052 1294 1119; x_wconf 86' lang='lat' dir='ltr'>sale</span> 
     </span>
     <span class='ocr_line' id='line_1_8' title="bbox 161 1161 1293 1248; baseline 0.002 -23"><span class='ocrx_word' id='word_1_57' title='bbox 161 1181 225 1247; x_wconf 90' lang='lat' dir='ltr'>pro</span> <span class='ocrx_word' id='word_1_58' title='bbox 249 1163 330 1247; x_wconf 89' lang='lat' dir='ltr'>fine;</span> <span class='ocrx_word' id='word_1_59' title='bbox 356 1161 508 1228; x_wconf 80' lang='lat' dir='ltr'>Forminn</span> <span class='ocrx_word' id='word_1_60' title='bbox 532 1161 723 1229; x_wconf 87' lang='lat' dir='ltr'>Platimissa</span> <span class='ocrx_word' id='word_1_61' title='bbox 749 1169 781 1229; x_wconf 92' lang='lat' dir='ltr'>et</span> <span class='ocrx_word' id='word_1_62' title='bbox 804 1162 980 1230; x_wconf 82' lang='lat' dir='ltr'>Benedicta</span> <span class='ocrx_word' id='word_1_63' title='bbox 1006 1161 1166 1248; x_wconf 88' lang='lat' dir='ltr'>Orbazai,</span> <span class='ocrx_word' id='word_1_64' title='bbox 1194 1167 1293 1246; x_wconf 81' lang='lat' dir='ltr'>atque</span> 
     </span>
     <span class='ocr_line' id='line_1_9' title="bbox 162 1269 394 1335; baseline -0.004 -1"><span class='ocrx_word' id='word_1_65' title='bbox 162 1269 268 1334; x_wconf 87' lang='lat' dir='ltr'>Vieha</span> <span class='ocrx_word' id='word_1_66' title='bbox 284 1276 394 1335; x_wconf 88' lang='lat' dir='ltr'>testes.</span> 
     </span>
    </p>

    <p class='ocr_par' dir='ltr' id='par_1_4' title="bbox 159 1375 1292 1784">
     <span class='ocr_line' id='line_1_10' title="bbox 272 1375 1291 1465; baseline 0 -23"><span class='ocrx_word' id='word_1_67' title='bbox 272 1375 297 1464; x_wconf 95' lang='lat'>†</span> <span class='ocrx_word' id='word_1_68' title='bbox 312 1377 352 1442; x_wconf 88' lang='lat' dir='ltr'>Et</span> <span class='ocrx_word' id='word_1_69' title='bbox 369 1377 433 1444; x_wconf 92' lang='lat' dir='ltr'>emi</span> <span class='ocrx_word' id='word_1_70' title='bbox 449 1378 482 1442; x_wconf 93' lang='lat' dir='ltr'>in</span> <span class='ocrx_word' id='word_1_71' title='bbox 509 1377 573 1445; x_wconf 89' lang='lat' dir='ltr'>alio</span> <span class='ocrx_word' id='word_1_72' title='bbox 590 1378 661 1445; x_wconf 88' lang='lat' dir='ltr'>loen</span> <span class='ocrx_word' id='word_1_73' title='bbox 679 1385 794 1463; x_wconf 87' lang='lat' dir='ltr'>quarta</span> <span class='ocrx_word' id='word_1_74' title='bbox 809 1397 888 1465; x_wconf 87' lang='lat' dir='ltr'>pars</span> <span class='ocrx_word' id='word_1_75' title='bbox 905 1377 946 1444; x_wconf 87' lang='lat' dir='ltr'>de</span> <span class='ocrx_word' id='word_1_76' title='bbox 962 1381 1140 1444; x_wconf 89' lang='lat' dir='ltr'>memorato</span> <span class='ocrx_word' id='word_1_77' title='bbox 1163 1379 1234 1443; x_wconf 87' lang='lat' dir='ltr'>loeo</span> <span class='ocrx_word' id='word_1_78' title='bbox 1250 1375 1291 1442; x_wconf 86' lang='lat' dir='ltr'>de</span> 
     </span>
     <span class='ocr_line' id='line_1_11' title="bbox 159 1484 1292 1572; baseline 0.001 -23"><span class='ocrx_word' id='word_1_79' title='bbox 159 1485 304 1570; x_wconf 81' lang='lat' dir='ltr'><strong>Semina,</strong></span> <span class='ocrx_word' id='word_1_80' title='bbox 330 1493 363 1553; x_wconf 93' lang='lat' dir='ltr'>et</span> <span class='ocrx_word' id='word_1_81' title='bbox 378 1484 419 1552; x_wconf 87' lang='lat' dir='ltr'>de</span> <span class='ocrx_word' id='word_1_82' title='bbox 434 1484 534 1551; x_wconf 81' lang='lat' dir='ltr'>fratre</span> <span class='ocrx_word' id='word_1_83' title='bbox 551 1485 620 1551; x_wconf 87' lang='lat' dir='ltr'>eius</span> <span class='ocrx_word' id='word_1_84' title='bbox 638 1507 698 1572; x_wconf 91' lang='lat' dir='ltr'>pro</span> <span class='ocrx_word' id='word_1_85' title='bbox 714 1485 747 1551; x_wconf 93' lang='grc' dir='ltr'>ΙΙ</span> <span class='ocrx_word' id='word_1_86' title='bbox 764 1486 872 1554; x_wconf 90' lang='lat' dir='ltr'>modio</span> <span class='ocrx_word' id='word_1_87' title='bbox 892 1485 933 1550; x_wconf 90' lang='lat' dir='ltr'>de</span> <span class='ocrx_word' id='word_1_88' title='bbox 949 1505 1053 1571; x_wconf 86' lang='lat' dir='ltr'>granu</span> <span class='ocrx_word' id='word_1_89' title='bbox 1068 1491 1100 1550; x_wconf 91' lang='lat' dir='ltr'>et</span> <span class='ocrx_word' id='word_1_90' title='bbox 1116 1484 1232 1566; x_wconf 89' lang='lat' dir='ltr'>medio,</span> <span class='ocrx_word' id='word_1_91' title='bbox 1259 1491 1292 1550; x_wconf 89' lang='lat' dir='ltr'>et</span> 
     </span>
     <span class='ocr_line' id='line_1_12' title="bbox 160 1591 1289 1679; baseline 0 -23"><span class='ocrx_word' id='word_1_92' title='bbox 160 1613 255 1658; x_wconf 88' lang='lat' dir='ltr'>mesa</span> <span class='ocrx_word' id='word_1_93' title='bbox 279 1593 390 1676; x_wconf 81' lang='lat' dir='ltr'>geleta</span> <span class='ocrx_word' id='word_1_94' title='bbox 405 1592 472 1658; x_wconf 83' lang='lat' dir='ltr'>vini</span> <span class='ocrx_word' id='word_1_95' title='bbox 488 1599 521 1658; x_wconf 93' lang='lat' dir='ltr'>et</span> <span class='ocrx_word' id='word_1_96' title='bbox 536 1593 586 1656; x_wconf 91' lang='lat' dir='ltr'>III</span> <span class='ocrx_word' id='word_1_97' title='bbox 602 1594 680 1678; x_wconf 89' lang='lat' dir='ltr'>pani</span> <span class='ocrx_word' id='word_1_98' title='bbox 704 1613 763 1679; x_wconf 86' lang='lat' dir='ltr'>pro</span> <span class='ocrx_word' id='word_1_99' title='bbox 779 1595 843 1659; x_wconf 91' lang='lat' dir='ltr'>fine</span> <span class='ocrx_word' id='word_1_100' title='bbox 859 1613 967 1660; x_wconf 86' lang='lat' dir='ltr'>eoram</span> <span class='ocrx_word' id='word_1_101' title='bbox 987 1591 1105 1658; x_wconf 80' lang='lat' dir='ltr'>Alaina</span> <span class='ocrx_word' id='word_1_102' title='bbox 1114 1644 1124 1678; x_wconf 92' lang='lat'><em>,</em></span> <span class='ocrx_word' id='word_1_103' title='bbox 1140 1591 1289 1657; x_wconf 77' lang='lat' dir='ltr'>&#39;i&#39;rulullo</span> 
     </span>
     <span class='ocr_line' id='line_1_13' title="bbox 161 1700 869 1784; baseline 0.004 -20"><span class='ocrx_word' id='word_1_104' title='bbox 161 1707 195 1764; x_wconf 94' lang='lat' dir='ltr'>et</span> <span class='ocrx_word' id='word_1_105' title='bbox 211 1701 307 1767; x_wconf 89' lang='lat' dir='ltr'>Petro</span> <span class='ocrx_word' id='word_1_106' title='bbox 325 1701 472 1784; x_wconf 86' lang='lat' dir='ltr'>Demntu,</span> <span class='ocrx_word' id='word_1_107' title='bbox 490 1707 522 1766; x_wconf 89' lang='lat' dir='ltr'>et</span> <span class='ocrx_word' id='word_1_108' title='bbox 538 1701 643 1766; x_wconf 85' lang='lat' dir='ltr'>Zauni</span> <span class='ocrx_word' id='word_1_109' title='bbox 659 1700 869 1767; x_wconf 90' lang='lat' dir='ltr'>Demaraldu.</span> 
     </span>
    </p>
   </div>
   <div class='ocr_carea' id='block_1_4' title="bbox 158 1824 1288 2108">
    <p class='ocr_par' dir='ltr' id='par_1_5' title="bbox 158 1824 1288 2108">
     <span class='ocr_line' id='line_1_14' title="bbox 270 1824 1288 1914; baseline -0.002 -24"><span class='ocrx_word' id='word_1_110' title='bbox 270 1824 294 1912; x_wconf 94' lang='lat'>†</span> <span class='ocrx_word' id='word_1_111' title='bbox 310 1825 351 1890; x_wconf 84' lang='lat' dir='ltr'>Et</span> <span class='ocrx_word' id='word_1_112' title='bbox 368 1826 431 1892; x_wconf 90' lang='lat' dir='ltr'>emi</span> <span class='ocrx_word' id='word_1_113' title='bbox 456 1833 572 1910; x_wconf 86' lang='lat' dir='ltr'>quarta</span> <span class='ocrx_word' id='word_1_114' title='bbox 596 1845 673 1912; x_wconf 87' lang='lat' dir='ltr'>pars</span> <span class='ocrx_word' id='word_1_115' title='bbox 689 1825 722 1891; x_wconf 94' lang='lat' dir='ltr'>in</span> <span class='ocrx_word' id='word_1_116' title='bbox 739 1827 846 1914; x_wconf 85' lang='lat' dir='ltr'>ipsum</span> <span class='ocrx_word' id='word_1_117' title='bbox 872 1827 977 1894; x_wconf 85' lang='lat' dir='ltr'>locum</span> <span class='ocrx_word' id='word_1_118' title='bbox 1003 1827 1044 1893; x_wconf 90' lang='lat' dir='ltr'>de</span> <span class='ocrx_word' id='word_1_119' title='bbox 1061 1825 1196 1894; x_wconf 86' lang='lat' dir='ltr'>Drasizo</span> <span class='ocrx_word' id='word_1_120' title='bbox 1212 1825 1288 1892; x_wconf 82' lang='lat' dir='ltr'>Fili-</span> 
     </span>
     <span class='ocr_line' id='line_1_15' title="bbox 159 1933 1288 2021; baseline -0.002 -21"><span class='ocrx_word' id='word_1_121' title='bbox 159 1940 250 2000; x_wconf 86' lang='lat' dir='ltr'>astru</span> <span class='ocrx_word' id='word_1_122' title='bbox 267 1934 308 1999; x_wconf 89' lang='lat' dir='ltr'>de</span> <span class='ocrx_word' id='word_1_123' title='bbox 324 1933 469 2000; x_wconf 81' lang='lat' dir='ltr'>Graeano</span> <span class='ocrx_word' id='word_1_124' title='bbox 495 1955 554 2019; x_wconf 88' lang='lat' dir='ltr'>pro</span> <span class='ocrx_word' id='word_1_125' title='bbox 571 1933 586 1998; x_wconf 92' lang='lat'>1</span> <span class='ocrx_word' id='word_1_126' title='bbox 603 1934 662 2000; x_wconf 89' lang='lat' dir='ltr'>sol.</span> <span class='ocrx_word' id='word_1_127' title='bbox 680 1943 712 2001; x_wconf 93' lang='grc'>01</span> <span class='ocrx_word' id='word_1_128' title='bbox 728 1955 818 2001; x_wconf 88' lang='lat' dir='ltr'>mesa</span> <span class='ocrx_word' id='word_1_129' title='bbox 838 1935 949 2021; x_wconf 81' lang='lat' dir='ltr'>geleta</span> <span class='ocrx_word' id='word_1_130' title='bbox 965 1936 1031 2001; x_wconf 91' lang='lat' dir='ltr'>viui</span> <span class='ocrx_word' id='word_1_131' title='bbox 1054 1955 1112 2020; x_wconf 89' lang='lat' dir='ltr'>pro</span> <span class='ocrx_word' id='word_1_132' title='bbox 1129 1935 1192 2000; x_wconf 87' lang='lat' dir='ltr'>fine</span> <span class='ocrx_word' id='word_1_133' title='bbox 1202 1985 1210 2016; x_wconf 89' lang='lat'>,</span> <span class='ocrx_word' id='word_1_134' title='bbox 1238 1951 1288 1998; x_wconf 85' lang='grc'>00·</span> 
     </span>
     <span class='ocr_line' id='line_1_16' title="bbox 158 2039 1027 2108; baseline 0.003 -5"><span class='ocrx_word' id='word_1_135' title='bbox 158 2059 232 2104; x_wconf 88' lang='lat' dir='ltr'>ram</span> <span class='ocrx_word' id='word_1_136' title='bbox 248 2039 402 2106; x_wconf 86' lang='lat' dir='ltr'>Formino</span> <span class='ocrx_word' id='word_1_137' title='bbox 418 2039 617 2105; x_wconf 84' lang='lat' dir='ltr'>Platnmissa</span> <span class='ocrx_word' id='word_1_138' title='bbox 632 2046 665 2105; x_wconf 90' lang='lat' dir='ltr'>et</span> <span class='ocrx_word' id='word_1_139' title='bbox 680 2041 856 2108; x_wconf 88' lang='lat' dir='ltr'>Benedieto</span> <span class='ocrx_word' id='word_1_140' title='bbox 877 2041 1027 2108; x_wconf 87' lang='lat' dir='ltr'>Orbazai.</span> 
     </span>
    </p>
   </div>
   <div class='ocr_carea' id='block_1_5' title="bbox 155 2161 1288 2682">
    <p class='ocr_par' dir='ltr' id='par_1_6' title="bbox 155 2161 1288 2682">
     <span class='ocr_line' id='line_1_17' title="bbox 268 2161 1288 2255; baseline -0.002 -25"><span class='ocrx_word' id='word_1_141' title='bbox 268 2161 292 2251; x_wconf 91' lang='lat'>†</span> <span class='ocrx_word' id='word_1_142' title='bbox 309 2163 456 2250; x_wconf 88' lang='lat' dir='ltr'>Denique</span> <span class='ocrx_word' id='word_1_143' title='bbox 472 2167 660 2252; x_wconf 80' lang='lat' dir='ltr'>comparavi</span> <span class='ocrx_word' id='word_1_144' title='bbox 685 2167 892 2234; x_wconf 87' lang='lat' dir='ltr'>medietatem</span> <span class='ocrx_word' id='word_1_145' title='bbox 911 2167 951 2233; x_wconf 88' lang='lat' dir='ltr'>de</span> <span class='ocrx_word' id='word_1_146' title='bbox 967 2168 1072 2255; x_wconf 89' lang='lat' dir='ltr'>ipsum</span> <span class='ocrx_word' id='word_1_147' title='bbox 1089 2165 1288 2254; x_wconf 81' lang='lat' dir='ltr'>suprascrip-</span> 
     </span>
     <span class='ocr_line' id='line_1_18' title="bbox 156 2272 1286 2362; baseline 0.002 -26"><span class='ocrx_word' id='word_1_148' title='bbox 156 2279 226 2338; x_wconf 87' lang='lat' dir='ltr'>tum</span> <span class='ocrx_word' id='word_1_149' title='bbox 244 2272 350 2339; x_wconf 85' lang='lat' dir='ltr'>locum</span> <span class='ocrx_word' id='word_1_150' title='bbox 366 2293 387 2338; x_wconf 90' lang='lat' dir='ltr'>a</span> <span class='ocrx_word' id='word_1_151' title='bbox 402 2275 584 2360; x_wconf 88' lang='lat' dir='ltr'>presbitero</span> <span class='ocrx_word' id='word_1_152' title='bbox 593 2276 757 2344; x_wconf 88' lang='lat' dir='ltr'>Veterano</span> <span class='ocrx_word' id='word_1_153' title='bbox 775 2277 829 2362; x_wconf 86' lang='lat' dir='ltr'>qui</span> <span class='ocrx_word' id='word_1_154' title='bbox 846 2285 956 2343; x_wconf 83' lang='lat' dir='ltr'>cantat</span> <span class='ocrx_word' id='word_1_155' title='bbox 972 2276 1106 2342; x_wconf 88' lang='lat' dir='ltr'>missam</span> <span class='ocrx_word' id='word_1_156' title='bbox 1123 2273 1156 2338; x_wconf 95' lang='lat' dir='ltr'>in</span> <span class='ocrx_word' id='word_1_157' title='bbox 1167 2275 1286 2340; x_wconf 83' lang='lat' dir='ltr'>Sancto</span> 
     </span>
     <span class='ocr_line' id='line_1_19' title="bbox 156 2378 1285 2469; baseline -0.001 -22"><span class='ocrx_word' id='word_1_158' title='bbox 156 2383 289 2447; x_wconf 84' lang='lat' dir='ltr'>Juanne</span> <span class='ocrx_word' id='word_1_159' title='bbox 304 2400 412 2446; x_wconf 87' lang='lat' dir='ltr'>aerem</span> <span class='ocrx_word' id='word_1_160' title='bbox 430 2378 474 2468; x_wconf 92' lang='lat' dir='ltr'>(v.</span> <span class='ocrx_word' id='word_1_161' title='bbox 493 2401 620 2466; x_wconf 82' lang='lat' dir='ltr'>areem3</span> <span class='ocrx_word' id='word_1_162' title='bbox 638 2379 833 2469; x_wconf 84' lang='lat' dir='ltr'>igy)pr011</span> <span class='ocrx_word' id='word_1_163' title='bbox 856 2383 915 2448; x_wconf 87' lang='lat' dir='ltr'>sol.</span> <span class='ocrx_word' id='word_1_164' title='bbox 936 2383 999 2449; x_wconf 90' lang='grc'>011</span> <span class='ocrx_word' id='word_1_165' title='bbox 1016 2381 1128 2464; x_wconf 86' lang='lat' dir='ltr'>gaieta</span> <span class='ocrx_word' id='word_1_166' title='bbox 1144 2381 1211 2445; x_wconf 89' lang='lat' dir='ltr'>vini</span> <span class='ocrx_word' id='word_1_167' title='bbox 1228 2401 1285 2464; x_wconf 90' lang='lat' dir='ltr'>pro</span> 
     </span>
     <span class='ocr_line' id='line_1_20' title="bbox 155 2487 1285 2575; baseline -0.002 -21"><span class='ocrx_word' id='word_1_168' title='bbox 155 2490 221 2554; x_wconf 86' lang='lat' dir='ltr'>tine</span> <span class='ocrx_word' id='word_1_169' title='bbox 239 2509 349 2556; x_wconf 86' lang='lat' dir='ltr'>eoram</span> <span class='ocrx_word' id='word_1_170' title='bbox 366 2489 517 2557; x_wconf 88' lang='lat' dir='ltr'>Prodano</span> <span class='ocrx_word' id='word_1_171' title='bbox 533 2509 638 2575; x_wconf 88' lang='lat' dir='ltr'>nepus</span> <span class='ocrx_word' id='word_1_172' title='bbox 654 2489 694 2555; x_wconf 88' lang='lat' dir='ltr'>de</span> <span class='ocrx_word' id='word_1_173' title='bbox 711 2491 868 2572; x_wconf 70' lang='lat' dir='ltr'>Manena,</span> <span class='ocrx_word' id='word_1_174' title='bbox 886 2489 1047 2574; x_wconf 78' lang='lat' dir='ltr'>presbiter</span> <span class='ocrx_word' id='word_1_175' title='bbox 1063 2490 1192 2573; x_wconf 84' lang='lat' dir='ltr'>Murco,</span> <span class='ocrx_word' id='word_1_176' title='bbox 1218 2487 1285 2553; x_wconf 90' lang='lat' dir='ltr'>dia·</span> 
     </span>
     <span class='ocr_line' id='line_1_21' title="bbox 155 2597 804 2682; baseline 0.002 -22"><span class='ocrx_word' id='word_1_177' title='bbox 155 2615 258 2662; x_wconf 82' lang='lat' dir='ltr'>eonus</span> <span class='ocrx_word' id='word_1_178' title='bbox 273 2597 396 2682; x_wconf 86' lang='lat' dir='ltr'>Dabro,</span> <span class='ocrx_word' id='word_1_179' title='bbox 412 2597 540 2681; x_wconf 85' lang='lat' dir='ltr'>Duymo</span> <span class='ocrx_word' id='word_1_180' title='bbox 557 2597 675 2663; x_wconf 91' lang='lat' dir='ltr'>Detule</span> <span class='ocrx_word' id='word_1_181' title='bbox 694 2603 804 2663; x_wconf 87' lang='lat' dir='ltr'>testes.</span> 
     </span>
    </p>
   </div>
   <div class='ocr_carea' id='block_1_6' title="bbox 154 2719 1285 3027">
    <p class='ocr_par' dir='ltr' id='par_1_7' title="bbox 154 2719 1285 3027">
     <span class='ocr_line' id='line_1_22' title="bbox 266 2719 1285 2808; baseline 0.001 -21"><span class='ocrx_word' id='word_1_182' title='bbox 266 2719 431 2808; x_wconf 83' lang='lat' dir='ltr'>†Adhue</span> <span class='ocrx_word' id='word_1_183' title='bbox 454 2742 531 2789; x_wconf 86' lang='lat' dir='ltr'>veru</span> <span class='ocrx_word' id='word_1_184' title='bbox 558 2721 745 2808; x_wconf 78' lang='lat' dir='ltr'>comparavi</span> <span class='ocrx_word' id='word_1_185' title='bbox 770 2741 899 2786; x_wconf 80' lang='lat' dir='ltr'>servum</span> <span class='ocrx_word' id='word_1_186' title='bbox 925 2721 1055 2790; x_wconf 81' lang='lat' dir='ltr'>nomine</span> <span class='ocrx_word' id='word_1_187' title='bbox 1085 2721 1285 2808; x_wconf 71' lang='lat' dir='ltr'>cyprianum</span> 
     </span>
     <span class='ocr_line' id='line_1_23' title="bbox 154 2830 1284 2918; baseline -0.002 -22"><span class='ocrx_word' id='word_1_188' title='bbox 154 2851 230 2896; x_wconf 86' lang='lat' dir='ltr'>eum</span> <span class='ocrx_word' id='word_1_189' title='bbox 246 2830 322 2898; x_wconf 84' lang='lat' dir='ltr'>tiliis</span> <span class='ocrx_word' id='word_1_190' title='bbox 338 2837 371 2896; x_wconf 90' lang='lat' dir='ltr'>et</span> <span class='ocrx_word' id='word_1_191' title='bbox 386 2831 515 2898; x_wconf 87' lang='lat' dir='ltr'>filiabus</span> <span class='ocrx_word' id='word_1_192' title='bbox 532 2840 565 2898; x_wconf 90' lang='lat' dir='ltr'>et</span> <span class='ocrx_word' id='word_1_193' title='bbox 579 2832 684 2898; x_wconf 86' lang='lat' dir='ltr'>vineis</span> <span class='ocrx_word' id='word_1_194' title='bbox 709 2851 792 2915; x_wconf 83' lang='lat' dir='ltr'>qnae</span> <span class='ocrx_word' id='word_1_195' title='bbox 809 2836 884 2896; x_wconf 89' lang='lat' dir='ltr'>sunt</span> <span class='ocrx_word' id='word_1_196' title='bbox 900 2851 998 2918; x_wconf 86' lang='lat' dir='ltr'>super</span> <span class='ocrx_word' id='word_1_197' title='bbox 1019 2831 1135 2898; x_wconf 85' lang='lat' dir='ltr'>uallem</span> <span class='ocrx_word' id='word_1_198' title='bbox 1160 2832 1220 2898; x_wconf 91' lang='lat' dir='ltr'>sub</span> <span class='ocrx_word' id='word_1_199' title='bbox 1236 2850 1284 2896; x_wconf 84' lang='lat' dir='ltr'>ee·</span> 
     </span>
     <span class='ocr_line' id='line_1_24' title="bbox 154 2940 700 3027; baseline -0.002 -22"><span class='ocrx_word' id='word_1_200' title='bbox 154 2940 260 3008; x_wconf 79' lang='lat' dir='ltr'>alesia</span> <span class='ocrx_word' id='word_1_201' title='bbox 274 2941 384 3006; x_wconf 83' lang='lat' dir='ltr'>Sancti</span> <span class='ocrx_word' id='word_1_202' title='bbox 399 2941 534 3006; x_wconf 82' lang='lat' dir='ltr'>Maximi</span> <span class='ocrx_word' id='word_1_203' title='bbox 553 2961 611 3027; x_wconf 89' lang='lat' dir='ltr'>pro</span> <span class='ocrx_word' id='word_1_204' title='bbox 629 2942 700 3006; x_wconf 88' lang='lat' dir='ltr'>fine.</span> 
     </span>
    </p>
   </div>
   <div class='ocr_carea' id='block_1_7' title="bbox 152 3064 1283 3907">
    <p class='ocr_par' dir='ltr' id='par_1_8' title="bbox 152 3064 1283 3907">
     <span class='ocr_line' id='line_1_25' title="bbox 265 3064 1283 3151; baseline 0.003 -22"><span class='ocrx_word' id='word_1_205' title='bbox 265 3064 437 3150; x_wconf 87' lang='lat' dir='ltr'>ANyeola</span> <span class='ocrx_word' id='word_1_206' title='bbox 462 3087 520 3151; x_wconf 88' lang='lat' dir='ltr'>pro</span> <span class='ocrx_word' id='word_1_207' title='bbox 535 3065 595 3130; x_wconf 87' lang='lat' dir='ltr'>XV</span> <span class='ocrx_word' id='word_1_208' title='bbox 620 3065 680 3132; x_wconf 89' lang='lat' dir='ltr'>sol.</span> <span class='ocrx_word' id='word_1_209' title='bbox 705 3084 813 3130; x_wconf 85' lang='lat' dir='ltr'>eoram</span> <span class='ocrx_word' id='word_1_210' title='bbox 830 3065 924 3132; x_wconf 89' lang='lat' dir='ltr'>Petro</span> <span class='ocrx_word' id='word_1_211' title='bbox 951 3064 1106 3150; x_wconf 81' lang='lat' dir='ltr'>Cegaita,</span> <span class='ocrx_word' id='word_1_212' title='bbox 1133 3065 1283 3133; x_wconf 89' lang='lat' dir='ltr'>Johanne</span> 
     </span>
     <span class='ocr_line' id='line_1_26' title="bbox 154 3171 1283 3258; baseline -0.001 -18"><span class='ocrx_word' id='word_1_213' title='bbox 154 3175 313 3258; x_wconf 87' lang='lat' dir='ltr'>Deporta,</span> <span class='ocrx_word' id='word_1_214' title='bbox 330 3173 440 3238; x_wconf 88' lang='lat' dir='ltr'>Dabro</span> <span class='ocrx_word' id='word_1_215' title='bbox 457 3171 614 3254; x_wconf 86' lang='lat' dir='ltr'>Landula‚</span> <span class='ocrx_word' id='word_1_216' title='bbox 640 3174 745 3239; x_wconf 84' lang='lat' dir='ltr'>Fusae</span> <span class='ocrx_word' id='word_1_217' title='bbox 763 3171 927 3258; x_wconf 85' lang='lat' dir='ltr'>Pueipani.</span> <span class='ocrx_word' id='word_1_218' title='bbox 953 3173 991 3237; x_wconf 94' lang='lat' dir='ltr'>In</span> <span class='ocrx_word' id='word_1_219' title='bbox 1007 3173 1121 3240; x_wconf 90' lang='lat' dir='ltr'>eadem</span> <span class='ocrx_word' id='word_1_220' title='bbox 1143 3174 1283 3239; x_wconf 78' lang='lat' dir='ltr'>ecelesia</span> 
     </span>
     <span class='ocr_line' id='line_1_27' title="bbox 154 3280 1281 3366; baseline 0 -20"><span class='ocrx_word' id='word_1_221' title='bbox 154 3281 304 3348; x_wconf 76' lang='lat' dir='ltr'>dedimus</span> <span class='ocrx_word' id='word_1_222' title='bbox 329 3301 457 3348; x_wconf 87' lang='lat' dir='ltr'>servum</span> <span class='ocrx_word' id='word_1_223' title='bbox 482 3281 613 3346; x_wconf 88' lang='lat' dir='ltr'>nomine</span> <span class='ocrx_word' id='word_1_224' title='bbox 628 3280 810 3366; x_wconf 83' lang='lat' dir='ltr'>Nyeolaum</span> <span class='ocrx_word' id='word_1_225' title='bbox 832 3301 902 3346; x_wconf 84' lang='lat' dir='ltr'>aum</span> <span class='ocrx_word' id='word_1_226' title='bbox 922 3301 1022 3348; x_wconf 84' lang='lat' dir='ltr'>uxore</span> <span class='ocrx_word' id='word_1_227' title='bbox 1047 3301 1107 3346; x_wconf 87' lang='lat' dir='ltr'>sua</span> <span class='ocrx_word' id='word_1_228' title='bbox 1122 3281 1281 3365; x_wconf 89' lang='lat' dir='ltr'>Dabrina,</span> 
     </span>
     <span class='ocr_line' id='line_1_28' title="bbox 154 3388 1281 3476; baseline -0.002 -20"><span class='ocrx_word' id='word_1_229' title='bbox 154 3411 229 3456; x_wconf 87' lang='lat' dir='ltr'>cum</span> <span class='ocrx_word' id='word_1_230' title='bbox 244 3389 320 3456; x_wconf 88' lang='lat' dir='ltr'>filiis</span> <span class='ocrx_word' id='word_1_231' title='bbox 336 3395 369 3456; x_wconf 90' lang='lat' dir='ltr'>et</span> <span class='ocrx_word' id='word_1_232' title='bbox 383 3388 523 3471; x_wconf 89' lang='lat' dir='ltr'>filiabus,</span> <span class='ocrx_word' id='word_1_233' title='bbox 539 3408 579 3455; x_wconf 89' lang='lat' dir='ltr'>ae</span> <span class='ocrx_word' id='word_1_234' title='bbox 594 3388 698 3454; x_wconf 88' lang='lat' dir='ltr'>vineis</span> <span class='ocrx_word' id='word_1_235' title='bbox 714 3389 792 3472; x_wconf 88' lang='lat' dir='ltr'>suis,</span> <span class='ocrx_word' id='word_1_236' title='bbox 811 3409 895 3474; x_wconf 88' lang='lat' dir='ltr'>quae</span> <span class='ocrx_word' id='word_1_237' title='bbox 914 3389 1004 3455; x_wconf 83' lang='lat' dir='ltr'>iuxta</span> <span class='ocrx_word' id='word_1_238' title='bbox 1020 3389 1133 3457; x_wconf 89' lang='lat' dir='ltr'>vineas</span> <span class='ocrx_word' id='word_1_239' title='bbox 1149 3389 1281 3476; x_wconf 79' lang='lat' dir='ltr'>Cypria-</span> 
     </span>
     <span class='ocr_line' id='line_1_29' title="bbox 154 3495 1281 3584; baseline 0.004 -21"><span class='ocrx_word' id='word_1_240' title='bbox 154 3499 200 3582; x_wconf 91' lang='lat' dir='ltr'>ni,</span> <span class='ocrx_word' id='word_1_241' title='bbox 218 3499 295 3584; x_wconf 92' lang='lat' dir='ltr'>quia</span> <span class='ocrx_word' id='word_1_242' title='bbox 313 3495 573 3582; x_wconf 82' lang='lat' dir='ltr'>comparavimus</span> <span class='ocrx_word' id='word_1_243' title='bbox 590 3496 680 3562; x_wconf 92' lang='lat' dir='ltr'>illum</span> <span class='ocrx_word' id='word_1_244' title='bbox 698 3518 718 3563; x_wconf 91' lang='lat' dir='ltr'>a</span> <span class='ocrx_word' id='word_1_245' title='bbox 734 3496 834 3563; x_wconf 86' lang='lat' dir='ltr'>fratre</span> <span class='ocrx_word' id='word_1_246' title='bbox 855 3517 913 3564; x_wconf 89' lang='lat' dir='ltr'>suo</span> <span class='ocrx_word' id='word_1_247' title='bbox 931 3497 1042 3584; x_wconf 79' lang='lat' dir='ltr'>Girgi;</span> <span class='ocrx_word' id='word_1_248' title='bbox 1068 3518 1143 3564; x_wconf 92' lang='lat' dir='ltr'>nam</span> <span class='ocrx_word' id='word_1_249' title='bbox 1168 3519 1281 3584; x_wconf 90' lang='lat' dir='ltr'>preno-</span> 
     </span>
     <span class='ocr_line' id='line_1_30' title="bbox 155 3603 1281 3692; baseline 0 -19"><span class='ocrx_word' id='word_1_250' title='bbox 155 3607 296 3673; x_wconf 78' lang='lat' dir='ltr'>minatus</span> <span class='ocrx_word' id='word_1_251' title='bbox 321 3603 450 3689; x_wconf 86' lang='lat' dir='ltr'>Nyeola</span> <span class='ocrx_word' id='word_1_252' title='bbox 474 3603 517 3669; x_wconf 90' lang='lat' dir='ltr'>sit</span> <span class='ocrx_word' id='word_1_253' title='bbox 541 3603 575 3670; x_wconf 91' lang='lat' dir='ltr'>in</span> <span class='ocrx_word' id='word_1_254' title='bbox 589 3604 663 3692; x_wconf 87' lang='lat' dir='ltr'>ipsa</span> <span class='ocrx_word' id='word_1_255' title='bbox 687 3605 846 3692; x_wconf 76' lang='lat' dir='ltr'>ecelesia3</span> <span class='ocrx_word' id='word_1_256' title='bbox 873 3627 982 3674; x_wconf 86' lang='lat' dir='ltr'>eoram</span> <span class='ocrx_word' id='word_1_257' title='bbox 1008 3609 1134 3676; x_wconf 87' lang='lat' dir='ltr'>Luearu</span> <span class='ocrx_word' id='word_1_258' title='bbox 1159 3614 1192 3674; x_wconf 90' lang='lat' dir='ltr'>et</span> <span class='ocrx_word' id='word_1_259' title='bbox 1207 3607 1281 3674; x_wconf 89' lang='lat' dir='ltr'>aliis</span> 
     </span>
     <span class='ocr_line' id='line_1_31' title="bbox 153 3712 1281 3804; baseline 0 -20"><span class='ocrx_word' id='word_1_260' title='bbox 153 3715 275 3784; x_wconf 88' lang='lat' dir='ltr'>multis.</span> <span class='ocrx_word' id='word_1_261' title='bbox 300 3713 459 3780; x_wconf 82' lang='lat' dir='ltr'>Dedimus</span> <span class='ocrx_word' id='word_1_262' title='bbox 484 3712 576 3779; x_wconf 89' lang='lat' dir='ltr'>illum</span> <span class='ocrx_word' id='word_1_263' title='bbox 591 3735 651 3800; x_wconf 93' lang='lat' dir='ltr'>per</span> <span class='ocrx_word' id='word_1_264' title='bbox 667 3734 798 3780; x_wconf 89' lang='lat' dir='ltr'>manum</span> <span class='ocrx_word' id='word_1_265' title='bbox 815 3734 873 3782; x_wconf 89' lang='lat' dir='ltr'>suo</span> <span class='ocrx_word' id='word_1_266' title='bbox 898 3715 993 3782; x_wconf 87' lang='lat' dir='ltr'>fratri</span> <span class='ocrx_word' id='word_1_267' title='bbox 1010 3717 1103 3802; x_wconf 85' lang='lat' dir='ltr'>Girgi</span> <span class='ocrx_word' id='word_1_268' title='bbox 1122 3719 1281 3804; x_wconf 90' lang='lat' dir='ltr'>prenomi-</span> 
     </span>
     <span class='ocr_line' id='line_1_32' title="bbox 152 3821 1077 3907; baseline -0.001 -16"><span class='ocrx_word' id='word_1_269' title='bbox 152 3833 232 3891; x_wconf 89' lang='lat' dir='ltr'>nato</span> <span class='ocrx_word' id='word_1_270' title='bbox 248 3841 357 3888; x_wconf 86' lang='lat' dir='ltr'>eoram</span> <span class='ocrx_word' id='word_1_271' title='bbox 373 3821 539 3906; x_wconf 84' lang='lat' dir='ltr'>Stephano</span> <span class='ocrx_word' id='word_1_272' title='bbox 559 3821 705 3907; x_wconf 83' lang='lat' dir='ltr'>Cupano,</span> <span class='ocrx_word' id='word_1_273' title='bbox 721 3823 872 3890; x_wconf 82' lang='lat' dir='ltr'>Funnino</span> <span class='ocrx_word' id='word_1_274' title='bbox 891 3823 1077 3892; x_wconf 88' lang='lat' dir='ltr'>Platmissa.</span> 
     </span>
    </p>
   </div>
   <div class='ocr_carea' id='block_1_8' title="bbox 150 3943 1281 4684">
    <p class='ocr_par' dir='ltr' id='par_1_9' title="bbox 150 3943 1281 4573">
     <span class='ocr_line' id='line_1_33' title="bbox 260 3943 1281 4034; baseline 0.008 -24"><span class='ocrx_word' id='word_1_275' title='bbox 260 3943 497 4034; x_wconf 82' lang='lat' dir='ltr'>†Comparavi</span> <span class='ocrx_word' id='word_1_276' title='bbox 521 3947 650 4013; x_wconf 89' lang='lat' dir='ltr'>nomine</span> <span class='ocrx_word' id='word_1_277' title='bbox 665 3947 846 4030; x_wconf 85' lang='lat' dir='ltr'>Negozaia</span> <span class='ocrx_word' id='word_1_278' title='bbox 868 3949 996 4034; x_wconf 87' lang='lat' dir='ltr'>Duymo</span> <span class='ocrx_word' id='word_1_279' title='bbox 1021 3951 1088 4018; x_wconf 88' lang='lat' dir='ltr'>filio</span> <span class='ocrx_word' id='word_1_280' title='bbox 1111 3943 1281 4020; x_wconf 84' lang='lat' dir='ltr'>Stresinna</span> 
     </span>
     <span class='ocr_line' id='line_1_34' title="bbox 152 4054 1280 4142; baseline 0.003 -21"><span class='ocrx_word' id='word_1_281' title='bbox 152 4077 212 4141; x_wconf 88' lang='lat' dir='ltr'>pro</span> <span class='ocrx_word' id='word_1_282' title='bbox 228 4055 274 4120; x_wconf 89' lang='lat' dir='ltr'>VI</span> <span class='ocrx_word' id='word_1_283' title='bbox 290 4054 350 4120; x_wconf 87' lang='lat' dir='ltr'>sol.</span> <span class='ocrx_word' id='word_1_284' title='bbox 367 4073 426 4138; x_wconf 91' lang='lat' dir='ltr'>pro</span> <span class='ocrx_word' id='word_1_285' title='bbox 442 4054 505 4119; x_wconf 86' lang='lat' dir='ltr'>fine</span> <span class='ocrx_word' id='word_1_286' title='bbox 522 4073 630 4120; x_wconf 87' lang='lat' dir='ltr'>eorem</span> <span class='ocrx_word' id='word_1_287' title='bbox 647 4057 752 4122; x_wconf 81' lang='lat' dir='ltr'>Fusco</span> <span class='ocrx_word' id='word_1_288' title='bbox 769 4055 879 4121; x_wconf 86' lang='lat' dir='ltr'>Tiberi</span> <span class='ocrx_word' id='word_1_289' title='bbox 902 4065 933 4123; x_wconf 88' lang='grc'>01</span> <span class='ocrx_word' id='word_1_290' title='bbox 950 4057 1062 4142; x_wconf 82' lang='lat' dir='ltr'>Draga</span> <span class='ocrx_word' id='word_1_291' title='bbox 1081 4057 1172 4124; x_wconf 89' lang='lat' dir='ltr'>Muti.</span> <span class='ocrx_word' id='word_1_292' title='bbox 1188 4058 1280 4124; x_wconf 90' lang='lat' dir='ltr'>Simi-</span> 
     </span>
     <span class='ocr_line' id='line_1_35' title="bbox 152 4161 1279 4250; baseline 0.001 -20"><span class='ocrx_word' id='word_1_293' title='bbox 152 4165 228 4231; x_wconf 89' lang='lat' dir='ltr'>liter</span> <span class='ocrx_word' id='word_1_294' title='bbox 244 4161 432 4247; x_wconf 86' lang='lat' dir='ltr'>eomparavi</span> <span class='ocrx_word' id='word_1_295' title='bbox 448 4181 575 4228; x_wconf 88' lang='lat' dir='ltr'>servum</span> <span class='ocrx_word' id='word_1_296' title='bbox 599 4163 728 4229; x_wconf 87' lang='lat' dir='ltr'>nomine</span> <span class='ocrx_word' id='word_1_297' title='bbox 744 4163 898 4250; x_wconf 78' lang='lat' dir='ltr'>Dragaza</span> <span class='ocrx_word' id='word_1_298' title='bbox 913 4185 934 4230; x_wconf 92' lang='lat' dir='ltr'>a</span> <span class='ocrx_word' id='word_1_299' title='bbox 948 4165 1129 4250; x_wconf 86' lang='lat' dir='ltr'>presbitero</span> <span class='ocrx_word' id='word_1_300' title='bbox 1146 4163 1187 4231; x_wconf 90' lang='lat' dir='ltr'>de</span> <span class='ocrx_word' id='word_1_301' title='bbox 1203 4165 1279 4232; x_wconf 90' lang='lat' dir='ltr'>Ore·</span> 
     </span>
     <span class='ocr_line' id='line_1_36' title="bbox 151 4270 1278 4359; baseline 0 -20"><span class='ocrx_word' id='word_1_302' title='bbox 151 4273 235 4339; x_wconf 86' lang='lat' dir='ltr'>choa</span> <span class='ocrx_word' id='word_1_303' title='bbox 250 4291 312 4357; x_wconf 93' lang='lat' dir='ltr'>pro</span> <span class='ocrx_word' id='word_1_304' title='bbox 328 4271 355 4336; x_wconf 88' lang='lat' dir='ltr'>V</span> <span class='ocrx_word' id='word_1_305' title='bbox 373 4270 433 4337; x_wconf 87' lang='lat' dir='ltr'>sol.</span> <span class='ocrx_word' id='word_1_306' title='bbox 450 4289 561 4337; x_wconf 87' lang='lat' dir='ltr'>eoram</span> <span class='ocrx_word' id='word_1_307' title='bbox 576 4271 700 4339; x_wconf 86' lang='lat' dir='ltr'>Basilio</span> <span class='ocrx_word' id='word_1_308' title='bbox 715 4275 869 4340; x_wconf 79' lang='lat' dir='ltr'>Stasueeo</span> <span class='ocrx_word' id='word_1_309' title='bbox 885 4281 918 4339; x_wconf 90' lang='lat' dir='ltr'>et</span> <span class='ocrx_word' id='word_1_310' title='bbox 933 4273 1129 4358; x_wconf 87' lang='lat' dir='ltr'>Lampredio</span> <span class='ocrx_word' id='word_1_311' title='bbox 1145 4274 1278 4359; x_wconf 81' lang='lat' dir='ltr'>Cybriu-</span> 
     </span>
     <span class='ocr_line' id='line_1_37' title="bbox 150 4377 1279 4468; baseline 0.001 -20"><span class='ocrx_word' id='word_1_312' title='bbox 150 4383 204 4464; x_wconf 89' lang='grc'>10,</span> <span class='ocrx_word' id='word_1_313' title='bbox 229 4379 282 4445; x_wconf 87' lang='lat' dir='ltr'>eui</span> <span class='ocrx_word' id='word_1_314' title='bbox 298 4385 330 4445; x_wconf 89' lang='lat' dir='ltr'>et</span> <span class='ocrx_word' id='word_1_315' title='bbox 346 4377 371 4444; x_wconf 84' lang='lat' dir='ltr'><strong>G</strong></span> <span class='ocrx_word' id='word_1_316' title='bbox 386 4395 507 4464; x_wconf 79' lang='lat' dir='ltr'>peoora</span> <span class='ocrx_word' id='word_1_317' title='bbox 522 4385 555 4444; x_wconf 90' lang='lat' dir='ltr'>et</span> <span class='ocrx_word' id='word_1_318' title='bbox 570 4377 604 4442; x_wconf 97' lang='lat' dir='ltr'>II</span> <span class='ocrx_word' id='word_1_319' title='bbox 619 4397 718 4445; x_wconf 86' lang='lat' dir='ltr'>vaeee</span> <span class='ocrx_word' id='word_1_320' title='bbox 742 4389 840 4465; x_wconf 88' lang='lat' dir='ltr'>atque</span> <span class='ocrx_word' id='word_1_321' title='bbox 855 4399 916 4467; x_wconf 92' lang='lat' dir='ltr'>par</span> <span class='ocrx_word' id='word_1_322' title='bbox 931 4379 1072 4446; x_wconf 90' lang='lat' dir='ltr'>bouuum</span> <span class='ocrx_word' id='word_1_323' title='bbox 1089 4377 1175 4468; x_wconf 83' lang='lat' dir='ltr'>(igy)</span> <span class='ocrx_word' id='word_1_324' title='bbox 1192 4380 1279 4448; x_wconf 91' lang='lat' dir='ltr'>dedi·</span> 
     </span>
     <span class='ocr_line' id='line_1_38' title="bbox 151 4485 984 4573; baseline -0.002 -19"><span class='ocrx_word' id='word_1_325' title='bbox 151 4507 224 4554; x_wconf 88' lang='lat' dir='ltr'>mus</span> <span class='ocrx_word' id='word_1_326' title='bbox 241 4486 284 4553; x_wconf 90' lang='lat' dir='ltr'>ad</span> <span class='ocrx_word' id='word_1_327' title='bbox 301 4504 384 4573; x_wconf 85' lang='lat' dir='ltr'>opus</span> <span class='ocrx_word' id='word_1_328' title='bbox 400 4485 544 4554; x_wconf 87' lang='lat' dir='ltr'>eiusdem</span> <span class='ocrx_word' id='word_1_329' title='bbox 561 4487 731 4573; x_wconf 83' lang='lat' dir='ltr'>ecelesiae,</span> <span class='ocrx_word' id='word_1_330' title='bbox 748 4495 780 4554; x_wconf 89' lang='lat' dir='ltr'>et</span> <span class='ocrx_word' id='word_1_331' title='bbox 796 4487 838 4556; x_wconf 89' lang='lat' dir='ltr'>sit</span> <span class='ocrx_word' id='word_1_332' title='bbox 854 4487 984 4554; x_wconf 88' lang='lat' dir='ltr'>ibidem.</span> 
     </span>
    </p>

    <p class='ocr_par' dir='ltr' id='par_1_10' title="bbox 260 4593 1279 4684">
     <span class='ocr_line' id='line_1_39' title="bbox 260 4593 1279 4684; baseline 0.007 -22"><span class='ocrx_word' id='word_1_333' title='bbox 260 4594 405 4663; x_wconf 84' lang='lat' dir='ltr'>Eruimus</span> <span class='ocrx_word' id='word_1_334' title='bbox 421 4614 557 4683; x_wconf 85' lang='lat' dir='ltr'>puerum</span> <span class='ocrx_word' id='word_1_335' title='bbox 582 4595 688 4664; x_wconf 85' lang='lat' dir='ltr'>adhue</span> <span class='ocrx_word' id='word_1_336' title='bbox 703 4615 841 4684; x_wconf 89' lang='lat' dir='ltr'>paruum</span> <span class='ocrx_word' id='word_1_337' title='bbox 858 4595 912 4683; x_wconf 90' lang='lat' dir='ltr'>qui</span> <span class='ocrx_word' id='word_1_338' title='bbox 937 4600 1140 4682; x_wconf 80' lang='lat' dir='ltr'>nuncupatur</span> <span class='ocrx_word' id='word_1_339' title='bbox 1156 4593 1279 4668; x_wconf 78' lang='lat' dir='ltr'>Slobbu</span> 
     </span>
    </p>
   </div>
   <div class='ocr_carea' id='block_1_9' title="bbox 0 0 1638 5194">
    <p class='ocr_par' dir='ltr' id='par_1_11' title="bbox 0 0 1638 5194">
     <span class='ocr_line' id='line_1_40' title="bbox 0 0 1638 5194; baseline 0 4"><span class='ocrx_word' id='word_1_340' title='bbox 0 0 1638 5194; x_wconf 95' lang='lat' dir='ltr'> </span> 
     </span>
    </p>
   </div>
  </div>
 </body>
</html>
