3238 5184
716 892 794 960 341.

185 1068 460 1155 Apcaaoobclmi
483 1075 620 1158 opdtedy
634 1069 813 1158 jobbdpyoi
828 1074 860 1136 aa
874 1073 965 1157 πόροι·
978 1069 1314 1158 meplratulmoaotp'ac‘·

344 1176 410 1240 calc
423 1197 609 1263 opyartaaoa
626 1179 711 1244 artai«
718 1179 820 1245 abent
834 1177 1035 1246 btutdrztra.
1052 1179 1150 1244 1233.

291 1371 330 1435 In
347 1368 468 1437 Christi
484 1370 615 1438 nomine
630 1373 743 1438 Arnen.
769 1374 878 1440 Bench
895 1372 1039 1440 Clericus
1056 1371 1097 1437 de
1112 1370 1203 1452 Sala,
1223 1370 1313 1436 lbra-

182 1474 258 1561 him,
283 1474 449 1558 Nicolaus,
466 1475 629 1559 Mochons,
645 1476 784 1561 Benohe,
804 1477 961 1562 lacobus,
987 1484 1021 1544 ct
1036 1475 1138 1542 frater
1162 1473 1311 1559 Egidius,

183 1586 411 1667 procuratores
421 1580 637 1666 jobagionnm
648 1590 681 1648 et
696 1584 886 1669 populorum
895 1603 955 1670 pro
971 1603 1018 1668 se,
1036 1590 1068 1649 et
1078 1579 1311 1667 jobagionibus

182 1695 215 1754 et
230 1688 361 1774 populis
377 1707 418 1754 ex
435 1708 501 1755 una
517 1699 620 1774 parte,
642 1697 675 1756 et
690 1690 841 1758 dominns
856 1693 953 1758 Vries
971 1691 1085 1758 Abbas
1101 1689 1214 1757 Sancti
1228 1689 1311 1755 Mar·

180 1794 241 1860 tini
265 1792 307 1858 de
323 1795 424 1861 Sacro
450 1796 560 1863 Monte
578 1797 747 1864 Pannonio
771 1817 844 1866 curn
867 1799 1009 1866 Henrico
1034 1796 1156 1879 Priore,
1182 1795 1311 1864 Tboma

180 1897 334 1984 Custode,
351 1900 478 1968 Lazaro
489 1900 689 1986 Camerario,
705 1905 831 1972 Mathia
847 1906 1004 1992 magistro
1019 1905 1188 1991 pistorum,
1200 1903 1308 1970 Vitale

179 2007 293 2076 Priore
308 2005 350 2074 de
366 2007 455 2093 Sala,
472 2007 581 2076 Primo
598 2009 763 2093 clavigero
778 2011 987 2078 etBernardo
997 2009 1166 2077 Monacbis
1187 2015 1220 2077 et
1235 2030 1308 2096 pro·

178 2115 384 2182 curatoribus
409 2111 594 2184 Conventus
610 2136 651 2184 ex
675 2117 790 2201 altera,
815 2119 1105 2205 compromiserunt
1123 2116 1158 2182 iu
1172 2115 1307 2184 fratrem

179 2220 291 2289 Enoch
307 2219 440 2288 Ordinis
454 2219 699 2289 Predicatorum
715 2229 749 2289 et
763 2222 955 2308 Magistrum
974 2222 1232 2309 Oognosoentem
1247 2221 1306 2287 Le·

178 2347 257 2410 gum
280 2329 454 2396 Ductorem
480 2325 681 2396 canonicum
706 2329 972 2415 strigoniensem,
999 2335 1167 2413 tamqnam
1191 2327 1226 2394 in
1257 2349 1306 2396 ar-

178 2433 283 2502 bitros
300 2435 354 2501 vel
364 2434 586 2518 arbitratores,
604 2444 637 2502 et
651 2435 843 2503 amicabiles
858 2437 1102 2523 compositores,
1118 2436 1305 2521 promitten-

177 2549 229 2609 tes
244 2549 356 2629 partes
372 2542 433 2608 snb
448 2559 537 2627 pena
550 2540 769 2629 infrascripta,
799 2553 905 2610 ratum
921 2563 957 2612 se
982 2543 1153 2611 habituras
1173 2543 1304 2612 omnino

177 2649 332 2734 quiequid
348 2649 499 2732 dixerint,
515 2648 665 2715 arbitrati
679 2649 807 2734 fuerint,
825 2651 878 2716 vel
894 2650 1133 2736 composuerint
1158 2669 1302 2737 seupre·

176 2759 333 2842 ceperint.
348 2758 392 2824 Et
402 2755 601 2842 quiapartes
618 2757 796 2822 attulerant
814 2755 969 2843 predictis
980 2757 1112 2823 arbitris
1123 2756 1303 2841 peticiones

176 2870 211 2930 et
226 2863 356 2933 libellos
371 2861 625 2948 querimoniales
643 2859 908 2945 innumerabiles,
924 2862 972 2929 ita
987 2859 1074 2944 quod
1094 2862 1302 2946 cogniciones

178 2971 290 3057 magni
313 2969 470 3058 temporis
485 2969 672 3053 exigebant,
699 2974 732 3034 et
746 2969 794 3036 sic
810 2989 875 3036 non
891 2975 1044 3054 poterant
1066 2967 1216 3054 expediri
1231 2969 1302 3036 sine

177 3076 310 3163 magnis
324 3077 493 3146 laboribus
517 3085 550 3144 et
564 3077 740 3162 expensir;
767 3084 955 3163 spontanee,
973 3076 1014 3142 de
1029 3076 1131 3162 plana
1146 3083 1180 3142 et
1202 3077 1302 3162 plena

176 3185 346 3252 voluntate
362 3191 395 3250 et
409 3202 570 3250 consensu
586 3203 752 3269 expresso,
769 3203 811 3249 ex
827 3183 981 3250 mandato
997 3184 1206 3250 etvoluntate
1216 3182 1302 3269 ipso-

173 3312 247 3360 rum
268 3291 463 3360 arbitrorum
486 3311 545 3358 seu
560 3291 781 3358 amicabilium
797 3291 1058 3376 compositorum,
1082 3289 1239 3374 requisito
1255 3288 1300 3356 ad

175 3401 238 3468 boc
261 3417 418 3484 expresso
443 3417 604 3466 consensu
635 3397 775 3466 aliorum
795 3396 1012 3482 jobagionum
1039 3404 1072 3463 et
1095 3396 1298 3482 populorum,

175 3506 264 3575 dicte
278 3512 390 3594 partes
415 3505 686 3572 rennnciauerunt
700 3505 850 3572 omnibus
873 3503 1088 3592 peticionibus
1104 3522 1161 3570 seu
1177 3501 1299 3570 libellis

171 3611 473 3700 querimonialibns,
490 3617 523 3678 et
537 3611 687 3679 omnibus
699 3610 811 3677 litibus
824 3611 877 3677 vel
893 3609 1103 3696 querimoniis
1113 3610 1221 3694 motis,
1237 3609 1299 3678 boe

171 3721 269 3789 saluo
294 3726 327 3788 et
341 3725 476 3806 excepto
492 3726 613 3786 etcum
634 3718 792 3786 instantia
807 3738 941 3804 precum
955 3717 1056 3804 petito
1073 3716 1116 3783 ab
1132 3717 1191 3799 eis,
1212 3717 1298 3800 quod

169 3827 377 3897 solummodo
400 3845 499 3914 super
524 3825 742 3911 infrascriptis
766 3825 1011 3911 grauaminibns
1034 3829 1067 3890 et
1082 3823 1299 3911 oppressioni-

173 3935 246 4019 bus,
262 3933 390 4018 iniurijs
405 3937 437 3999 et
453 3931 623 4016 molestijs,
648 3950 707 3998 seu
718 3930 872 3998 indebitis
897 3928 1129 3997 exaccionibue
1148 3927 1297 4012 jobagio-

169 4063 251 4110 nnm
266 4048 300 4110 et
311 4040 504 4129 populorum
528 4047 760 4124 cognoscerent
775 4046 808 4106 et
823 4037 1084 4124 pronunciarent,
1110 4041 1143 4102 et
1159 4044 1298 4121 excepta

170 4168 273 4218 eausa
297 4147 420 4215 Benchi
443 4144 553 4214 clerici
568 4144 609 4213 de
624 4143 719 4230 Sala,
744 4144 969 4230 promittentes
993 4143 1057 4210 sibl
1075 4141 1119 4208 ad
1143 4141 1295 4226 inuicem,

167 4252 259 4343 quod
274 4254 315 4322 de
330 4261 440 4322 cetero
455 4252 497 4320 de
511 4252 588 4339 alijs
602 4250 820 4338 peticionibus
842 4269 900 4316 sen
916 4249 1037 4316 libellis
1052 4245 1294 4334 querimoniali·

169 4365 231 4431 bus
246 4361 405 4450 porrectis
421 4359 544 4430 eisdem
566 4379 677 4427 coram
693 4359 740 4426 eis
756 4359 810 4425 vel
825 4357 900 4423 aliis
916 4376 980 4423 non
997 4362 1167 4423 mouerent
1181 4361 1293 4438 partes

165 4471 314 4556 aliquam
338 4469 557 4553 questionem,
587 4465 646 4534 sed
671 4486 769 4553 super
799 4464 1017 4550 infrascriptis
1033 4461 1289 4549 grauaminibns,

164 4583 201 4646 et
217 4597 316 4666 super
326 4596 427 4646 cansa
441 4575 521 4645 dicti
536 4575 668 4661 Bencby
684 4573 930 4660 arbitrarentur,
946 4571 1201 4659 pronunciarent
1216 4587 1288 4656 pro·
