3268 5194
844 329 998 427 -..K

366 543 429 592 nae
446 523 613 590 Ecclesiae
634 521 854 590 sclavinorum
879 530 965 589 terra
985 523 1197 590 ministerium
1223 527 1372 593 sacrificii
1397 545 1491 612 pera-

366 641 456 719 gant,
472 634 506 700 in
521 633 640 700 Latina
656 631 779 698 seilicet
794 631 907 716 lingua
916 683 925 716 ,
950 651 1014 700 non
1031 640 1140 700 autem
1156 633 1190 699 in
1209 640 1383 718 extranea,
1411 633 1492 717 quia

365 742 472 809 nullus
488 741 572 807 filius
597 740 722 825 aliquid
745 739 833 824 loqui
849 739 955 824 debet,
972 741 1024 807 vel
1041 761 1178 828 sapere,
1205 743 1267 808 nisi
1287 749 1322 808 ut
1347 747 1441 827 pater
1457 739 1491 805 ei

364 848 595 932 insinuaverit,
622 855 654 914 et
670 847 747 931 quia
760 847 866 913 Sclavi
890 847 1119 932 specialissimi
1142 849 1200 914 tilii
1216 851 1356 915 Sanctae
1372 850 1491 915 Roma·

364 976 426 1024 nae
442 955 611 1022 Ecclesiae
626 960 712 1038 sunt,
729 953 762 1019 iu
778 953 923 1020 doctrina
944 955 1056 1020 matris
1073 974 1263 1041 permanere
1279 955 1419 1039 debent,
1449 955 1491 1022 si-

363 1074 417 1132 cut
430 1065 477 1132 ait
493 1064 690 1150 Apostolus:
710 1063 849 1149 „Filioli,
867 1083 947 1148 quos
962 1083 1021 1150 per
1039 1065 1217 1132 doctrinam
1233 1065 1410 1150 Evangelii
1427 1085 1491 1151 ego

363 1171 493 1256 genui“,
510 1164 693 1238 etiterum:
724 1169 846 1254 ,Filius
863 1170 993 1256 sapiens
1010 1171 1165 1237 laetificat
1188 1173 1345 1257 patrem·“
1375 1173 1412 1239 ln
1428 1175 1492 1240 hoc

365 1280 475 1363 utique
492 1277 682 1362 gaudemus,
700 1276 846 1343 siSclavi
863 1283 1005 1344 nostram
1026 1278 1204 1350 doctrinam
1220 1279 1312 1363 sequi
1330 1279 1491 1346 delecten-

364 1395 434 1468 tur,
462 1392 497 1451 ut
512 1385 582 1451 Deo
609 1383 800 1450 sacrificium
816 1391 940 1469 gratum
965 1387 1151 1452 exhibeant.
1179 1383 1339 1463 Quoniam
1355 1387 1409 1470 qui
1424 1407 1491 1454 non

364 1491 428 1559 fide
441 1491 627 1559 sacrificant
643 1497 676 1558 et
691 1493 762 1559 Deo
779 1513 862 1577 pura
882 1493 1039 1562 libamina
1054 1494 1191 1562 offerunt
1200 1546 1209 1578 ,
1234 1513 1348 1562 vereor
1366 1513 1407 1560 ne
1422 1495 1490 1561 illis

366 1601 475 1666 veniat
485 1649 493 1682 ,
520 1598 606 1683 quod
623 1599 864 1684 scriptumest:
882 1601 1096 1686 „Maledictus
1112 1601 1218 1686 bomo,
1236 1601 1290 1685 qui
1309 1622 1409 1687 opera
1425 1603 1489 1670 Dei

364 1708 570 1793 negligenter
584 1707 693 1780 facit.“
721 1708 816 1775 Unde
831 1728 887 1776 vos
905 1729 1030 1794 moneo,
1055 1717 1090 1777 ut
1106 1711 1195 1776 mala
1210 1710 1304 1776 radix
1321 1711 1355 1776 in
1372 1713 1490 1779 vestris

364 1816 514 1901 partibus
539 1815 670 1882 minime
686 1816 842 1902 pullulet,
869 1817 924 1882 sed
951 1825 1059 1884 vestra
1084 1818 1329 1904 praedicatione
1354 1818 1492 1884 assidua

364 1923 537 1992 defaecata
553 1932 701 2009 maneat5
727 1929 761 2005 ut
776 1926 846 1992 Deo
864 1926 999 1992 fructum
1026 1927 1142 1992 offerre
1164 1927 1302 1994 valeatis
1317 1945 1376 2012 per
1399 1946 1491 2012 prae-

365 2031 560 2100 dicationem
576 2032 675 2100 vestri
692 2033 870 2117 ministerii,
888 2034 988 2100 alium
1001 2035 1221 2118 centesimum,
1238 2034 1339 2100 alium
1355 2053 1492 2120 sexage-

365 2139 501 2221 simum;
526 2138 579 2221 qui
596 2137 696 2204 babet
713 2159 809 2206 aures
826 2140 975 2207 audiendi
992 2141 1113 2210 audiat.

737 2315 885 2386 (Ugyanon
897 2323 950 2372 111.
964 2323 1020 2373 not.
1034 2323 1077 2371 aa.
1090 2321 1120 2386 ι.)

800 2607 1054 2621 *¹*-

911 3053 943 3121 5.

524 3230 552 3296 Α
569 3232 687 3296 9254ιί
702 3232 839 3318 epulatol
854 3236 982 3299 nemzeti
997 3237 1098 3299 zeinab
1114 3237 1325 3302 batdroautai.

472 3431 496 3494 Ι.
515 3427 673 3506 Quoniam
691 3429 867 3512 antiquitus
883 3429 1003 3495 Beatus
1019 3431 1180 3499 Domnius
1200 3434 1242 3498 ab
1258 3433 1418 3518 Apostolo
1434 3435 1492 3498 Pe-

363 3542 412 3601 tro
429 3536 622 3618 praedicare
638 3536 790 3602 Salonam
805 3536 924 3602 missus
940 3545 990 3604 est
998 3587 1007 3620 ,
1033 3539 1274 3622 constituitque,
1292 3549 1327 3608 ut
1341 3541 1418 3626 ipsa
1432 3543 1492 3607 Ec·

362 3640 464 3705 clesia
479 3646 512 3705 et
528 3640 673 3724 Civitas,
700 3642 755 3708 ubi
771 3652 885 3711 sancta
900 3645 970 3729 ejus
987 3646 1131 3712 membra
1152 3647 1379 3729 requiescunt,
1406 3647 1492 3714 iuter

362 3764 474 3815 omnes
490 3747 657 3815 Ecclesiae
683 3751 868 3834 provinciae
884 3753 979 3838 hujus
993 3753 1144 3820 Primatis
1159 3753 1301 3836 habeat,
1327 3762 1360 3820 et
1374 3755 1492 3822 Metro·

363 3854 448 3941 polis
476 3875 594 3924 nomen
621 3877 718 3943 super
742 3878 853 3926 omnes
873 3861 1054 3945 Episcopos
1080 3860 1225 3944 legitime
1251 3862 1425 3927 sortiatur:
1443 3861 1493 3928 ita

362 3962 543 4048 dumtaxat,
555 3971 591 4031 ut
600 3965 643 4030 ad
659 3965 729 4050 ejus
734 3967 914 4050 jussionem
925 3967 1090 4055 Episcopi,
1107 3968 1160 4051 qui
1176 3987 1236 4052 per
1247 3968 1402 4034 Divinam
1419 3988 1491 4051 gra-

362 4069 441 4137 tiam
468 4071 655 4139 cathedram
680 4072 786 4159 ipram
812 4075 998 4160 retinuerit,
1024 4083 1057 4141 et
1080 4075 1229 4160 Synodus
1246 4077 1439 4160 celebretur,
1457 4083 1491 4142 et

362 4180 564 4247 consecratio
579 4181 834 4267 Episcoporum,
860 4182 937 4264 quia
961 4181 1088 4248 dicente
1102 4183 1241 4250 Domino
1258 4206 1265 4246 ι
1294 4184 1378 4268 ,Ubi
1393 4183 1492 4250 fuerit

361 4304 490 4372 eorpus,
508 4287 577 4354 illic
594 4287 876 4373 congregabuntur
895 4297 927 4355 et
943 4290 1103 4373 aquilae.“

469 4394 511 4460 11.
536 4394 633 4460 Utin
658 4393 781 4462 eunctis
806 4395 984 4480 Ecclesiis,
1010 4397 1185 4481 inquibus
1212 4417 1313 4483 supra
1338 4397 1493 4463 recolitur

365 4499 548 4586 Episcopus
573 4503 759 4588 habitasse,
785 4523 870 4572 nuuc
894 4511 1002 4574 autem
1017 4506 1123 4589 clero,
1149 4507 1281 4590 ordine,
1309 4511 1342 4572 et
1358 4506 1491 4592 populis

367 4605 532 4674 sufficiens
548 4607 643 4676 adest
659 4609 950 4680 intraDiaeeeseos
964 4612 1093 4696 limites,
1111 4613 1293 4698 Episcopus
1308 4611 1490 4698 habeatur,
