3238 5184
915 961 993 1030 sto.

447 1161 504 1228 IX.
523 1159 657 1246 Gorpelp
668 1165 761 1247 pripo
775 1161 982 1248 upyoaobboz
996 1181 1184 1248 appanowa
1199 1161 1327 1247 dpyboo.
1357 1161 1455 1224 1233.

504 1373 681 1458 Gregorius
707 1375 889 1460 Episcopus
914 1393 1028 1442 servus
1055 1393 1221 1442 servornm
1247 1374 1308 1440 Dei
1333 1372 1521 1440 venerabili

386 1483 479 1552 fratri
497 1533 503 1550 .
523 1533 530 1549 .
549 1533 556 1549 .
574 1482 1005 1570 archispiscopotsdrcnsi,
1023 1483 1160 1550 salutern
1176 1483 1446 1568 etApostolicam
1464 1482 1519 1546 be-

386 1590 613 1660 nedictionem.
630 1589 716 1668 Quia
726 1612 820 1659 omne
837 1598 936 1678 caput
950 1590 1143 1677 languidum
1159 1597 1192 1657 et
1210 1610 1304 1658 omne
1314 1609 1369 1656 eor
1385 1607 1519 1654 merens

385 1698 538 1784 aplanta
563 1697 658 1782 pedis
682 1717 785 1781 usque
811 1698 854 1764 ad
874 1699 1028 1764 verticem
1054 1700 1228 1764 sanitatem
1253 1717 1317 1763 non
1342 1697 1455 1778 habet,
1483 1703 1519 1760 ut

386 1805 581 1892 prophetica
605 1825 670 1872 vox
694 1811 852 1892 testatur;
877 1813 1008 1874 nonest
1033 1806 1157 1890 mirum,
1183 1807 1212 1872 si
1236 1805 1381 1872 membra
1406 1805 1520 1891 capite

386 1917 618 1998 languescente
635 1914 861 2001 languescunt,
889 1923 922 1982 et
937 1915 981 1982 ad
996 1915 1142 1982 subditos
1168 1915 1332 1981 derivatur
1348 1913 1518 2000 corruptio

386 2025 599 2108 Prelatornm,
626 2044 698 2091 cum
724 2043 823 2092 canes
839 2025 930 2110 muti,
956 2046 1018 2093 non
1035 2025 1183 2092 valentes
1209 2023 1324 2110 latare,
1351 2043 1415 2108 que
1441 2044 1517 2090 evo·

386 2130 508 2199 muisse
523 2130 715 2218 debuerant,
733 2133 971 2218 amplexantur,
990 2139 1022 2200 et
1037 2151 1078 2199 ea
1093 2131 1221 2218 publice
1240 2153 1305 2199 non
1321 2132 1518 2198 erubescant

386 2239 597 2324 committere,
624 2258 686 2325 qne
702 2239 779 2307 laici
806 2247 1061 2326 expavescerent
1077 2258 1237 2307 exercere.
1265 2241 1461 2306 Presentata
1477 2237 1517 2305 si·

387 2347 517 2432 quidem
542 2348 636 2415 nobis
654 2356 711 2416 tua
727 2349 841 2435 petitio
867 2349 1063 2434 continebat,
1089 2348 1267 2432 quodcum
1292 2346 1335 2412 ad
1352 2349 1516 2413 Monoste-

386 2455 468 2520 rium
487 2455 599 2522 Sancti
615 2455 790 2540 Grisogoni
816 2463 870 2522 tue
892 2457 1050 2540 Diocesis,
1077 2455 1237 2522 adiunctis
1252 2455 1312 2522 tibi
1337 2454 1417 2520 viris
1442 2474 1515 2540 pru*

387 2561 548 2648 dentibus,
565 2563 763 2632 accessisses
778 2564 976 2633 visitationis
994 2564 1134 2632 cilicium
1150 2564 1364 2650 impensurus,
1390 2561 1513 2628 ibidem

386 2670 493 2755 ipsum
509 2668 740 2738 Monosterium
765 2673 920 2740 invenisti
937 2693 957 2738 a
974 2673 1099 2739 malitia
1119 2671 1333 2738 habitantium
1347 2671 1381 2736 in
1398 2670 1512 2737 eodem

387 2776 603 2863 spiritualiter
627 2783 660 2844 et
675 2781 898 2866 temporaliter
915 2801 989 2847 esse
1014 2781 1203 2867 collapsum.
1220 2779 1306 2846 Nam
1324 2835 1330 2846 .
1350 2828 1357 2843 .
1375 2827 1384 2843 .
1400 2778 1512 2843 Abbss

389 2891 423 2951 et
438 2884 584 2951 nonnulli
601 2888 749 2954 monachi
763 2885 910 2953 eiusdem
920 2888 993 2972 loci,
1011 2886 1211 2955 demoniacis
1222 2885 1373 2953 cedentes
1389 2883 1513 2950 insulti-

390 2993 461 3077 bus,
478 2993 564 3059 bona
573 2993 760 3062 monasterii
771 2994 940 3062 memorati
957 2995 1178 3082 multipliciter
1194 2993 1378 3081 dilapidant
1394 3001 1426 3058 et
1441 3011 1513 3059 oon-

389 3106 528 3183 snmunt,
545 3103 578 3164 et
593 3099 691 3165 nullis
708 3101 805 3166 artati
822 3101 990 3187 limitibus,
1011 3108 1135 3169 statuta
1145 3101 1308 3186 regularia
1324 3120 1389 3168 non
1405 3099 1514 3167 obser-

389 3215 478 3295 vant,
504 3207 659 3276 ducentes
683 3207 783 3274 vitam
800 3211 869 3278 Deo
889 3217 921 3277 et
946 3211 1130 3279 bominibus
1155 3211 1386 3298 displicentem.
1412 3205 1512 3272 Iidem

389 3335 525 3402 quoque,
552 3315 608 3398 qni
625 3335 754 3383 carnem
770 3336 862 3383 suam
888 3338 959 3386 cum
976 3319 1065 3386 vitiis
1081 3328 1114 3387 et
1129 3316 1399 3404 concupiscentiis
1415 3315 1514 3381 cruci-

389 3424 500 3490 fixisse
524 3421 710 3508 debuerant,
737 3424 880 3510 undique
896 3447 955 3514 per
979 3427 1153 3513 lupanaria
1169 3427 1263 3512 vagis
1288 3424 1426 3511 pedibus
1452 3423 1514 3489 dis·

392 3536 568 3614 currentes,
594 3532 743 3598 relaxant
773 3532 866 3600 frena
891 3535 1077 3602 claustralis
1100 3535 1304 3602 observantie
1327 3533 1360 3600 in
1386 3551 1513 3598 omnem

390 3633 545 3702 desiderii
570 3637 774 3724 libertatem,
803 3641 867 3728 ita,
894 3651 930 3710 ut
953 3643 1018 3709 iarn
1044 3642 1205 3710 universis
1229 3661 1322 3709 sacre
1347 3641 1513 3725 religionis

389 3742 530 3808 cultibus
557 3742 728 3832 abiuratis‚
745 3748 787 3813 de
802 3749 989 3818 Christiano
1014 3771 1140 3836 nomen,
1168 3750 1209 3816 de
1230 3749 1388 3818 monacho
1410 3749 1512 3816 solum

388 3849 667 3920 haberebabitum
679 3855 871 3944 vidcantnr;
889 3879 1025 3944 necnon,
1036 3859 1180 3946 licetpro
1191 3859 1334 3926 violenta
1344 3855 1512 3923 iniectione

389 3978 542 4026 manuum
558 3958 593 4026 in
608 3961 779 4045 quemdam
789 3963 1005 4048 presbiterum
1024 3963 1512 4033 excommunicationisnexibus

390 4067 454 4134 sint
470 4065 607 4153 astricti,
633 4067 751 4136 Divina
777 4070 942 4139 celebrare
957 4073 1010 4141 vel
1027 4074 1233 4159 prophanare
1258 4072 1366 4160 potius
1384 4092 1449 4138 non
1464 4092 1512 4138 ve·

389 4179 510 4241 rentur.
528 4173 703 4260 Cupientes
728 4177 826 4262 igitur
841 4177 977 4247 fetorem
1004 4180 1046 4248 de
1060 4180 1254 4248 Sanetuario
1271 4179 1404 4249 Domini
1430 4179 1513 4265 peni-

389 4291 442 4349 tus
457 4281 613 4364 amoveri,
630 4281 834 4372 mandamus,
860 4293 1019 4370 quatenus
1035 4289 1249 4374 personaliter
1269 4287 1313 4356 ad
1329 4288 1437 4354 locum
1452 4288 1512 4353 dio-

389 4395 457 4455 tum
475 4389 646 4476 accedens,
673 4400 706 4457 et
720 4392 844 4462 babens
860 4415 918 4482 pre
941 4397 1044 4464 oculis
1060 4398 1164 4464 solum
1181 4399 1296 4484 Deum,
1321 4397 1468 4482 corrigas
1482 4405 1512 4463 et

392 4496 548 4566 reformes
564 4497 686 4567 ibidem
701 4507 768 4570 tam
785 4503 818 4570 in
837 4507 955 4592 capite,
972 4526 1071 4592 quam
1087 4506 1120 4572 iu
1136 4506 1300 4593 membris,
1316 4524 1381 4590 qne
1396 4525 1512 4573 correc-

387 4603 487 4671 tionis
513 4613 545 4674 et
561 4608 800 4679 reformationis
824 4612 933 4680 ollioio
957 4615 1087 4683 noveris
1109 4614 1267 4700 indigere.
1293 4613 1510 4682 Contradicto-
