3200 5182
905 294 971 358 448

374 489 492 555 delicet
508 495 540 554 et
556 489 778 574 Forchasium,
796 494 829 554 et
844 487 1006 573 quendam
1023 507 1157 573 puerum
1173 488 1302 554 nomine
1314 537 1321 552 .
1333 535 1361 550 ..
1381 485 1425 551 ad
1439 487 1497 552 Re·

373 597 423 682 gis
439 596 571 662 Andree
596 597 710 664 citauit
726 598 936 682 presenciam,
963 596 1109 663 obiciens
1123 595 1183 679 eis,
1209 592 1298 678 quod
1313 613 1425 661 eorum
1440 593 1498 659 frc-

372 713 423 772 tus
439 705 574 772 consilio
591 705 694 772 Lomb
711 704 811 772 irater
826 706 970 789 ipsorum
996 713 1109 772 contra
1124 725 1197 772 eum
1214 703 1417 771 extendisset
1431 703 1497 787 gla-

372 813 472 898 dium,
498 833 628 880 mauum
644 814 715 879 eius
741 813 891 880 dextram
908 811 1139 880 detruncando.
1155 814 1217 880 Vbi
1233 810 1413 878 iudicatum
1429 817 1496 876 est:

370 921 406 985 Si
422 921 548 986 Mischa
563 921 679 987 (lomes
703 939 775 986 cum
791 920 948 987 fratribus
971 920 1039 987 suis
1056 919 1217 986 Michaele
1232 927 1265 986 et
1279 919 1373 986 Absa
1389 937 1496 985 coram

369 1028 522 1117 Capitulo
539 1029 788 1116 Wesprimiensi
811 1051 909 1118 super
933 1031 994 1096 hoc
1018 1031 1162 1097 lacerent
1187 1035 1440 1113 sacramentum,
1466 1028 1496 1092 in

370 1139 531 1205 ulcionem
556 1137 651 1204 unius
667 1139 800 1206 dextere
825 1139 1022 1226 prefatorum
1051 1139 1192 1207 uirorum
1217 1145 1357 1220 quatuor
1380 1155 1495 1202 manus

369 1251 604 1312 truncarentur.
631 1246 776 1332 Cumque
796 1246 969 1313 decentum
986 1247 1029 1313 ad
1045 1247 1106 1314 hoc
1121 1245 1247 1332 fuisset,
1268 1252 1302 1311 et
1316 1245 1361 1310 M.
1379 1245 1495 1312 Comes

369 1351 607 1420 cumfratribus
617 1355 685 1421 suis
696 1357 835 1440 probare
852 1355 943 1422 iuxta
955 1355 1094 1423 formam
1105 1355 1217 1440 iudicij
1233 1354 1315 1420 illud
1325 1361 1494 1440 promptus

368 1463 541 1547 extitisset,
558 1469 710 1550 presente
719 1464 879 1550 pristaldo
894 1465 994 1550 Regis
1011 1465 1100 1531 Luca
1116 1465 1248 1530 nomine
1262 1463 1329 1530 filio
1340 1463 1438 1530 Abbe
1454 1463 1493 1527 de

367 1570 531 1656 Sucorov3
556 1569 675 1638 fratros
695 1573 808 1658 nostri,
828 1592 868 1640 ne
884 1572 1054 1657 sanguinis
1070 1572 1162 1639 lieret
1178 1571 1303 1656 effusio,
1329 1591 1404 1637 cum
1420 1570 1493 1652 aliJs

367 1677 445 1744 uiris
461 1677 609 1745 discretis
626 1699 661 1746 se
672 1681 916 1768 interponentes
931 1681 966 1747 in
981 1681 1066 1747 hunc
1082 1679 1212 1748 modum
1222 1683 1491 1764 composuerunt:

368 1787 410 1852 Vt
426 1787 613 1855 Villemirus
638 1785 783 1874 prelatus
807 1796 839 1853 et
864 1789 920 1874 alij
945 1795 1011 1855 tres
1037 1787 1153 1854 fratres
1181 1787 1250 1853 cius
1275 1783 1492 1872 prenominati

366 1896 535 1962 traderent
560 1915 672 1963 omnes
687 1901 794 1964 terras
818 1903 941 1963 suaset
956 1896 1080 1981 vineas,
1107 1901 1216 1982 preter
1231 1895 1335 1961 solam
1359 1899 1490 1974 terram,

366 2023 463 2089 quam
478 2003 664 2071 Villemirus
679 2005 712 2070 in
737 2004 818 2071 uilla
833 2005 962 2071 Kenese
978 2003 1101 2088 habuit,
1127 2003 1227 2070 Misce
1246 2001 1364 2068 Comiti
1390 2001 1491 2086 possi-

366 2110 501 2178 dendas.
524 2113 600 2196 Ipse
617 2133 694 2180 vero
712 2110 909 2201 sepedictus
925 2114 967 2180 M.
985 2132 1101 2200 pacem
1116 2131 1187 2178 cum
1204 2109 1251 2176 eis
1266 2108 1382 2175 habuit
1398 2128 1490 2194 spon-

364 2215 443 2285 dens
460 2219 507 2284 eis
524 2221 627 2286 eciam
653 2221 790 2288 eandem
814 2219 997 2287 amiciciam
1013 2221 1080 2288 suis
1097 2219 1138 2285 de
1157 2217 1360 2306 propinquis.
1387 2217 1489 2299 Igitur

363 2325 406 2390 ad
421 2327 600 2395 tollendam
627 2349 755 2396 omnem
771 2327 992 2415 calumpniam
1008 2328 1141 2412 factam,
1165 2331 1196 2392 et
1212 2332 1247 2390 ut
1265 2323 1343 2390 talis
1362 2343 1488 2408 compo-

363 2432 442 2500 sicio
459 2443 532 2500 rata
547 2443 753 2519 permaneret
769 2443 801 2502 et
816 2435 955 2518 stabilis,
979 2434 1102 2520 placuit
1117 2431 1211 2500 nobis
1227 2430 1393 2516 superbis
1410 2430 1486 2495 dare

363 2559 422 2624 pro
437 2540 624 2609 testimonio
640 2549 807 2628 presentes
823 2543 948 2610 litteras
970 2542 1070 2626 sigilli
1085 2541 1189 2608 nostri
1205 2537 1381 2605 munimine
1398 2538 1486 2604 robo-

362 2653 462 2712 ratas.
488 2649 607 2715 Datum
623 2671 682 2736 per
707 2671 822 2716 manus
839 2649 986 2734 Magistri
1012 2649 1171 2717 iohannis
1196 2647 1343 2713 Lectoris
1360 2647 1484 2731 Vesprl·

361 2755 495 2822 miensis
520 2777 604 2825 anno
621 2757 752 2826 Domini
768 2761 812 2824 M⁰
826 2757 1061 2824 OC⁰XX⁰VIL⁰
1085 2757 1274 2823 Reuerendo
1299 2755 1431 2822 domino
1456 2763 1485 2819 et

362 2869 455 2948 patre
471 2871 581 2930 nostro
597 2865 824 2932 Bartholorueo
841 2866 1015 2952 Episcopo,
1033 2866 1183 2934 Johanne
1199 2865 1381 2950 Proposito,
1399 2861 1485 2927 Salo·

361 2990 454 3036 mone
471 2971 618 3060 Contere,
636 2976 759 3040 Mathia
775 2973 916 3042 Custode
932 2975 1154 3041 existentibus.

703 3153 1138 3220 ABCD

358 3347 495 3412 OEredatia
513 3345 688 3414 bllrhdrtyr'rn,
711 3349 822 3413 melyrlil
841 3346 922 3412 sanga
941 3346 1167 3414 selyenmsinorou
1187 3361 1204 3398 a
1223 3343 1355 3412 lxdptslan
1374 3346 1480 3414 pecsete

428 3437 504 3502 lllgg,
527 3453 543 3486 a
556 3437 646 3488 nmdlt.
660 3438 775 3502 herczcg
787 3436 932 3504 Batthydni
946 3436 1037 3489 esaldd
1051 3438 1190 3489 kdrmcrtdi
1203 3435 1408 3504 lereltalrdban.)

794 3726 1045 3737 ——...-.....
