3218 5192
576 329 734 433 ..00

194 528 304 616 †Ego
320 527 498 598 Gratianus
516 527 712 596 Sanctorum
729 527 868 594 Cosmus
883 533 916 594 et
931 522 1085 592 Damiani
1103 524 1219 594 Diaco-

304 657 366 706 nus
382 637 579 704 Cardinalis.

193 746 215 824 †
230 746 303 832 Ego
319 747 465 812 Joannes
482 745 648 812 Diaconos
665 743 850 811 Cardinalis
867 743 980 810 Sancti
1000 741 1128 828 Angeli.

193 853 216 932 †
232 853 305 938 Ego
321 855 508 920 Matthaeus
533 852 674 920 Sanctae
691 853 815 920 Mariae
830 873 936 920 novae
952 853 1117 920 Diaconos
1143 849 1218 920 Oar.

305 961 436 1028 dinalis.

175 1073 301 1138 Datum
316 1070 497 1137 Tusculani
513 1089 573 1157 per
597 1091 713 1136 manus
729 1069 906 1138 dlhertisci
925 1073 1094 1138 Romanae
1110 1071 1219 1138 Eccle-

91 1179 156 1244 siae
172 1179 363 1264 Presbyteri
380 1178 568 1246 Cardinalis
584 1185 616 1244 et
631 1179 828 1248 Cancellarii
844 1180 899 1246 IV.
917 1179 1029 1245 Idibus
1046 1179 1145 1264 Maii,
1170 1180 1219 1244 In-

92 1287 229 1354 dictione
246 1289 347 1371 vnn,
364 1282 600 1354 Incamationis
616 1287 749 1355 Domini
765 1307 851 1354 anno
871 1289 986 1370 1181,
1008 1287 1218 1354 Pontificatus

91 1415 164 1462 vero
180 1394 307 1462 domini
324 1395 505 1461 Alexandri
522 1397 636 1480 Papae
651 1413 737 1461 anuo
756 1396 864 1461 XXII.
881 1399 941 1462 etc.

323 1592 447 1662 (Parieti,
469 1593 607 1659 Illyricum
620 1593 732 1645 Sacrum
746 1593 793 1645 1v.
806 1593 863 1644 kbr.
877 1594 938 1642 111.
953 1591 982 1659 l.)

524 1861 790 1873 m

631 2315 687 2382 92.

96 2493 154 2561 111.
172 2495 306 2564 sonans
324 2499 416 2584 pdpu
442 2495 648 2562 Mirosalaoot
673 2493 821 2562 tucboimi
845 2493 1062 2584 (izacbulmi)
1087 2497 1224 2583 ssupdut

90 2601 302 2692 felazdllitju,
318 2605 399 2692 bopy
415 2629 454 2670 uz
469 2607 619 2692 oppidaot
634 2627 671 2670 ne
686 2602 897 2691 ddborpaasa,
921 2627 936 2668 s
953 2605 1034 2692 bopy
1049 2627 1070 2669 u
1084 2603 1224 2691 apulutoi

262 2713 410 2780 6000100010
425 2737 446 2779 0
460 2713 520 2780 etta
536 2712 628 2780 eloett
636 2713 733 2801 pdnat
749 2711 942 2800 uimzaodju.
962 2715 1060 2778 1181.

198 2907 390 2975 Alexander
406 2907 589 2996 Episcopus
616 2927 729 2976 seruus
756 2927 924 2976 seruorum
940 2909 1002 2976 Dei
1027 2909 1128 2978 nobili
1152 2909 1223 2978 viro

98 3017 273 3084 hliroslave
288 3014 407 3083 Gomiti
423 3017 681 3086 Tacholminato.
704 3017 799 3094 Quod
814 3017 874 3084 tibi
896 3017 1129 3086 benedictionis
1146 3017 1224 3084 allo·

97 3126 203 3210 quium
220 3147 289 3192 non
314 3125 549 3211 impendimus,
576 3146 641 3192 non
658 3126 698 3191 de
715 3125 835 3192 duritia
858 3132 991 3210 nostra,
1017 3125 1076 3193 sed
1100 3126 1140 3192 de
1158 3127 1223 3192 tais

98 3233 208 3300 credas
225 3233 337 3318 potius
354 3233 477 3300 meritis
494 3233 667 3320 provenire
676 3283 686 3316 ,
710 3234 788 3318 quia
803 3254 844 3300 ea
859 3241 891 3300 te
910 3231 1038 3319 penitus
1053 3231 1224 3300 reddidisti

98 3341 275 3427 indignum.
292 3340 373 3406 (lum
389 3341 473 3408 enim
489 3341 533 3407 ab
549 3341 699 3408 omnibus
716 3339 837 3408 Christi
852 3341 1004 3408 fidelibus
1022 3343 1166 3408 Romane
1181 3342 1224 3408 sit

99 3449 307 3517 deferendum
322 3449 479 3532 lindesie,
496 3449 657 3533 quainter
674 3469 795 3532 omnes,
813 3450 934 3530 Divina
949 3449 1141 3538 disponente
1162 3450 1223 3518 cle·

101 3558 227 3643 mentia,
248 3557 371 3624 obtinet
381 3557 609 3644 principatum,
625 3562 660 3622 tn
670 3557 754 3624 sicut
769 3558 864 3624 homo
885 3556 927 3622 ad
943 3562 1121 3626 creatorem
1133 3562 1224 3624 tuum

99 3674 279 3750 respectum
305 3686 370 3732 non
395 3666 516 3749 babes,
544 3682 604 3731 nec
627 3666 772 3749 legatum
801 3671 947 3732 nostrum
971 3664 1137 3751 recipere,
1163 3685 1223 3734 nec

100 3773 216 3838 nostris
232 3771 485 3858 parerelitteris
501 3771 642 3855 voluisti,
661 3791 742 3856 quas
758 3770 818 3836 tihi
834 3791 892 3858 pro
912 3771 1114 3839 restituenda
1128 3793 1223 3859 peon·

100 3879 153 3944 uia
168 3880 368 3948 venerahilis
384 3879 495 3945 fratris
520 3879 623 3946 nostri
638 3877 802 3964 Spalatini
817 3877 1065 3964 Archiepiscopi
1092 3879 1224 3946 misera-

102 4005 178 4051 mus.
195 3986 394 4071 Acccpimns
411 3986 529 4070 etiam,
558 3985 645 4068 quod
659 3986 734 4052 loca
749 3983 818 4068 illa,
834 3985 867 4050 in
884 3985 1001 4070 quihus
1017 3986 1224 4054 cathedrales

102 4093 192 4158 sedes
208 4093 289 4160 olim
314 4092 415 4161 inisse
440 4099 635 4177 noscuntur,
661 4091 807 4160 ordinari
823 4092 925 4158 libere
951 4113 1016 4159 non
1040 4093 1222 4176 permittis:

102 4204 230 4284 propter
247 4201 335 4284 quod
352 4201 490 4268 dilectus
509 4200 596 4268 filius
612 4201 649 4267 T.
667 4199 892 4268 Subdiaconus
907 4205 1016 4268 noster
1032 4199 1066 4264 in
1080 4205 1124 4283 te,
1149 4199 1225 4268 dum

104 4305 293 4392 inpartibus
309 4306 376 4372 illis
391 4306 565 4391 legationis
578 4306 684 4374 0111010
699 4307 897 4391 iungeretur,
918 4305 1050 4372 sicuteo
1065 4304 1226 4374 referente

104 4413 298 4500 accepimus,
315 4414 658 4482 excommunicationis
675 4413 870 4482 sententiam
886 4411 1116 4499 promulgavit
1141 4411 1227 4491 Quia
1272 4413 1275 4419 ’

105 4540 177 4588 vero
194 4523 311 4588 durum
327 4531 378 4590 est
393 4521 453 4591 tihi
464 4523 685 4610 Omnipotenti
698 4525 768 4591 Deo
785 4520 973 4589 etEcelesie
988 4539 1047 4587 sue
1062 4520 1226 4610 resistcre,

106 4627 153 4694 oui
168 4629 333 4698 humiliter
348 4650 407 4720 per
422 4632 531 4700 omnia
541 4631 674 4702 obedire
689 4630 820 4718 teneris,
838 4649 1004 4700 monemus
1024 4631 1227 4704 nobilitatem
