3218 5192
648 311 801 411 *su—

154 515 189 572 te
204 507 312 592 ipsum
328 528 394 574 uon
410 508 542 594 poteris,
570 529 630 594 per
647 517 737 576 tuum
754 508 915 575 Nunnium
931 509 1070 576 llatrcm
1088 515 1177 575 tuam
1193 507 1290 574 Sanc·

154 621 224 678 tam
239 615 423 682 Romanam
450 615 633 683 Ecclesiam
657 617 830 685 devotione
853 616 965 684 debita
988 616 1122 684 studeas
1145 616 1288 698 visitare,

155 730 319 805 quatenus
334 743 394 790 nos
409 723 451 790 de
466 730 543 792 tuae
564 725 766 792 habitudinis
782 729 880 809 statu,
896 731 929 792 et
943 731 979 792 tu
993 725 1035 792 dc
1050 725 1111 809 his,
1132 743 1218 810 quae
1233 723 1290 790 eir·

155 849 197 895 ca
212 849 273 898 nos
289 836 442 916 aguntur,
458 833 567 918 possis
578 837 770 919 praestante
780 833 921 900 Domino
940 832 1119 916 informari,
1135 831 1176 898 de
1191 867 1289 878 —-

154 975 200 986 -
215 958 336 1023 -pro
352 938 541 1007 visitatione
555 945 613 1006 tua
627 939 825 1006 fraternitati
840 947 915 1006 tuae
928 940 1054 1025 gratias
1070 939 1209 1023 agimus.
1226 936 1289 1003 Da-

154 1051 225 1110 tum
240 1081 285 1091 —
303 1083 343 1091 -
361 1080 404 1092 -
422 1083 465 1093 -—
481 1046 523 1112 X.
541 1045 705 1113 kalendas
721 1045 872 1113 Octobris
889 1083 932 1094 -
947 1083 991 1094 —
1006 1083 1051 1095 -
1066 1083 1110 1094 -

419 1242 535 1306 (Parlali
548 1245 688 1312 Illyricum
701 1245 814 1297 Sacrum
826 1246 874 1297 IV.
889 1247 944 1296 kur.
958 1246 1003 1294 dl.
1016 1244 1046 1310 1.)

594 1529 856 1539 —n—-n--u-——n

692 2101 748 2168 45.

154 2303 190 2368 L.
208 2301 344 2389 septeni
364 2300 502 2387 fdiupdu
526 2297 680 2366 aeumlao
704 2299 814 2387 Epycd
841 2299 1046 2388 ispdnjddoz,
1071 2301 1151 2386 kopp
1171 2301 1286 2366 Taruda

333 2408 461 2474 kalmdr
470 2407 631 2496 jopuiualc
647 2406 741 2492 clepet
758 2418 877 2494 tcpyeu.
903 2409 1001 2473 1150.
1016 2407 1115 2474 tenu

264 2603 336 2672 Nos
351 2605 387 2669 L.
406 2603 521 2671 Comes
538 2601 770 2690 Suprcuiensis
794 2603 992 2690 precipimus
1015 2603 1075 2671 tibi
1091 2603 1208 2688 Egidiu
1228 2604 1285 2670 Go-

152 2713 223 2778 rniti
239 2712 329 2779 fideli
345 2719 477 2796 nostro,
501 2718 661 2798 quatenus
676 2711 835 2778 Thomam
859 2710 988 2778 fidelem
1004 2717 1149 2780 nostrum
1165 2731 1285 2778 merca-

151 2827 258 2886 torem
276 2821 309 2886 in
325 2840 453 2888 omnem
477 2818 718 2906 possessionem
734 2823 911 2904 terrarum,
939 2838 1036 2904 quam
1054 2819 1095 2884 ab
1110 2819 1184 2904 ipso
1199 2818 1285 2904 inpe-

152 2928 295 3010 dierant,
313 2928 500 2995 introducas
517 2925 721 3012 integraliter
735 2923 947 3008 restituendo,
963 2926 993 2992 si
1008 2925 1133 3011 aliquid
1148 2925 1231 2994 forte
1245 2925 1286 2992 de

152 3035 251 3101 rebus
276 3035 383 3121 ipsius
411 3033 649 3121 deportassent.
676 3035 719 3099 Et
741 3032 832 3099 aliud
859 3053 924 3101 uon
946 3032 1109 3116 lucturum
1134 3033 1212 3118 quia
1226 3053 1286 3102 uos

152 3142 259 3210 eidem
273 3143 316 3209 ad
332 3142 527 3230 peticionem
544 3141 673 3210 domine
683 3151 792 3210 nostre
807 3144 1036 3210 concessimus.
1057 3142 1099 3208 ut
1113 3142 1142 3210 si
1157 3141 1190 3208 in
1203 3161 1285 3228 equo

152 3250 221 3334 illo,
239 3271 336 3335 quem
353 3251 384 3318 ei
400 3251 529 3334 dedisti,
555 3271 590 3318 es
606 3251 729 3334 falsus,
756 3250 861 3317 eidem
880 3249 1003 3316 iustitie
1018 3249 1122 3316 facias
1148 3249 1285 3335 comple-

153 3363 309 3424 mentum.
342 3359 464 3426 Datum
489 3359 643 3446 Supronii
677 3359 710 3424 in
737 3357 911 3425 Dominica
935 3365 1010 3443 post
1034 3356 1152 3424 testum
1175 3355 1287 3423 Sancti

149 3466 298 3532 Martini.

149 3646 289 3711 (Eredetie
313 3643 496 3712 bdrhdrtytu‚
518 3647 629 3712 melyrdl
642 3663 658 3698 a
672 3645 764 3712 psesdt
776 3644 833 3699 mdr
851 3647 990 3710 elvssaett,
1003 3661 1020 3697 a
1033 3647 1148 3698 nemasti
1161 3659 1282 3696 munaum

524 3734 640 3786 kduirati
653 3732 918 3801 gylljtcmdnydbeu.)

593 4019 856 4034 W
