3164 5192
584 374 740 486 ὑ2-43ἦ

76 590 148 640 eum
166 579 200 639 et
215 567 384 658 dolemus,
410 573 497 658 quod
513 577 640 647 Pharao
659 601 716 646 vos
734 578 940 668 persequitur
958 573 1131 659 fugientes,
1158 567 1212 635 vel

76 703 136 749 vos
150 682 263 770 potius
280 682 453 767 sequimini
469 683 681 774 Pharaonem,
699 689 838 774 quivos,
867 688 927 754 sub
944 685 1087 770 quadam
1104 703 1213 752 neces-

76 790 186 858 sitatis
211 791 331 876 specie,
342 811 381 857 ac
396 794 557 860 velamine
573 796 716 883 pietatis,
734 798 797 863 sub
812 798 893 882 jugo
912 795 1040 883 peccati
1064 798 1212 860 vetustae

75 899 192 966 nititur
208 901 349 968 subdere
365 903 524 969 servituti.
541 906 714 972 Doluimus
731 912 849 991 autem,
872 905 957 972 sicut
972 903 1211 990 praemisimus,

79 1014 114 1072 et
129 1008 279 1076 dolemus
289 1060 298 1094 ,
325 1030 384 1096 pro
410 1011 505 1078 nobis
521 1013 663 1098 pariter,
681 1021 714 1082 et
729 1035 788 1100 pro
805 1013 909 1098 vobis,
934 1017 966 1078 et
982 1032 1041 1098 pro
1061 1009 1212 1076 universo

81 1116 208 1202 populo
225 1114 420 1184 Christiano.
437 1121 500 1188 Pro
516 1121 621 1206 nobis,
640 1123 728 1207 quia,
745 1123 821 1188 dnm
832 1119 919 1207 quod
935 1121 1212 1187 seminaveramus

77 1225 113 1290 in
131 1225 297 1311 lacrymis,
315 1245 373 1312 per
383 1227 526 1312 Legatos
542 1235 575 1296 et
590 1231 718 1298 litteras
734 1237 874 1314 nostras,
890 1229 987 1298 vobis
1005 1237 1037 1295 et
1052 1226 1126 1295 aliis
1143 1245 1211 1293 sae·

79 1330 176 1419 pius,
203 1347 269 1398 non
285 1333 410 1420 absque
426 1335 567 1419 quadam
584 1338 802 1406 amaritudine
820 1339 928 1407 cordis
944 1343 977 1404 et
996 1335 1141 1421 corporis
1159 1353 1212 1399 an-

79 1439 204 1506 xietate
219 1460 284 1507 non
301 1440 430 1509 modica
444 1444 580 1512 verbum
596 1447 727 1513 Domini
743 1451 972 1533 proponentes,
995 1449 1028 1512 et
1043 1444 1208 1512 exhortan-

79 1553 131 1613 tcs
147 1546 289 1614 nominis
305 1546 482 1618 Christiani
497 1552 638 1622 cultores
658 1553 700 1621 ad
716 1553 948 1622 vindicandam
964 1550 1116 1637 injuriam
1133 1551 1213 1618 Jesu

80 1655 214 1741 Christi,
240 1656 451 1726 credebamus
475 1681 537 1728 nos
552 1661 585 1728 in
602 1663 820 1730 exsultatione
837 1681 1013 1756 messuros,
1037 1681 1079 1728 ex
1095 1659 1212 1742 impro-

81 1763 154 1831 viso
171 1765 271 1831 messi
287 1771 419 1832 nostrae
434 1767 583 1836 inimicus
600 1770 696 1838 homo
712 1770 988 1856 superseminavit
1011 1767 1154 1850 zizania,
1180 1773 1213 1831 et

81 1872 130 1938 sie
144 1872 271 1938 semina
286 1872 424 1960 vitiavit,
440 1883 475 1942 ut
491 1877 523 1942 in
540 1876 652 1944 lolium
663 1877 883 1962 degenerasse
901 1877 1043 1943 triticum
1052 1875 1212 1941 videatur.

81 1982 147 2046 Pro
163 1979 259 2047 vobis
275 1989 394 2067 autem,
410 1985 583 2070 quoniam,
610 2005 682 2052 cum
697 1986 941 2072 expurgassetis
961 1990 1055 2051 vetus
1079 1981 1214 2048 fermen-

80 2095 152 2155 tum
161 2139 171 2173 ,
198 2097 232 2156 et
247 2090 458 2159 crederemini
480 2093 550 2179 jam
568 2095 698 2178 penitus
714 2101 856 2162 veterem
880 2092 1042 2161 hominem
1058 2110 1130 2156 cum
1146 2089 1213 2154 suis

81 2195 213 2262 actibus
229 2197 380 2282 exuisse,
406 2199 568 2266 modicum
585 2197 744 2286 fermenti,
768 2205 800 2267 et
816 2200 939 2268 utinam
960 2197 1131 2282 modicum,
1149 2215 1214 2265 cor-

81 2303 174 2390 rupit
188 2303 295 2370 denuo
310 2309 413 2372 totam
424 2325 578 2392 massam,
601 2312 633 2373 et
649 2307 725 2372 dum
742 2307 937 2373 vestimenta
946 2311 1055 2372 vestra
1074 2303 1215 2370 eandida

81 2433 148 2480 non
165 2411 336 2497 servastis,
363 2414 457 2498 quasi
472 2421 613 2482 veterem
629 2413 815 2482 reinduistis
831 2413 996 2498 amictum,
1021 2432 1150 2480 manum
1168 2431 1213 2478 re-

82 2519 252 2586 trahentes
267 2520 311 2586 ab
328 2529 449 2607 aratro,
476 2529 509 2588 et
524 2523 735 2607 respicientes
752 2543 823 2589 cum
847 2523 988 2608 conjuge
1003 2520 1086 2587 Loth
1103 2528 1215 2586 retror-

82 2648 176 2712 sum,
203 2628 250 2693 ita
266 2635 302 2693 ut
313 2628 383 2711 jam
407 2630 478 2715 apti
493 2651 558 2697 non
574 2629 784 2716 videremini,
811 2629 988 2698 secundum
1011 2627 1213 2714 Apostolum,

83 2739 200 2821 Regno
210 2735 283 2802 Dei.
301 2735 364 2804 Pro
375 2737 496 2824 populo
513 2745 622 2805 autem
632 2737 817 2806 Christiano
833 2737 996 2806 doluimus
1012 2743 1045 2802 et
1057 2735 1214 2818 dolemus,

82 2843 240 2929 quoniam
255 2842 331 2910 inde
347 2843 535 2910 humiliatur
552 2845 705 2931 amplius,
723 2845 808 2912 unde
827 2845 1017 2912 credebatur
1040 2841 1147 2929 potius
1163 2859 1214 2907 ex·

84 2951 195 3018 altari.
207 2949 289 3018 (ium
300 2951 386 3018 enim
396 2952 499 3037 multi,
512 2953 567 3037 qui
578 2962 636 3020 vos
646 2961 894 3040 praecesserant
905 2954 938 3019 in
947 2950 1216 3019 TerraeSanctae

84 3077 287 3144 succursum,
304 3057 391 3143 quod
407 3079 472 3126 non
492 3050 714 3127 ascenderatis
731 3060 852 3145 audito,
872 3060 916 3126 ad
930 3059 1065 3144 propria
1080 3062 1156 3122 sunt
1171 3075 1216 3120 re-

83 3168 174 3236 versi
190 3167 232 3233 de
248 3169 396 3253 proximo
412 3175 520 3237 vestro
536 3170 695 3254 passagio
712 3167 913 3252 diffidentes,
938 3164 1094 3233 Saraceni
1111 3163 1151 3228 de
1167 3181 1215 3229 ac·

84 3295 183 3344 cessa
200 3283 309 3343 vestro
326 3276 434 3361 dubii,
452 3283 485 3344 et
501 3275 630 3344 illorum
646 3297 779 3345 recessu
794 3276 909 3360 securi,
935 3279 1049 3341 contra
1064 3270 1217 3336 Christia-

85 3406 146 3453 nos
174 3385 302 3451 auimos
329 3392 593 3472 assumpserunt,
620 3393 653 3453 et
679 3384 820 3470 qualiter
844 3381 987 3470 peccatis
1013 3379 1218 3466 exigentibus

85 3490 336 3580 praevaluerint
353 3498 467 3559 contra
477 3511 532 3560 eos
548 3493 668 3560 referre
684 3493 844 3576 nolumus,
864 3510 936 3557 cum
947 3489 989 3556 sit
1004 3487 1072 3554 lere
1082 3486 1219 3554 ubilibet

85 3600 306 3686 divulgatum.
332 3599 519 3667 (laudemus
535 3608 643 3667 autem
653 3651 662 3685 ,
687 3599 774 3684 quod
790 3599 930 3688 receptis
953 3597 1069 3663 litteris
1085 3596 1217 3680 nostris,

86 3727 263 3776 erraneum
279 3707 312 3772 in
329 3707 423 3776 vobis
438 3707 658 3793 intelligentes
675 3729 856 3793 excessum,
874 3709 990 3774 devote
1006 3725 1045 3771 ac
1055 3705 1220 3773 humiliter

88 3817 282 3886 mandatnm
298 3817 377 3884 estis
394 3818 618 3902 Apostolicum
635 3817 789 3902 exsecuti,
806 3825 848 3901 et,
861 3817 1046 3901 juramento
1062 3813 1220 3900 praestito

88 3929 142 3993 vel
160 3925 340 4010 recognito,
366 3925 581 3993 absolutionis
598 3918 789 3992 beneficium
806 3922 1010 4010 percepistis,
1030 3942 1089 3988 vos
1105 3927 1136 3986 ct
1152 3939 1221 3986 suc-

89 4053 240 4103 cessores
257 4041 405 4118 vestros,
430 4033 489 4099 filii
505 4031 657 4120 Comites,
684 4053 756 4100 cum
772 4033 899 4100 duobus
915 4028 1098 4097 Beronibus
1121 4026 1221 4094 Galli·

90 4142 195 4227 canis,
213 4140 257 4207 ad
273 4139 540 4208 satisfaciendum
552 4140 650 4225 juxta
665 4139 855 4206 mandatum
876 4143 1032 4219 nostrum,
1058 4153 1156 4220 super
1171 4127 1221 4218 eo,

92 4250 182 4334 quod
197 4250 287 4335 apud
296 4249 451 4316 Jaderam
464 4248 808 4316 excommunicationis
824 4245 1018 4314 sententiam
1029 4241 1221 4325 incurristis,

20 4351 22 4434 ᾖ
93 4379 151 4443 per
177 4363 328 4444 patentes
353 4357 479 4424 litteras
505 4357 698 4442 obligantes.
725 4355 858 4424 Utinam
885 4359 994 4420 autem
1022 4348 1224 4436 poenitentia

21 4475 24 4556 ¹,
94 4473 206 4533 vestra
222 4465 266 4532 sit
281 4485 370 4550 vera,
388 4471 422 4531 ut
438 4465 486 4532 sic
496 4465 691 4551 poeniteatis
707 4463 859 4532 videlicet
874 4461 915 4527 de
925 4456 1117 4540 commissis,
1137 4455 1224 4540 quod

22 4559 23 4566 ἵ
96 4574 293 4642 asimilibns
309 4572 351 4639 de
368 4577 498 4641 caetero
514 4571 675 4658 caveatis;
692 4567 845 4655 quoniam
855 4569 910 4653 qui
921 4567 1028 4633 adhuc
1043 4563 1121 4649 agit,
1138 4561 1224 4647 quod

96 4681 249 4768 poenitet,
267 4701 333 4749 non
349 4687 400 4749 est
416 4681 598 4770 poenitens,
615 4680 674 4748 sed
689 4680 814 4768 illusor,
834 4683 866 4744 et
882 4675 956 4743 cani
968 4690 1098 4742 reverso
1114 4670 1157 4739 ad
1173 4691 1228 4774 vej

1012 4791 1074 4854 lt*
