3268 5194
853 313 1007 420 „⁴3-

363 511 438 598 jurc
452 513 670 584 haereditario
695 514 731 582 id
747 523 940 602 perpetuum
956 513 1134 603 possideat.
1160 515 1262 582 Salva
1275 521 1386 581 tamen
1397 513 1495 600 justi·

367 624 416 690 tia
431 623 588 693 Arbensis
604 623 834 711 Episcopatus.
860 625 931 709 Ego
945 623 1125 692 Masolinus
1142 623 1300 690 &heusis
1323 631 1356 691 et
1370 623 1494 690 Kesen-

369 733 415 798 sis
431 731 549 800 Comes
565 739 666 801 testor
681 739 715 800 et
731 751 782 800 me
797 731 956 800 subscribi
980 732 1072 800 iussi.
1092 733 1163 817 Ego
1178 769 1223 782 -
1239 767 1282 780 —
1299 770 1340 780 -
1357 731 1444 800 dono
1460 741 1495 800 et

367 841 503 910 subvolo
520 848 552 910 ct
568 841 772 910 subscribere
787 861 839 908 me
850 863 940 926 rogo.
957 841 1028 927 Ego
1044 841 1229 926 Dobrogost
1245 839 1330 908 hanc
1346 840 1494 909 donatio-

366 969 440 1018 nem
456 969 531 1018 esse
546 950 631 1018 volo.
649 951 721 1037 Ego
736 949 852 1018 Petrus
868 950 953 1018 dono
969 957 1002 1018 et
1016 951 1101 1018 volo.
1118 950 1189 1036 Ego
1201 948 1329 1016 Duinns
1345 948 1493 1016 Valcstc

366 1057 412 1125 lin
427 1058 513 1127 dono
525 1065 559 1126 et
573 1057 658 1128 volo.
676 1061 748 1143 Ego
763 1057 919 1125 Stanimir
934 1058 1019 1126 dono
1035 1064 1069 1126 et
1083 1057 1168 1126 volo.
1184 1059 1255 1143 Ego
1270 1057 1389 1143 Periug
1405 1056 1492 1124 dono

366 1175 399 1234 ct
413 1166 498 1235 volo.
515 1163 587 1253 Ego
602 1165 766 1236 Subdimir
781 1165 866 1248 dono
882 1173 916 1234 et
931 1167 1015 1234 volo.
1032 1167 1103 1252 ligo
1119 1166 1240 1234 Paulus
1255 1165 1340 1234 dono
1355 1173 1389 1234 et
1402 1167 1491 1234 volo.

365 1275 436 1358 Ego
453 1273 609 1342 Goliamir
624 1274 710 1344 dono
726 1281 760 1342 ct
774 1273 860 1344 voto.
877 1273 947 1358 Ego
963 1309 1007 1322 -
1023 1309 1067 1322 -
1083 1272 1168 1341 dono
1184 1279 1217 1340 ct
1232 1273 1317 1342 volo.
1342 1275 1413 1358 Ego
1430 1273 1493 1341 Ba·

366 1383 453 1449 stian
468 1382 554 1452 dono
569 1388 603 1451 et
616 1383 701 1452 volo.
717 1385 789 1469 Ego
805 1383 920 1450 Stoian
938 1383 1024 1458 dono
1039 1389 1072 1450 ct
1085 1381 1169 1458 volo.
1187 1382 1259 1468 Ego
1275 1383 1422 1452 Gostime
1437 1383 1492 1452 do

365 1512 408 1558 nc
424 1497 458 1559 et
472 1490 557 1560 volo.
584 1491 654 1577 Ego
670 1529 715 1542 --
733 1529 772 1540 —-
790 1490 873 1558 dono
889 1499 923 1558 ot
938 1491 1022 1558 volo.
1049 1491 1120 1574 Ego
1135 1527 1178 1540 —
1196 1527 1238 1540 -
1255 1489 1340 1560 dono
1356 1496 1389 1558 et
1403 1491 1489 1559 volo.

365 1599 408 1665 st
422 1617 534 1666 omnes
550 1605 706 1684 quotquot
721 1617 851 1684 sumus,
878 1599 963 1666 hanc
978 1598 1186 1669 donationem
1202 1600 1351 1667 volumus
1366 1617 1439 1667 esse
1454 1599 1491 1666 in

364 1713 555 1794 perpetuum
570 1707 753 1776 valituram.

472 1814 493 1892 †
518 1817 561 1884 st
579 1835 641 1902 ego
664 1817 795 1902 Dragus
820 1815 977 1883 Arbensis
993 1816 1176 1902 Episcopus
1202 1822 1335 1884 notatae
1357 1815 1493 1883 interfui

364 1921 532 1990 donationi
556 1929 589 1990 ct
608 1923 700 1991 salvo
723 1923 797 2009 jure
821 1929 954 1991 nostrae
968 1923 1064 1992 Sedis
1080 1923 1234 1992 assentio.
1258 1925 1301 1991 Et
1315 1923 1377 1992 hoc
1393 1924 1491 2010 privi-

365 2031 485 2115 legium
501 2031 571 2098 fieri
582 2032 694 2116 jubeo,
710 2031 743 2097 in
760 2031 851 2098 onius
866 2029 998 2099 Diocesi
1014 2030 1158 2100 donante
1177 2032 1300 2100 donata
1316 2039 1400 2100 sunt

473 2139 545 2220 Ego
561 2139 719 2206 Martinus
735 2139 903 2206 Diaconos
929 2139 1133 2206 examinator
1152 2161 1282 2207 manum
1307 2140 1390 2206 misi.
1417 2140 1490 2226 Ego

365 2246 575 2312 Martinusius
601 2246 642 2312 de
657 2247 813 2330 Slovigna
838 2248 1041 2316 examinator
1060 2247 1182 2318 domini
1207 2247 1342 2318 Comitis
1365 2249 1490 2318 Marchi

366 2351 535 2420 Michaelis
550 2357 583 2420 ct
599 2352 669 2419 cius
685 2352 802 2421 Ouriae
817 2353 1013 2422 examinavi.

617 2568 733 2634 (Parieti
744 2571 883 2637 illyricum
896 2572 1008 2626 Sacrum
1020 2573 1052 2625 V.
1067 2573 1123 2626 kot
1139 2574 1199 2626 229.
1213 2574 1243 2640 1.)

797 2896 1059 2910 ’σ-ι--ιι--η-μ

900 3473 953 3540 21.

367 3663 459 3726 Pete-r
474 3663 623 3750 side-apat
638 3670 759 3751 zeupdn
775 3669 806 3732 to
821 3671 948 3734 conicere
957 3668 1085 3736 Siccizo
1100 3695 1122 3736 a
1137 3673 1247 3738 Jadra
1264 3672 1391 3742 inducti
1407 3687 1492 3742 amnt

366 3771 549 3857 chrysopooi
571 3785 738 3840 monostort
751 3773 996 3860 'suldbimokkcl
1018 3779 1274 3868 odooadoyozzdlt
1288 3805 1364 3870 mep.
1392 3787 1490 3848 1072.

473 3967 567 4035 Anno
577 3969 1016 4043 Dominicaelncamationis
1025 3975 1194 4044 mxxxix
1205 3997 1264 4063 per
1282 3978 1492 4047 indictionem

366 4076 550 4162 septimam.
575 4077 646 4163 Ego
670 4079 786 4146 Petrus
810 4082 1018 4168 ananusde
1040 4083 1181 4170 Sidraga
1204 4084 1394 4154 cumfratre
1419 4107 1492 4156 meo

364 4182 504 4269 Slavizq
516 4204 575 4269 pro
584 4185 726 4255 remedio
737 4187 918 4257 ammarum
927 4197 1122 4277 nostrarum,
1139 4198 1173 4259 et
1182 4199 1353 4279 pareutum
1364 4201 1489 4262 nostro

364 4309 435 4354 mm
456 4291 602 4358 vivorum
617 4300 651 4358 ct
666 4291 898 4381 defunctorum,
914 4297 1073 4366 tradimus
1090 4299 1247 4368 coenobio
1261 4301 1373 4368 Sancti
1391 4301 1492 4387 Ohxy·

366 4397 481 4481 sogoni
498 4399 650 4484 martyris
666 4419 793 4468 omnem
808 4405 1005 4491 terraticum,
1023 4407 1110 4490 quod
1121 4407 1268 4493 possedit
1277 4414 1369 4494 pater
1380 4417 1493 4478 noster

366 4502 400 4600 in
414 4503 496 4588 loco,
507 4505 562 4587 qui
574 4507 760 4591 appellatur
769 4509 915 4578 Bravizo.
932 4514 1043 4598 Siquis
1053 4521 1163 4582 autem
1173 4515 1236 4583 hoc
1250 4516 1378 4584 irrimrc
1391 4523 1493 4605 temp

367 4609 481 4695 erevit,
498 4609 583 4698 quod
599 4618 694 4681 cavet
708 4618 859 4707 reponet,
885 4619 972 4706 quod
986 4621 1069 4692 vitat
1084 4621 1239 4692 inveniat.
