3164 5192
843 339 992 440 aa

347 542 413 608 tias
428 541 576 627 egimus,
600 538 656 622 qui
670 557 736 606 uon
752 536 902 622 despexit
918 555 979 603 nos
995 535 1133 603 humiles
1149 545 1181 604 et
1197 539 1351 624 indignos
1369 559 1491 606 servos

349 667 425 716 auos
442 647 621 715 esurientes
645 651 677 712 ct
693 645 841 711 sitientes
858 645 999 726 gratiam
1024 653 1058 711 et
1074 647 1329 715 benedictionem
1362 651 1492 717 Sancte

349 755 518 824 Catholice
534 761 566 822 et
581 753 770 841 Apostolice
786 753 932 819 Ecelesie
948 778 955 818 :
981 752 1060 837 quia
1075 753 1199 822 domiui
1215 757 1319 824 nostri
1336 759 1491 842 Impera·

349 883 436 943 rores
452 871 485 932 et
498 884 559 932 nos
575 863 737 932 voluimus
754 883 775 927 a
790 860 901 926 multis
918 859 1013 926 aunis
1029 861 1158 928 mittere
1175 863 1219 929 ad
1234 885 1311 948 vos,
1337 863 1487 931 sednon

353 971 532 1057 potuimus;
550 977 582 1036 et
597 989 682 1037 nuuc
697 987 756 1054 per
771 969 971 1036 voluntatem
982 965 1221 1054 Omnipotentis
1237 971 1297 1037 Dei
1317 976 1352 1036 et
1369 973 1492 1037 Vestra

350 1076 551 1158 sanctitatis,
569 1075 647 1161 quia
662 1074 798 1141 misistis
815 1073 945 1142 domino
961 1081 1072 1142 nostro
1089 1077 1282 1160 Imperatori
1298 1079 1488 1145 orationem

354 1191 387 1250 et
402 1182 681 1264 benedictionem,
707 1181 804 1247 valde
819 1182 902 1247 beue
918 1181 1053 1248 fecistis.
1070 1181 1139 1249 Nos
1159 1187 1269 1249 autem
1285 1184 1346 1250 hec
1363 1186 1411 1251 ab
1428 1180 1491 1251 Im-

351 1295 502 1376 peratore
518 1287 701 1372 disoeutes,
728 1287 783 1371 qui
798 1307 858 1354 noe
874 1287 952 1354 lecit
966 1289 1088 1370 vocari,
1105 1289 1286 1355 levavimus
1303 1311 1427 1359 manus
1448 1293 1491 1358 ad

351 1399 456 1465 celum
467 1415 540 1462 eum
550 1397 701 1464 universo
712 1395 892 1482 populosis
908 1393 1071 1462 diceutes:
1092 1398 1236 1480 „Memor
1248 1397 1309 1465 luit
1318 1399 1489 1467 Dominus

351 1504 464 1588 nostri,
481 1503 568 1588 quod
584 1524 643 1571 uos
660 1525 726 1570 nou
742 1503 989 1588 cogitavimus.“
1008 1504 1104 1570 Unde
1119 1524 1179 1571 nos
1197 1525 1319 1590 omnes,
1339 1509 1441 1593 parvi
1457 1513 1490 1573 et

352 1611 474 1695 magni,
492 1611 576 1678 siout
591 1611 668 1678 boui
683 1611 742 1678 blii
761 1629 916 1695 rogamus
933 1611 1017 1676 sicut
1032 1612 1152 1678 bouum
1172 1619 1310 1699 patrem,
1330 1621 1370 1680 ut
1386 1615 1489 1682 domi-

351 1738 413 1786 nus
429 1727 540 1785 noster
555 1720 758 1805 Imperator,
785 1717 871 1800 quod
888 1718 971 1803 petit
987 1737 1008 1783 a
1023 1719 1135 1802 vobis,
1163 1720 1318 1806 obtineat,
1343 1721 1425 1805 quia
1442 1721 1488 1787 di-

352 1846 436 1912 gnus
453 1832 503 1893 est
518 1827 578 1894 hoe
595 1826 760 1908 obtinere,
787 1826 866 1908 quia
881 1825 954 1910 ipse
969 1845 1009 1892 ac
1024 1831 1126 1893 totum
1142 1827 1317 1912 Imperium
1345 1831 1418 1896 eius
1435 1830 1489 1897 bo·

352 1953 429 2000 nam
455 1933 661 2000 devotionem
677 1931 720 1996 ad
745 1931 926 1997 Ecclesiam
942 1933 1123 1999 Romanam
1148 1934 1290 2016 habeut,
1314 1939 1486 2018 tamquam

352 2042 489 2109 heredes
516 2041 750 2108 descendentes
776 2041 976 2125 asauguine
999 2043 1156 2110 Romano.
1183 2043 1305 2108 lterum
1329 2064 1486 2129 rogamus

353 2150 567 2216 Sanctitatem
583 2149 753 2231 Vestram,
780 2147 867 2231 quod
884 2149 949 2214 siut
964 2149 1059 2216 vobis
1076 2151 1331 2216 recommendati
1350 2151 1438 2218 tilius
1453 2157 1485 2216 et

353 2255 461 2326 socius
477 2263 588 2324 noster
602 2255 733 2322 Blasius
749 2255 924 2338 Presbiter,
950 2255 1083 2322 Electus
1100 2256 1250 2324 Civitatis
1265 2257 1482 2324 Braudizube

352 2364 476 2444 reneis,
500 2383 653 2428 unacum
675 2362 863 2430 fidelissimo
888 2363 1000 2429 nuntio
1017 2369 1125 2428 vestro
1142 2364 1182 2428 D.
1199 2363 1482 2450 Arcbipresbitero

353 2469 578 2552 Brundusino,
605 2470 683 2554 quia
698 2472 745 2537 eis
762 2471 924 2538 commisit
939 2470 1090 2537 domiuus
1113 2479 1223 2536 noster
1239 2469 1480 2539 Galoiobannes

352 2577 535 2664 Imperator
552 2596 612 2644 sua
628 2587 774 2662 secreta,
801 2585 832 2643 et
848 2577 935 2662 quod
950 2578 1007 2646 isti
1023 2577 1164 2644 dixerint
1181 2578 1296 2661 vobis,
1323 2586 1357 2644 et
1375 2587 1482 2647 nostro

353 2686 479 2772 littere,
505 2685 631 2752 firmum
656 2687 824 2752 habeatis:
852 2693 884 2753 et
900 2706 1070 2772 precamur
1088 2687 1302 2752 Sanctitateru
1318 2687 1479 2770 Vestram,

355 2792 441 2878 quod
466 2791 627 2860 festinetis
653 2801 779 2862 vestros
803 2795 933 2862 nuutios
959 2794 1143 2877 destinare,
1170 2793 1248 2878 quia
1262 2799 1339 2860 tuuc
1356 2796 1398 2862 de
1412 2796 1479 2861 mis·

354 2901 446 2968 sione
462 2908 574 2967 vestra
598 2902 718 2968 erimus
734 2902 901 2969 certiores.
928 2901 1094 2970 Concedat
1117 2902 1210 2969 vobis
1226 2903 1389 2970 Dominus
1405 2903 1476 2968 mul-

354 3015 406 3075 tos
421 3030 535 3076 annos.

553 3189 656 3255 (bligne
670 3207 696 3241 u.
713 3209 736 3240 ο.
751 3193 772 3242 I.
788 3191 816 3244 k.
833 3193 909 3242 1115.
924 3191 941 3241 l.
954 3191 1070 3242 Theiuer
1084 3208 1109 3246 u.
1123 3210 1147 3243 o.
1161 3193 1182 3243 1.
1200 3193 1240 3244 17.
1255 3189 1283 3256 l.)

789 3461 1053 3472 ——-.--——

884 3900 960 3970 148.

400 4097 463 4160 ΙΙΙ.
476 4097 564 4160 lauze
577 4101 735 4184 pdpdoalc
752 4099 880 4164 odiosas
890 4101 1038 4164 Buzilias
1053 4101 1187 4185 anparai
1202 4098 1289 4164 traete
1305 4097 1435 4164 laetere

868 4209 966 4272 1202.
995 4227 999 4238 ·

464 4400 669 4468 Innocentius
685 4401 868 4488 Episcopus
893 4421 1007 4471 seruus
1033 4423 1199 4471 seruorum
1215 4404 1278 4469 Dei
1302 4396 1471 4470 venerabili

356 4505 448 4572 tratri
467 4553 474 4568 .
492 4555 499 4570 .
518 4556 525 4572 .
552 4507 808 4594 Archiepiscopo
833 4510 873 4576 de
890 4512 1021 4594 Zagora
1045 4513 1180 4577 salutem
1207 4515 1239 4575 et
1258 4510 1469 4596 Apostolioarn

358 4612 625 4681 benedictionem.
652 4616 736 4697 Quia
752 4618 845 4684 nobis
862 4619 895 4683 in
912 4619 1012 4688 Beato
1029 4621 1126 4687 Petro
1143 4620 1374 4706 Apostolorum
1392 4615 1469 4684 Priu-
