3202 5190
127 1059 234 1124 Jonas
249 1063 433 1145 easterpaou'
443 1059 589 1124 soenes
606 1059 705 1124 itelate
718 1059 813 1142 Hyris
828 1064 1031 1146 oayyudrodi
1049 1069 1134 1144 aptit,
1152 1067 1257 1130 rFar·

227 1164 288 1228 loos
302 1164 443 1230 Saldaolr
453 1166 504 1250 fia
520 1167 552 1228 ea
566 1165 676 1230 lamo
692 1166 876 1230 Kozordaolr
884 1167 935 1251 fla
951 1169 1028 1233 lebat.
1054 1173 1150 1234 1212.

237 1359 404 1425 Jobannes
422 1361 482 1425 Dei
510 1360 623 1442 grauis
639 1365 758 1426 Sancte
783 1362 1014 1445 Strigoniensis
1038 1367 1183 1432 boolesie
1200 1370 1245 1432 Ar

128 1465 355 1549 ebiepiseopus
373 1467 521 1532 omnibus
539 1467 581 1530 aul
599 1487 679 1550 quos
697 1468 801 1534 littere
819 1477 984 1551 presentes
996 1473 1207 1555 peruenerint
1223 1473 1256 1540 in

128 1581 329 1658 perpetuum.
347 1573 426 1638 Cum
444 1575 485 1640 sit
502 1575 664 1640 instabilis
678 1574 824 1654 mundus,
844 1585 876 1640 et
892 1577 1000 1641 omnia
1015 1580 1048 1642 in
1065 1580 1184 1646 mundo
1200 1602 1252 1666 po·

128 1683 192 1746 sita
208 1681 274 1746 sint
290 1682 434 1763 saduea,
462 1683 674 1748 discretorum
702 1683 912 1766 prouideneia
938 1685 1116 1768 stabiliuit,
1144 1696 1178 1752 ut
1194 1707 1255 1771 que

129 1787 209 1855 fiunt
226 1789 258 1854 in
276 1797 431 1876 tempore,
455 1791 636 1865 litterarum
652 1793 766 1872 tenori,
784 1812 825 1857 ne
839 1790 994 1858 labantur
1011 1814 1082 1858 eum
1099 1801 1253 1879 tempore,

130 1897 382 1979 committantur,
407 1917 447 1963 ne
465 1897 575 1965 ualeat
591 1899 720 1964 ueritati
737 1899 935 1982 inposterum
950 1900 1134 1983 ealumpnie
1150 1920 1254 1967 versu·

129 2004 187 2086 eijs
204 2003 366 2088 derogari.
383 2005 467 2070 Hine
484 2012 543 2088 est,
561 2004 648 2088 quod
663 2004 884 2071 uniuersitatis
903 2013 1007 2072 vestre
1030 2006 1149 2072 notioie
1164 2007 1253 2072 uolu-

128 2129 198 2176 mus
215 2110 369 2192 intimsri,
387 2110 473 2194 quod
490 2130 561 2176 eum
582 2109 732 2177 dominus
748 2119 858 2177 noster
869 2113 907 2176 A.
923 2113 1063 2178 illustris
1081 2114 1151 2178 Rex
1167 2113 1253 2178 Hun-

129 2217 221 2300 garis
237 2219 331 2285 nobis
357 2217 570 2302 inunxisset,
598 2226 632 2284 ul
648 2220 804 2286 Fareasio
821 2219 887 2286 lilio
902 2221 979 2286 Sela
996 2227 1028 2285 et
1053 2220 1122 2286 eius
1142 2219 1254 2305 nepoti

127 2325 251 2391 Jseobo
268 2326 333 2392 lilio
351 2325 470 2393 Cosma
484 2327 615 2411 plenam
632 2327 673 2391 de
690 2327 772 2412 Hysi
790 2328 828 2390 W
830 2328 997 2392 stadiensi
1008 2328 1136 2393 Abbate
1153 2347 1253 2411 super

127 2432 248 2498 iniuria
264 2432 329 2500 sibi
345 2433 438 2500 illata
462 2434 626 2500 iusticiam
643 2433 842 2516 laceremus,
870 2434 954 2500 sieut
971 2436 1050 2500 ordo
1067 2435 1193 2518 subigit
1207 2436 1252 2500 iu-

127 2541 292 2622 (lieiarius,
305 2542 452 2625 partibus
465 2543 635 2608 terminum
646 2525 832 2628 prefinimus
844 2549 1093 2627 competentem5
1111 2543 1166 2625 qui
1179 2562 1250 2608 eum

126 2650 158 2712 in
175 2654 287 2714 nostra
303 2647 355 2712 die
372 2649 546 2714 eonstituto
563 2653 671 2716 essent
687 2647 857 2732 presencia
874 2649 1050 2729 constituti,
1075 2649 1249 2714 Faroasius

123 2763 157 2820 et
171 2756 314 2822 Jsoobus
330 2763 576 2841 proposuerunt,
603 2754 689 2842 qnod
705 2756 818 2821 Abbas
840 2756 929 2841 ipsos
954 2755 1103 2822 omnibus
1119 2773 1250 2840 posses-

124 2863 271 2930 sionibus
287 2864 442 2948 ipsorum‚
459 2865 565 2946 terris,
585 2864 699 2946 uineis,
727 2863 919 2929 molendinis
936 2871 968 2928 et
985 2865 1133 2930 omnibus
1154 2864 1249 2931 rebus

125 2972 158 3036 in
175 2970 264 3053 villa,
282 2989 344 3053 qne
361 2968 479 3038 dieitur
494 2972 603 3054 Helin,
621 2977 733 3038 eontra
748 2970 911 3038 iusticiam
928 2971 1122 3055 spoliasset;
1137 2970 1250 3036 Abbas

124 3086 233 3144 autem
249 3078 426 3164 respondit,
445 3079 532 3162 quod
548 3079 645 3163 ijdem
662 3079 836 3143 Parnasius
852 3083 884 3142 et
896 3076 1039 3142 Jaoobus
1055 3075 1249 3160 iobagiones

124 3194 235 3254 essent
251 3187 396 3252 lleelesie
413 3187 668 3269 Waradyensis‚
697 3193 730 3250 et
755 3184 833 3267 quia
849 3203 870 3248 a
886 3183 1022 3248 seruieio
1039 3183 1187 3250 Eeolosie
1213 3201 1250 3248 se

125 3293 281 3359 uolebant
296 3291 495 3374 subtrahere,
514 3300 548 3358 ut
564 3295 653 3378 ipsos
664 3295 696 3358 in
714 3290 853 3356 seruioio
864 3289 1009 3356 Eoolesie
1026 3289 1189 3374 retineret,
1207 3313 1249 3358 ne

124 3421 181 3490 per
198 3400 432 3466 contumaciam
458 3400 677 3466 alienarentur
695 3399 736 3463 ab
753 3399 910 3480 Ecclesia,
936 3397 1009 3481 ipsa
1026 3397 1112 3463 bona
1128 3397 1248 3462 detine-

124 3515 182 3573 ret.
209 3506 300 3572 ldem
317 3513 425 3572 autem
441 3507 615 3572 Marcellus
631 3507 783 3574 Deeanus
809 3503 907 3570 verbo
924 3500 1086 3588 Capituli,
1114 3513 1146 3568 et
1162 3503 1249 3570 ioba·

123 3617 237 3699 giones
255 3613 347 3697 Ohot,
366 3612 480 3680 Obnda
490 3665 498 3698 ,
526 3612 635 3678 Zadur
651 3612 851 3678 asserebant.
877 3609 929 3676 Ad
945 3609 1006 3677 hoe
1025 3611 1199 3676 Faroasius
1216 3618 1250 3677 et

124 3722 268 3789 laeobus
286 3719 533 3804 responderunt,
558 3719 646 3804 quod
660 3719 755 3784 liberi
772 3726 804 3782 et
819 3718 998 3784 seruientes
1013 3717 1113 3799 Regis
1129 3724 1247 3802 essent,

124 3849 183 3895 nee
208 3830 318 3912 aliquo
344 3827 482 3894 sernieio
508 3827 654 3892 Eeelesie
679 3833 883 3910 tenerentur;
911 3832 943 3890 et
969 3845 1026 3909 per
1050 3827 1167 3892 multos
1191 3847 1249 3892 sne

123 3937 333 4024 eognaeionis
353 3935 474 4000 liberos
498 3941 531 4000 et
547 3935 726 4000 seruientes
746 3933 846 4018 Regis
873 3934 906 3998 id
923 3952 958 3998 se
979 3933 1173 4017 probaturos
1200 3954 1249 3999 as·

124 4045 296 4132 serebant,
314 4049 346 4108 et
363 4042 406 4108 arl
422 4043 483 4108 boe
499 4041 703 4126 probandum
719 4061 778 4125 per
793 4048 894 4105 testes
910 4038 1057 4122 ydoneos
1077 4041 1248 4106 terminum

124 4153 343 4239 postulabant.
363 4149 487 4226 Quibus
499 4148 715 4234 precepimus,
733 4153 769 4210 vt
782 4167 817 4212 se
834 4164 907 4211 esse
920 4144 1041 4209 liberos
1058 4151 1090 4208 et
1106 4145 1248 4211 seruien-

123 4269 174 4329 tes
190 4260 290 4344 Regis
306 4262 517 4340 cognatorum
534 4275 664 4322 suorum
681 4251 867 4320 testimonio
877 4249 1134 4334 comprobarent,
1157 4256 1189 4315 et
1205 4251 1249 4317 ad

126 4367 291 4435 ducendos
315 4371 416 4430 testes
442 4362 614 4427 terminum
639 4359 762 4426 eisdem
788 4357 975 4442 prefiximus
1001 4361 1246 4440 competentem.

125 4475 187 4541 Die
203 4480 311 4539 antem
327 4469 449 4557 prefixa
460 4469 549 4535 viros
565 4468 692 4534 nobiles
709 4467 752 4531 ad
766 4465 981 4530 intensionem
1002 4481 1095 4526 suam
1112 4464 1247 4546 proban·

123 4580 199 4648 dam
214 4579 390 4649 Fareasins
415 4584 447 4643 et
462 4575 606 4643 Jaeobus
622 4574 861 4664 produxerunt5
886 4579 987 4639 testes
1011 4569 1109 4655 igitur
1124 4569 1249 4658 recepi·

1027 4687 1088 4748 ss·
