3202 5190
630 299 789 398 Qe-

139 487 424 573 gubemcntibus;
441 490 600 556 Miobaole
618 493 799 562 Woiauode
814 498 987 583 existente,
1005 502 1103 567 Petro
1119 503 1281 571 Bnobion-

143 613 225 678 sem,
242 595 320 662 Juie
335 595 603 680 Budrugiensem,
621 598 773 666 Benoone
785 601 1037 690 Bioboriensem,
1056 606 1194 676 Nicoleo
1210 613 1274 678 Ke-

139 702 321 768 wcicnscm
337 709 369 768 et
386 702 509 770 Curiati
526 703 661 790 Comite,
685 709 763 794 Mog
778 709 1010 779 Posoniensem
1030 714 1211 784 Comitatus
1228 726 1278 786 te·

142 808 317 894 uentibus,
342 810 446 894 Regni
463 810 567 876 nostri
582 831 668 880 cnno
685 819 789 881 sexto.

140 1003 279 1070 (Ersdetic
292 1003 475 1073 bb'rhtrtytn,
499 1025 515 1060 a
528 1007 620 1074 pocsdt
632 1005 690 1060 meir
702 1011 845 1076 lehnllett,
868 1011 968 1064 crudit.
983 1011 1048 1068 utro
1062 1015 1155 1084 Rdvey
1174 1015 1269 1072 csclttd

603 1097 810 1167 levdltdrdbcn.)

744 1389 823 1396 .----

664 1827 741 1896 212.

136 2010 201 2074 ΙΙΙ.
227 2010 317 2074 Iuoze
336 2008 494 2094 pdpu'uuk
509 2008 651 2094 brrtldjo,
675 2008 818 2094 orelplyel
837 2031 876 2072 uz
902 2009 1058 2073 cusztrdui
1081 2033 1121 2074 cz.
1136 2009 1265 2074 Kercrzt

133 2119 302 2201 opdbdpot
318 2114 590 2200 rzubodrdpur'burr
600 2165 609 2200 ,
635 2117 820 2181 rousztrr'oi
840 2117 873 2179 dr
888 2118 1147 2201 ompyurorrzu'pr‘
1171 2115 1263 2181 birte-

133 2221 240 2286 kdburr
255 2223 436 2307 moperdrr‘ts'
450 2225 482 2286 6³
494 2243 533 2286 uz
548 2221 686 2307 apostoli
697 2223 768 2288 rzek
781 2222 971 2308 pdrtfopctsc
982 2222 1038 2287 old
1054 2223 1146 2289 need.
1165 2225 1262 2287 1210.

246 2416 453 2482 Innocentius
464 2416 647 2503 Episcopus
663 2436 775 2485 seruus
792 2435 959 2486 seruorum
970 2419 1032 2484 Dei
1049 2417 1177 2485 dilectis
1187 2418 1263 2486 filiu

135 2517 258 2588 Abbati
269 2521 460 2590 Monesterii
470 2523 589 2589 Sancte
605 2521 717 2588 Crucis
728 2524 863 2609 eiusque
878 2524 1032 2592 fratribus
1047 2531 1115 2592 tem
1130 2544 1262 2610 presen-

133 2629 222 2696 tibus
242 2647 339 2712 quam
364 2627 483 2694 futuris
499 2627 681 2712 regularem
698 2629 800 2696 vitam
824 2629 983 2715 professis
1007 2631 1040 2696 in
1057 2635 1260 2715 perpetuum-

134 2735 338 2820 Rcligioricm
362 2735 464 2802 uitem
494 2734 691 2819 eligentibus
716 2727 938 2821 Apostolioum
964 2735 1116 2802 conuenit
1143 2736 1261 2804 edesse

134 2841 336 2928 presidium,
361 2863 402 2908 nc
417 2842 501 2910 forte
515 2842 690 2908 cuiuslibet
715 2843 907 2910 temeritati·
924 2841 1074 2908 incursus
1095 2851 1151 2910 eut
1166 2863 1222 2910 eos
1239 2865 1261 2909 c

133 2949 301 3037 proposito
311 2956 450 3033 reuocet,
467 2957 524 3015 aut
533 2951 639 3032 robur,
651 2947 739 3031 quod
750 2949 846 3031 absit,
857 2968 950 3014 scere
961 2949 1132 3032 religionis
1148 2949 1258 3016 infrin·

132 3065 200 3142 get.
216 3057 410 3142 Esprcpter,
427 3053 537 3121 dileoti
548 3053 581 3120 in
591 3054 730 3121 Domino
741 3055 810 3138 tilii,
828 3054 944 3120 uestris
955 3055 1050 3120 iustis
1066 3055 1257 3140 pustulatio.

130 3163 227 3230 nibus
243 3164 419 3229 clementor
433 3160 624 3243 annuimus,
651 3165 683 3227 et
699 3160 861 3246 prefatum
887 3161 1120 3227 monesterium
1138 3160 1258 3230 Securo

133 3270 266 3356 Crucis,
293 3273 327 3338 in
353 3290 417 3355 qno
442 3267 562 3338 Diuino
588 3267 765 3353 mancipati
791 3269 870 3335 estis
887 3269 1054 3354 obrcquio,
1079 3270 1139 3336 sub
1163 3268 1256 3336 Berti

131 3379 220 3446 Petri
237 3385 269 3445 ct
279 3383 393 3444 nostra
407 3376 607 3462 protectione
620 3375 827 3461 suscipimus,
844 3381 876 3440 et
892 3377 1053 3461 presentis
1065 3375 1178 3460 scripti
1194 3377 1257 3464 pri-

131 3487 254 3570 uilegio
270 3483 515 3552 communimus.
542 3483 710 3569 Inprimis
727 3482 888 3566 siquidem
905 3489 1105 3567 statuentes,
1126 3489 1162 3548 nt
1177 3481 1257 3552 ordo

132 3591 351 3676 monasticus,
376 3591 431 3674 qni
447 3589 623 3656 secundum
638 3591 744 3656 Deum
759 3599 792 3658 ct
807 3591 899 3658 Beati
915 3590 1082 3658 Benedicti
1098 3593 1256 3677 regulam,

130 3705 229 3784 etque
243 3697 479 3766 institutionem
495 3695 759 3765 Cisteroiensinm
784 3698 921 3765 fratrum
937 3700 971 3765 in
986 3699 1100 3766 eodem
1121 3699 1194 3767 loco
1210 3699 1256 3766 in·

130 3807 263 3873 stitutus
280 3824 353 3872 esse
370 3804 557 3890 dinoscitur,
583 3804 748 3890 perpetuis
763 3804 885 3872 ibidem
902 3805 1100 3892 temporibus
1121 3805 1256 3874 inuiola-

130 3914 239 3980 biliter
263 3915 464 3980 obseruetur.
489 3911 644 3978 Pretercs
669 3931 889 3998 quoscumque
913 3914 1158 3998 possessiones,
1182 3933 1256 4002 que·

130 4039 268 4105 cumque
283 4020 370 4088 bons
394 4018 482 4085 idem
498 4018 730 4086 monesterium
753 4019 1025 4106 inpresentiarum
1050 4021 1134 4086 iuste
1151 4039 1189 4086 ac
1205 4039 1255 4086 cc·

129 4129 248 4196 nonicc
263 4126 420 4214 possidet,
438 4135 494 4194 eut
511 4127 544 4194 in
559 4126 702 4192 futurum
715 4127 926 4193 concessione
935 4125 1138 4208 Pontificum,
1155 4125 1253 4210 lurgi-

131 4235 221 4302 tione
236 4235 362 4318 Regum
377 4234 431 4300 nel
441 4232 635 4318 Principum,
654 4231 819 4300 oblatione
829 4231 983 4314 fidelium,
1000 4250 1058 4296 sou
1069 4229 1143 4298 aliis
1159 4229 1254 4298 iustis

129 4339 235 4408 modis
250 4345 419 4425 prestante
433 4339 574 4406 Domino
593 4338 712 4424 poterit
728 4337 879 4425 adipisci,
902 4337 997 4404 firma
1012 4336 1107 4404 uobis
1124 4332 1254 4404 uestris·

129 4466 191 4529 quc
207 4447 450 4515 successoribus
466 4452 500 4514 et
514 4446 642 4514 utiocto
665 4451 887 4533 permaneant.
915 4447 954 4510 In
971 4443 1089 4530 quibus
1105 4441 1166 4510 beo
1181 4461 1253 4528 pro·

129 4555 209 4636 priis
226 4554 377 4622 duximus
400 4553 612 4640 exprimenda
640 4552 820 4620 uocabulis.
850 4552 970 4618 bocum
987 4551 1112 4638 ipsum,
1140 4547 1253 4634 inquo
