3202 5190
629 361 786 462 „2⁹2

140 555 330 638 obsequium
348 557 426 622 Jesu
445 555 574 640 Christi,
601 563 635 622 ut
651 561 885 644 expugnaretis
900 561 1115 646 Christianos,
1141 565 1198 631 sed
1215 585 1268 650 po-

139 662 204 727 tius
222 661 405 746 Agarenos,
422 664 526 730 crucis
541 665 645 752 ipsius
661 667 802 751 perfides
818 667 976 736 inimicos.
993 671 1084 736 llaec
1100 678 1208 738 autem
1225 673 1269 738 ad

137 769 372 837 correctionem
389 779 531 838 vestram
548 772 719 839 referimus
734 792 774 838 ex
790 774 950 842 charitate
966 777 1103 862 sincera,
1121 779 1198 862 quia
1214 801 1267 865 pa-

137 883 188 942 ter
204 877 317 964 filium,
335 899 431 964 quem
447 879 564 964 diligit,
581 881 723 967 corripit,
740 887 774 947 et
783 884 882 967 Deus,
900 903 980 967 quos
996 891 1095 969 amat,
1114 886 1220 970 arguit
1236 893 1269 952 et

138 986 293 1071 castigat.
310 987 504 1074 Recepimus
520 1009 598 1056 vero
614 988 741 1056 litteras
758 989 1111 1076 constantinopolitani
1127 992 1266 1078 Impera·

138 1094 221 1160 toris
237 1103 270 1161 et
285 1102 369 1180 tuas,
397 1103 430 1162 et
445 1116 529 1180 quae
545 1097 757 1182 significastis
772 1117 831 1183 per
848 1118 916 1184 eas,
932 1101 1118 1166 notavimus
1135 1101 1266 1185 diligen·

136 1211 196 1267 ter.
212 1204 341 1286 Verum,
358 1203 507 1288 quamvis
523 1187 682 1289 optemus,
700 1212 735 1270 ut
743 1225 801 1290 per
816 1205 957 1272 studium
973 1213 1005 1272 et
1015 1207 1266 1275 sollicitudinem

137 1317 248 1392 tuam,
275 1310 317 1376 ad
333 1311 539 1378 devotionem
554 1312 764 1396 Apostolicae
783 1313 878 1379 Sedis
904 1314 1267 1402 constantinopolitana

136 1417 290 1482 Ecclesia
305 1425 495 1503 revertatur,
520 1419 597 1502 quia
613 1425 722 1485 tamen
738 1420 781 1485 ad
798 1421 979 1488 subsidium
1005 1428 1110 1489 terrae
1126 1426 1266 1490 Sanctae

137 1525 335 1610 propensius
352 1525 550 1610 aspiramus,
569 1547 609 1593 ne
625 1545 796 1593 succursus
813 1528 884 1610 ejus
901 1527 1021 1594 dilatus
1047 1529 1204 1596 hactenus
1222 1531 1266 1596 di-

137 1634 227 1698 utius
244 1633 424 1718 differatur,
442 1653 609 1702 monemus
635 1634 839 1701 nobilitatem
856 1640 945 1700 tuam
962 1641 993 1700 et
1009 1637 1216 1703 exhortamur
1231 1639 1264 1703 in

134 1739 289 1822 Domino,
317 1747 350 1805 et
365 1761 424 1825 per
440 1740 631 1826 Apostolica
647 1741 707 1806 tibi
732 1741 855 1827 scripta
875 1742 1080 1824 mandamus,
1106 1751 1265 1825 quatenus

135 1854 172 1913 tu
198 1851 231 1910 et
250 1846 377 1930 Veneti,
403 1849 604 1914 reconsiliati
625 1849 879 1915 Ecclesiasticus
899 1849 1033 1934 unitati,
1061 1857 1266 1936 peccatorum

135 1959 317 2020 vestrorum
335 1959 481 2022 maculas
502 1957 722 2042 poenitentiae
747 1959 900 2043 lacrymis
925 1959 1073 2049 expietis,
1100 1965 1145 2043 ut,
1171 1961 1264 2025 aeri-

138 2063 262 2128 minum
279 2063 355 2130 labe
370 2067 511 2150 purgati,
529 2067 650 2132 bellum
666 2067 797 2134 Domini
814 2067 950 2154 possitis
965 2067 998 2134 in
1009 2071 1148 2153 puritate
1159 2069 1264 2135 cordis

135 2175 172 2235 et
186 2171 333 2255 corperis
349 2173 514 2258 praeliari,
541 2193 601 2239 nec
617 2173 658 2239 de
674 2173 888 2257 multitudine,
910 2175 963 2239 vel
979 2177 1127 2260 potentia
1143 2181 1263 2258 vestra,

138 2277 194 2342 rel
211 2295 251 2342 ex
268 2297 317 2362 eo,
335 2278 422 2362 quod
437 2299 594 2366 prospere
610 2281 702 2347 vobis
718 2281 876 2347 successit
891 2282 1057 2365 hactenus,
1078 2302 1264 2367 praesuma-

133 2385 201 2468 tis,
228 2383 286 2450 sed
302 2391 425 2468 quanto
441 2387 538 2470 plura
553 2387 711 2454 Dominus
740 2387 834 2454 vobis
858 2393 990 2473 praeter
1016 2387 1131 2456 merita
1156 2395 1265 2456 vestra

136 2493 310 2576 concessit,
327 2499 418 2560 tanto
430 2511 488 2561 vos
499 2493 640 2579 amplius
654 2492 688 2557 in
701 2492 771 2576 ejus
787 2493 889 2560 oculis
899 2475 1071 2562 humiliare
1082 2497 1211 2580 curetis,
1232 2507 1264 2563 et

137 2598 300 2685 patientia
316 2599 388 2684 ejus
400 2599 443 2666 ad
459 2599 695 2686 poenitentiam
705 2617 764 2666 vos
782 2599 935 2684 adducat,
951 2605 996 2684 ut,
1013 2601 1217 2669 absolutione
1230 2603 1263 2668 in

134 2708 321 2774 bumilitate
337 2710 496 2792 quaesita,
514 2717 634 2775 etcum
649 2707 823 2775 devotione
838 2716 1000 2798 suscepta,
1024 2710 1264 2795 recuperationi

135 2822 248 2882 terrae
262 2814 404 2881 Sanctae
420 2816 498 2883 totis
515 2815 637 2881 viribus
653 2815 832 2900 insistatis3
850 2817 1002 2900 quoniam
1014 2817 1047 2881 iri
1057 2819 1262 2902 potissimum

136 2923 198 2988 erit
213 2922 308 2990 vebis
325 2927 357 2986 et
373 2921 570 2990 meritorium
590 2922 679 3007 apud
695 2924 811 3006 Deum,
833 2927 864 2988 et
879 2923 968 3008 apud
984 2923 1130 2990 homines
1147 2923 1262 3007 glorio-

134 3051 218 3097 sum.
243 3029 313 3094 Nos
331 3037 448 3114 autem,
466 3031 552 3113 qued
568 3029 633 3116 ipsi
649 3035 757 3097 terrae
772 3029 952 3097 videbimus
969 3031 1132 3116 expedire,
1155 3030 1261 3097 stude-

134 3137 253 3220 bimus,
272 3136 370 3202 dante
387 3137 537 3221 Domino,
555 3136 732 3203 efficaciter
747 3154 931 3222 procurare.
950 3137 1068 3202 Datum
1079 3135 1261 3222 Anagniae,

133 3245 189 3309 Vl.
207 3245 276 3310 kal.
293 3244 410 3328 Martii,
428 3245 640 3313 Pontificatus
657 3245 758 3311 nostri
775 3263 861 3310 aune
879 3245 1027 3330 septime.

135 3443 243 3508 (lligne
257 3458 283 3492 u.
296 3459 320 3494 o.
333 3445 355 3494 1.
370 3443 397 3492 lr.
411 3444 472 3494 301.
486 3443 512 3504 l.;
526 3443 642 3494 Thcincr
655 3457 682 3492 u.
696 3460 719 3492 o.
733 3444 755 3492 1.
769 3443 826 3494 ket.
837 3445 880 3492 22.
894 3442 926 3506 1.;
939 3441 1018 3493 Tafel
1030 3439 1059 3492 bs
1072 3441 1196 3502 Thomas,
1210 3442 1259 3492 Ur-

133 3531 246 3582 kundcn
265 3548 313 3583 aur
325 3532 428 3582 litarem
446 3531 579 3582 Handels·
592 3531 647 3583 und
659 3531 908 3596 Staatsgesehicbte
921 3532 969 3582 der
989 3531 1125 3596 Republilr
1138 3531 1261 3598 Venedig

593 3621 616 3671 1.
630 3621 685 3672 ket.
699 3621 761 3671 442.
774 3619 804 3688 1.)
