3202 5190
490 292 494 301 ’
608 326 759 430 „aa

116 523 312 592 auctoritate
328 544 368 590 ac
384 523 455 590 vice
470 529 584 592 nostra
603 525 759 610 inungat,
786 529 948 609 sceptrum
971 523 1031 590 tibi
1046 523 1170 607 Regale
1196 524 1248 591 tri-

114 635 212 716 buat,
240 638 272 698 et
296 633 444 717 imponat
461 631 598 715 Regium
623 631 784 698 diadema.
810 630 954 715 Cumque
980 631 1158 698 venerabili
1184 630 1246 698 lra-

114 739 157 806 tri
180 746 293 805 nostro
319 787 326 802 .
353 788 360 802 .
389 789 396 804 .
421 738 677 824 Archiepiscopo
701 737 987 823 Trinovitancnsi,
1012 758 1070 824 per
1094 737 1247 804 dilectum

113 845 216 912 filium
242 847 273 912 J.
290 844 505 932 Capellanum
522 853 667 913 nostrum
679 897 688 932 ,
713 846 849 933 pallium
871 845 1057 913 duxerimus
1084 845 1247 912 destinan-

115 954 212 1038 dum,
237 961 270 1020 et
286 954 494 1021 statuerimus
520 975 593 1022 eum
608 955 708 1021 totius
724 953 902 1038 Bulgariae
919 973 959 1021 ao
975 953 1108 1020 Blacioe
1127 953 1247 1018 Prima-

114 1068 194 1146 tem,
212 1081 273 1147 per
287 1061 437 1128 eumdem
451 1063 612 1146 Legatum
628 1061 906 1147 Metropolitanis,
934 1082 1015 1145 qnos
1030 1060 1116 1128 idem
1134 1058 1249 1147 Capel-

120 1169 216 1236 lanus
233 1169 405 1236 instituens
422 1171 453 1237 ei
469 1170 510 1237 de
525 1191 611 1239 novo
627 1171 776 1256 subjecit,
794 1171 941 1257 pallium,
957 1170 1088 1254 insigne
1098 1169 1251 1235 videlicet

120 1277 333 1362 plenitudinis
348 1279 549 1347 Pontificalis
567 1277 676 1364 oflicii,
700 1279 913 1365 destinamus,
931 1278 978 1344 cis
991 1279 1087 1362 juxta
1101 1276 1248 1359 sormam,

60 1413 63 1417 ·
119 1405 220 1469 quam
236 1386 296 1453 sub
312 1386 405 1452 bulla
430 1392 544 1453 nostra
569 1386 778 1454 interclusam
800 1385 975 1470 mittimus,
1001 1382 1249 1468 conferendum3

119 1492 228 1559 etalem
254 1510 383 1577 quoque
407 1493 532 1578 Legato
558 1493 689 1580 plenam
715 1493 909 1560 contulimus
938 1491 1127 1558 facultatem
1158 1489 1252 1557 corri-

119 1599 220 1682 gendi
236 1619 321 1684 quae
340 1600 535 1685 corrigenda
558 1600 768 1686 cognoverit,
794 1607 826 1665 et
843 1598 1007 1666 statuendi
1025 1618 1109 1682 quae
1126 1597 1255 1664 duxerit

122 1705 318 1791 statuenda;
336 1707 530 1773 mandantes
547 1707 681 1790 eisdem,
699 1713 733 1774 ut
747 1711 815 1773 tarn
832 1706 952 1772 clerum
969 1722 1066 1789 quam
1083 1705 1250 1792 populum,

120 1814 155 1878 in
171 1812 236 1897 bis,
261 1833 347 1896 quac
369 1799 533 1901 pertinent
548 1814 592 1880 ad
607 1814 682 1882 fidei
699 1812 905 1882 Christianae
925 1811 1127 1899 profectum,
1154 1812 1251 1880 infor

121 1929 230 2003 ment,
258 1921 347 1988 etde
363 1922 591 1990 benevolentia
607 1927 719 1989 nostra
735 1920 879 1988 efficiant
894 1921 1058 1988 certiores.
1086 1921 1253 1988 Monemus

122 2027 225 2110 igitur
238 2029 453 2096 Serenitatcm
469 2031 607 2115 Regiam
624 2037 656 2096 ct
672 2031 879 2096 exhortamur
895 2028 1069 2110 attentius,
1083 2034 1253 2113 ‚quatenus

121 2138 284 2219 Legatum
300 2137 407 2224 ipsum
425 2137 509 2204 sicut
524 2155 697 2224 personam
720 2143 885 2218 nostram,
911 2136 975 2204 imo
993 2155 1052 2202 nos
1069 2142 1101 2201 et
1117 2135 1252 2200 Beatum

121 2244 256 2310 Petrum
281 2243 422 2330 inipso,
454 2245 594 2328 benigne
619 2244 757 2330 recipias
774 2251 806 2310 et
827 2244 999 2310 honorifice
1025 2241 1158 2309 studeas
1182 2262 1253 2327 per-

124 2359 279 2434 tractare,
299 2351 447 2417 salubria
463 2353 586 2418 monita
602 2359 634 2419 et
650 2359 772 2418 statuta
788 2351 891 2436 ipsius
908 2359 940 2417 ct
957 2358 990 2417 tu
1006 2352 1078 2437 ipsc
1094 2349 1253 2436 recipiens

125 2464 158 2524 ct
172 2459 373 2543 observans,
400 2469 432 2525 et
448 2461 490 2526 ab
506 2460 661 2526 uniuersa
685 2467 773 2526 terra
797 2467 854 2525 tua
869 2459 970 2545 recipi
995 2457 1119 2525 faciens
1135 2464 1168 2524 ct
1190 2475 1253 2524 ser-

124 2567 216 2650 vari;
244 2566 355 2632 taliter
371 2585 469 2652 super
486 2567 565 2651 hoo,
592 2567 678 2651 quod
694 2566 864 2632 scribimus
880 2565 1088 2651 impleturus,
1109 2572 1144 2630 ut
1160 2564 1253 2631 devo·

124 2673 224 2740 tionis
249 2673 419 2758 affectum,
445 2693 541 2757 quem
557 2675 644 2740 circa
669 2693 729 2740 nos
752 2681 784 2739 et
799 2677 980 2740 Romanam
996 2673 1176 2740 Ecclesiam
1201 2673 1254 2738 ba·

125 2781 204 2846 bere
221 2788 254 2847 te
269 2780 440 2862 credimus,
457 2781 490 2846 in
507 2780 624 2850 effectu
640 2799 885 2865 cognoscamus.

274 2980 451 3045 (iligneam
467 2981 503 3030 ΙΙ,
517 2981 571 3031 lot.
589 2981 648 3032 280.
663 2981 698 3042 l.;
721 2979 836 3031 Thainer
851 2996 875 3029 u.
888 2997 910 3032 o.
923 2983 945 3030 1.
961 2982 1015 3030 kur.
1030 2981 1072 3031 30.
1087 2981 1116 3045 l.)
