3200 5182
616 307 765 407 ,1417-

121 505 240 571 mettio
257 503 413 587 Magistro
430 501 659 587 Dapiferorum
676 508 708 567 et
724 501 849 568 Comite
866 501 1066 584 Posoniensi,
1082 503 1172 566 Luca
1188 501 1253 565 Ma-

123 615 229 696 gistro
245 611 477 676 Pineernarum
495 616 527 674 et
543 608 667 676 Gemite
694 608 733 672 de
749 611 839 691 Bous,
866 609 1027 675 Nieholao
1045 608 1202 692 Magistro
1221 614 1254 672 et

121 720 250 786 Comite
268 719 466 801 Agasonmm
494 724 526 782 et
541 717 616 783 aliis
633 737 730 802 quam
748 717 892 802 pluribus
909 716 1089 782 Comitatus
1105 723 1136 781 et
1151 716 1253 797 Magi-

120 834 245 894 stratus
264 827 457 893 tenentibus.
477 825 581 910 Regni
598 827 700 893 nostri
718 847 803 892 auno
820 827 898 890 XX⁰
909 831 1012 891 sexto.

120 1011 156 1072 (A
168 1008 360 1074 paunouhalmi
372 1005 569 1074 fdupdtsdgnak
580 1004 762 1057 leveltrirdban
773 1009 858 1088 drz'dtt
868 1005 892 1057 ri.
900 1023 924 1055 u.
937 1012 1014 1056 vdros
1024 1005 1159 1070 konryvbdl
1171 1008 1212 1057 23.
1224 1008 1252 1070 l.)

566 1292 822 1302 —..---———-

650 1816 727 1884 296.

123 1995 264 2060 Κάίπιάπ
287 1996 439 2080 puliczs'oi
465 1995 574 2081 kirrily
589 1998 621 2058 ἐς
636 1995 811 2059 szlavoniat'
832 1996 957 2082 derczep
984 1995 1055 2059 Don
1076 1963 1107 2058 dt
1124 1996 1251 2082 Mdtya‘s

182 2101 356 2166 imteereket
373 2101 518 2187 bizonyoo
526 2101 665 2186 sdlduok
681 2102 866 2167 biutokdbau
884 2104 1065 2189 mapard'oa'ti.
1092 2105 1189 2258 1229

231 2298 426 2364 Colomanus
453 2297 514 2362 Dei
540 2298 653 2380 gracia
672 2297 799 2365 Halieie
824 2300 893 2364 Rex
915 2319 955 2364 ao
980 2299 1055 2364 Dux
1080 2298 1252 2364 Solanonie

123 2404 284 2472 uniuersis
309 2424 444 2490 presens
470 2405 626 2492 seriptum
643 2405 835 2492 inspecturis
860 2407 999 2473 salutem
1023 2413 1055 2472 et
1079 2426 1173 2472 omne
1197 2407 1251 2473 bo-

122 2534 209 2578 num.
226 2511 384 2579 Nouerint
409 2513 554 2578 uniuersi
579 2521 645 2578 tam
663 2523 832 2601 presentes
858 2537 955 2599 quam
974 2515 1107 2602 posteri,
1134 2515 1250 2598 quibus

122 2621 206 2686 seire
223 2619 412 2706 expedierit,
429 2619 516 2702 quod
532 2642 591 2688 nos
606 2628 725 2688 terram
742 2623 906 2705 quandam
926 2630 1096 2710 exceptam
1113 2624 1153 2689 de
1170 2625 1250 2689 villa

121 2729 257 2814 Thome,
274 2728 493 2794 continentem
504 2728 547 2793 ad
564 2735 702 2810 quatuor
712 2739 943 2813 ar·atra,·quarn
955 2731 1143 2798 Dominious
1154 2749 1250 2814 qnon-

122 2837 198 2901 dam
216 2835 332 2902 Comes
356 2833 433 2902 filiis
449 2837 570 2920 nugas,
598 2836 750 2904 videlieet
766 2839 839 2905 Don
859 2846 891 2904 et
909 2839 1031 2904 Mathia
1056 2840 1249 2923 contulerat,

121 2944 164 3009 ab
181 2943 228 3010 eis
244 2964 308 3008 non
324 2944 534 3029 abstulimus5
552 2965 663 3010 verum
679 2945 811 3028 cognita
827 2945 984 3012 fidelitate
1010 2945 1164 3030 ipsorum,
1187 2955 1249 3012 ter-

123 3073 192 3116 ram
209 3049 428 3136 supradictam
455 3052 503 3117 eis
521 3053 762 3140 possidendam,
789 3059 821 3117 et
837 3053 905 3118 suis
922 3053 1094 3118 heredibus
1118 3055 1249 3119 eontuli-

122 3181 212 3245 mus;
240 3181 336 3244 quam
362 3163 466 3227 eoium
490 3183 548 3248 per
573 3163 699 3228 fidelem
725 3161 919 3247 pristaldum
946 3169 1089 3227 nostrum
1120 3161 1248 3228 nourrius

121 3268 222 3334 Polen
247 3269 344 3332 eertis
361 3270 456 3334 metis
472 3270 636 3352 assignari
663 3268 829 3334 iussimus.
856 3271 898 3336 Vt
914 3276 1022 3334 autem
1042 3271 1102 3334 hee
1118 3291 1139 3334 a
1156 3271 1248 3336 nobis

120 3375 209 3441 saeta
226 3373 363 3440 donaoio
379 3377 536 3443 obliuioni
552 3398 617 3443 non
634 3377 791 3462 tradatur,
815 3377 924 3442 necin
941 3377 1065 3441 irritum
1083 3376 1187 3461 possit
1203 3398 1247 3443 re-

121 3483 240 3567 uocari,
268 3491 450 3568 presentem
468 3483 622 3570 paginam
647 3484 749 3568 sigilli
767 3484 868 3550 nostri
889 3483 1066 3549 munimine
1091 3486 1247 3551 eoncessi-

120 3610 191 3655 mus
208 3591 401 3656 roboratam.
426 3592 545 3656 Datum
563 3611 648 3658 anno
674 3593 716 3657 ab
741 3592 968 3658 Inearnatione
993 3591 1123 3656 Domini
1149 3594 1248 3659 mille·

119 3699 202 3764 simo
214 3698 434 3765 ducentesimo
446 3699 605 3784 vigesimo
617 3721 719 3785 uono;
738 3707 938 3766 eonsensuet
955 3699 1091 3766 consitio
1105 3702 1246 3768 omnium

118 3806 332 3892 jobagionnm
356 3815 548 3874 nostrorum.

308 4007 442 4066 OEredetio
462 4023 478 4056 a
498 4004 726 4071 Szeut-Audrrissy
746 4004 836 4057 esaluid
858 4004 1061 4062 loveltt'urdbam
