3164 5192
848 343 1005 448 392-

364 547 543 630 snmptam,
571 547 605 607 ut
620 561 678 627 per
693 541 836 627 Legatos
860 545 893 606 et
914 539 1042 609 litteras
1070 547 1198 612 nostras
1215 550 1246 611 te
1266 543 1303 612 in
1327 543 1486 614 laudabili

361 649 530 719 foveamus
546 649 725 737 proposito,
741 656 774 716 ct
790 649 823 716 in
849 647 1021 716 devotione
1036 650 1130 718 Sedis
1146 651 1356 738 Apostolicae
1371 655 1486 722 solide·

362 779 444 828 mus.
468 759 630 826 Dilectum
647 759 758 842 itaque
773 757 874 824 tilium
890 763 1035 824 nostrum
1050 759 1273 846 Dominicum,
1298 761 1486 850 Archipres·

361 867 510 952 byterum
526 867 725 935 Graecorum
751 866 791 933 de
806 865 1008 951 Brundusio,
1038 867 1080 934 ad
1098 876 1130 936 te
1148 871 1363 958 personaliter
1389 870 1487 939 desti·

361 980 497 1060 nantes,
513 995 681 1043 monemus
697 975 901 1043 nobilitatem
912 980 1000 1042 tuam
1016 983 1049 1042 et
1064 977 1272 1046 exhortamur
1289 979 1323 1044 in
1333 981 1486 1064 Domino,

361 1102 401 1149 ac
415 1101 473 1168 per
487 1076 680 1168 Apostolica
695 1081 754 1150 tibi
780 1081 940 1168 rescripta
956 1082 1169 1170 mandamus,
1195 1095 1354 1171 quatenus
1377 1087 1487 1173 ipsum

361 1191 526 1258 humiliter
541 1197 574 1258 et
589 1191 706 1258 devoto
721 1190 902 1276 recipiens,
928 1191 1104 1261 honorilice
1120 1214 1159 1260 ac
1178 1195 1317 1280 benigne
1342 1203 1488 1282 pertrac

360 1305 420 1381 tes,
439 1304 471 1365 et
486 1319 545 1384 per
561 1319 634 1365 eum
645 1299 774 1384 plenius
789 1299 885 1366 uobis
900 1304 990 1366 tuam
1006 1299 1210 1369 devotionem
1226 1323 1381 1388 exponas.
1400 1304 1487 1372 cum

361 1405 446 1472 enim
464 1406 560 1490 plene
575 1406 670 1472 nobis
685 1425 744 1490 per
759 1407 866 1492 ipsum
882 1405 922 1471 de
939 1406 1124 1474 sinceritate
1139 1409 1187 1474 tui
1206 1410 1365 1494 propositi
1382 1417 1415 1475 ct
1431 1410 1487 1476 de-

359 1513 501 1582 votionis
524 1513 642 1580 affectu
659 1513 839 1581 constiterit
849 1564 858 1598 ,
884 1513 928 1580 ad
943 1520 976 1582 te
992 1517 1219 1603 proposuimus
1247 1517 1386 1584 maiores
1404 1537 1488 1584 nun-

359 1621 427 1689 cios
443 1623 495 1688 vel
511 1619 653 1706 Legatos
678 1621 788 1710 potius
805 1621 989 1706 destinare,
1015 1623 1155 1706 quitum
1180 1627 1325 1711 tequam
1349 1630 1422 1692 tuos
1450 1627 1487 1692 iu

360 1729 570 1815 spostolicae
585 1729 679 1796 Sedis
696 1729 868 1796 dilectione
885 1728 1080 1815 confirment,
1103 1739 1135 1798 et
1150 1737 1183 1798 te
1197 1733 1238 1799 de
1254 1733 1487 1801 benevolentia

358 1846 470 1904 nostra
495 1837 638 1904 efficiant
664 1837 844 1906 certiorem.
867 1839 989 1904 Datum
1014 1839 1167 1906 Laterani
1182 1841 1225 1907 Π.
1247 1840 1408 1908 kalendas
1426 1842 1486 1908 Ja-

306 1989 308 1992 -
358 1946 465 2042 uuarii
481 1943 709 2034 (Pontificatus
725 1946 827 2014 nostri
843 1967 929 2014 anno
949 1947 1116 2036 secundo.)

357 2145 470 2210 (Migne,
483 2143 634 2197 Innocentii
646 2143 695 2195 111.
716 2144 818 2197 Summi
831 2145 970 2196 Pontificio
982 2146 1072 2211 Opera
1084 2143 1161 2198 Plris
1182 2147 1259 2198 teto.
1271 2147 1293 2198 L
1309 2149 1364 2201 ket.
1379 2151 1440 2200 825.
1455 2151 1484 2212 l.;

410 2233 647 2318 Theisoa-Vetera
659 2233 836 2286 Monumeuta
847 2235 990 2286 Elavorum
1001 2235 1216 2288 Meridicualium
1227 2236 1252 2289 Ι.
1266 2237 1321 2289 ket
1337 2238 1377 2288 11.
1392 2238 1421 2306 l.)

790 2538 1049 2550 -—-—-—-—

880 3059 957 3126 lau.

353 3255 419 3318 III.
440 3257 527 3320 lucae
542 3261 630 3343 pa'pc
646 3279 666 3318 u
682 3255 821 3341 spolatca'
836 3256 1062 3343 lodptclcouclc
1078 3259 1264 3348 meptappja
1273 3309 1281 3344 ,
1307 3261 1388 3348 lopy
1403 3283 1426 3324 a
1440 3259 1481 3324 la·

503 3366 591 3430 unct
600 3365 779 3451 pdspttlcadp
793 3363 1022 3449 drdcltca'sclctt
1038 3366 1203 3453 drkodjda.
1227 3371 1325 3434 1199.

461 3563 669 3630 Innocentius
680 3563 863 3648 Episcopus
878 3579 993 3628 seruus
1010 3581 1176 3630 seruorum
1187 3563 1248 3630 Dei
1264 3563 1394 3630 dilectis
1404 3563 1483 3630 filiis

353 3667 505 3753 Capitulo
532 3670 717 3756 spalatensi
742 3671 881 3736 salutem
907 3675 939 3734 et
963 3669 1186 3755 Apostolicam
1211 3669 1481 3736 banedmtionem.

353 3773 433 3841 Cum
459 3777 655 3844 venerabilis
680 3777 781 3844 frater
796 3785 906 3845 noster
922 3777 964 3842 Μ.
992 3777 1098 3844 dictus
1112 3777 1266 3844 Forensis
1294 3776 1481 3862 Episcopus

351 3884 574 3952 venerabilem
598 3883 733 3952 fratrem
758 3892 906 3950 nostrum
921 3883 962 3954 N.
978 3885 1154 3952 Farensem
1169 3885 1369 3971 Episcopum
1393 3901 1480 3950 csse·

351 3998 495 4076 rentem,
527 3993 782 4078 postulationem
807 4010 900 4057 suum
925 4011 998 4056 esse
1026 4011 1085 4075 per
1110 3991 1228 4058 Sedem
1251 3989 1480 4078 Apostolicam

351 4101 578 4185 approbatam,
595 4101 755 4167 mansisse
769 4105 934 4184 proponat
949 4097 993 4164 ad
1008 4098 1190 4168 Ecclesiam
1211 4099 1430 4185 Jadcrtinam,
1449 4106 1481 4166 et

350 4205 383 4271 in
400 4226 441 4274 ea
455 4215 492 4274 ut
517 4208 805 4294 Archicpisoopum
830 4206 1054 4292 ministrasse,
1081 4214 1113 4274 et
1128 4207 1162 4273 in
1177 4207 1312 4274 Earensi
1329 4207 1481 4274 Ecclesia

349 4315 450 4381 alium
467 4315 530 4383 sibi
546 4317 742 4384 substituere
757 4315 921 4399 voluisse,
945 4335 982 4382 se
998 4334 1076 4384 vero
1099 4315 1143 4382 ad
1158 4315 1313 4382 Farensis
1329 4315 1480 4398 Ecclesia

349 4423 497 4504 regimen
521 4422 641 4506 luisse,
668 4423 725 4491 illo
750 4427 958 4508 transeunts,
985 4428 1156 4492 vocatum:
1177 4421 1324 4508 prelatus
1341 4441 1420 4488 vcro
1436 4421 1476 4486 N.

349 4527 533 4614 Episcopus
558 4531 601 4596 ad
627 4531 793 4598 civitatem
817 4530 1042 4617 ladertinam,
1069 4531 1156 4598 unde
1179 4529 1286 4598 iuerat
1308 4527 1477 4612 oriundus,

350 4653 415 4706 nou
431 4636 597 4726 transisse,
612 4637 673 4706 sed
688 4637 868 4728 accessisse
884 4644 1057 4729 proponat,
1077 4643 1109 4706 et
1125 4637 1159 4706 in
1175 4657 1217 4706 ca
1231 4656 1268 4706 se
1283 4655 1349 4706 uon
1364 4632 1476 4704 Archi·
