3218 5192
150 1202 212 1268 HI.
229 1201 359 1269 Sdadov
370 1205 463 1290 pcipe
479 1207 640 1269 utasttdao
656 1203 775 1270 deltae
790 1202 931 1290 spalator'
945 1205 1097 1274 asella.
1115 1207 1213 1272 1168.

221 1400 409 1466 Alexander
435 1401 617 1488 Episcopus
643 1420 756 1468 servus
782 1421 948 1469 servorum
975 1403 1038 1468 Dei
1062 1403 1243 1470 venerabili

112 1506 203 1575 fratri
231 1510 372 1576 Girardo
398 1509 588 1594 Spalatensi
614 1509 886 1596 Arcbiepiscopo,
914 1509 1123 1596 Apostolicae
1147 1509 1242 1576 Sedis

111 1615 250 1700 Legato,
268 1616 407 1681 salutem
429 1621 460 1680 et
470 1615 693 1703 Apostolicam
710 1617 976 1682 benedictionem.
993 1616 1172 1682 Intellectis
1190 1636 1242 1681 an-

112 1722 301 1808 xietatibus,
320 1727 351 1788 et
367 1722 644 1789 sollicitudinibus
660 1725 734 1808 tuis,
761 1716 878 1808 quibus
894 1721 1101 1789 vehementer
1116 1725 1241 1805 urgeris

111 1851 209 1914 super
235 1830 471 1897 conservandis
492 1831 629 1914 justitiis
650 1831 817 1898 Ecclesiae
834 1840 929 1916 tuae,
956 1831 1037 1896 satis
1061 1829 1137 1897 inde
1152 1835 1241 1897 tuam

110 1960 221 2007 sumus
247 1940 454 2028 prudentiam
479 1941 650 2026 admirati,
683 1963 722 2008 eo
749 1941 835 2026 quod
863 1941 959 2008 nimis
986 1947 1119 2027 repente
1144 1960 1242 2027 super

109 2048 313 2135 Episcopatu
329 2058 361 2116 et
378 2049 453 2115 aliis
470 2051 617 2136 coeperis
638 2051 847 2134 quaestiones
866 2070 1013 2134 movere,
1035 2069 1108 2114 cum
1124 2049 1240 2114 deceat

110 2157 310 2243 Episcopum
337 2158 499 2242 usquead
516 2179 636 2226 annum
662 2159 709 2225 ita
725 2161 834 2225 omnia
857 2158 977 2242 videre,
1002 2163 1159 2240 tanquam
1174 2175 1238 2222 non

110 2264 240 2348 videat;
267 2271 299 2330 et
316 2265 349 2330 in
366 2264 576 2350 simplicitate
602 2266 827 2350 dissimulare,
853 2257 939 2348 quae
955 2265 1039 2330 alias
1060 2267 1169 2330 essent
1185 2261 1238 2327 du-

109 2373 174 2438 rius
192 2371 399 2456 requirenda.
417 2369 623 2459 Quapropter
640 2391 808 2440 monemus
824 2371 1029 2458 prudentiam
1049 2377 1149 2454 tuam,
1166 2389 1238 2435 con-

108 2481 263 2564 salimus,
291 2487 324 2546 et
339 2479 526 2564 hortamur,
553 2487 588 2546 ut
604 2481 637 2546 in
653 2480 912 2567 praesentiarum
937 2479 988 2545 bis
1008 2477 1235 2563 supersedeas,

107 2594 227 2654 statum
243 2592 361 2665 terrae,
377 2592 409 2652 et
430 2587 616 2670 qualitates,
634 2594 666 2651 et
682 2586 962 2653 moresbominum
975 2584 1103 2669 plenius
1119 2602 1235 2667 cogno-

106 2714 194 2760 scere
212 2693 368 2777 studeas,
396 2700 428 2758 et
443 2693 603 2780 paulatim
621 2693 765 2760 rationes
781 2693 948 2760 Ecclesiae
971 2699 1046 2758 tuae
1062 2691 1236 2775 diligenter

107 2803 274 2886 inquiras;
292 2809 325 2866 et
341 2821 412 2866 cum
424 2799 524 2866 lucris
541 2819 639 2886 super
649 2802 700 2867 bis
717 2801 920 2886 informatus,
940 2801 968 2865 si
986 2798 1064 2884 quid
1074 2797 1234 2882 quaestio·

106 2911 156 2976 nis
173 2909 225 2976 vel
244 2907 421 2975 dubietatis
438 2909 615 2994 emerserit,
632 2911 727 2976 nobis
743 2907 942 2975 confidenter
953 2905 1125 2990 significes,
1147 2925 1234 2971 secu-

106 3037 158 3084 rus
175 3027 208 3085 ct
224 3024 341 3102 certus,
369 3015 456 3099 quod
473 3036 533 3082 nos
549 3015 747 3083 fraternitati
764 3022 850 3100 tuae,
871 3015 904 3080 in
920 3015 1035 3098 quibus
1053 3013 1147 3079 salva
1163 3033 1233 3079 con·
1355 3064 1362 3076 .

105 3124 244 3190 seientia
259 3125 439 3209 poterimus
448 3175 457 3208 ,
484 3123 597 3190 libenti
614 3123 724 3191 animo
749 3123 894 3205 deferre,
921 3129 953 3188 et
969 3121 1001 3186 in
1013 3120 1151 3205 justitiis
1168 3120 1232 3184 tuis

104 3233 162 3300 tibi
177 3239 335 3316 tanquam
351 3233 532 3299 venerabili
555 3232 647 3299 fratri
663 3239 772 3299 nostro
793 3231 910 3297 adesse
930 3229 1122 3310 curabimus,
1140 3234 1172 3292 et
1187 3227 1232 3291 fa·

105 3361 235 3425 vorem,
261 3347 293 3406 et
309 3341 467 3407 auxilium
484 3340 695 3408 conferemus.
720 3342 771 3406 De
786 3350 915 3406 caetero
935 3339 967 3404 S.
984 3338 1121 3402 latorem
1141 3353 1232 3419 prae·
1335 3391 1346 3422 ,

103 3451 244 3515 sentium
261 3449 304 3515 ad
319 3455 352 3514 te
365 3449 554 3515 redeuntem
580 3449 760 3515 sinceritati
776 3454 853 3513 tuae
873 3445 1013 3514 sollicite
1029 3441 1231 3510 commenda-

104 3579 182 3644 mus,
200 3567 358 3641 rogantes
369 3567 466 3642 atque
482 3563 659 3644 monentes,
680 3562 842 3641 quatenus
858 3574 931 3620 cum
947 3587 1230 3602 -----

104 3674 382 3754 -opportunum
406 3667 572 3751 habueris,
600 3666 688 3749 qued
704 3665 843 3732 Domino
867 3663 998 3730 volente
1023 3663 1055 3728 iu
1081 3659 1230 3747 proximo

103 3775 171 3859 crit,
188 3773 406 3860 praedictos.
424 3774 471 3839 ita
488 3773 663 3859 provideas
681 3781 713 3840 et
730 3771 927 3855 benefacias,
948 3769 1034 3853 quod
1049 3768 1109 3834 tibi
1123 3769 1229 3853 possit

104 3881 273 3964 devotior,
298 3889 331 3946 et
346 3881 452 3965 magis
469 3879 574 3946 fidelis
591 3878 741 3964 existere,
758 3887 790 3945 et
805 3895 919 3965 preces
935 3884 1063 3943 nostras
1080 3874 1144 3942 sibi
1159 3893 1228 3938 sen·

102 3991 160 4059 tiat
185 3989 276 4076 apud
291 3995 324 4055 te
349 3987 521 4076 proluisse.
548 3991 668 4056 Datum
694 3987 869 4054 Beneventi
894 3985 937 4052 ll.
954 3984 1031 4051 Idus
1048 3980 1227 4048 Februarii.

464 4190 681 4273 fflgyanou‘m.
695 4205 751 4257 lor.
768 4204 826 4255 rsa.
840 4203 870 4270 1.)
