3218 5192
915 981 971 1052 88.

376 1180 558 1249 Molictnilc
573 1181 803 1269 captonnaco
827 1183 1018 1271 apponunt
1032 1185 1064 1249 o
1084 1146 1281 1251 rotonainat
1305 1185 1507 1274 appanowa

659 1288 745 1358 Arba
759 1293 858 1378 stipat
872 1291 1096 1380 kozomtptcd.
1121 1295 1220 1363 1179.

485 1487 579 1556 Anno
590 1488 782 1554 Dominicae
792 1488 1031 1556 Incarnationis
1045 1491 1140 1557 1179.
1152 1492 1333 1559 Indictionc
1343 1493 1420 1558 XII.
1435 1494 1505 1563 Nos

379 1597 508 1683 quidem
524 1597 737 1678 Malichnicus
763 1596 848 1663 iilius
865 1597 1046 1664 Borisclavi
1065 1597 1189 1685 Jopani
1199 1650 1208 1682 ,
1236 1619 1302 1664 una
1314 1619 1387 1666 cum
1403 1599 1505 1667 fratre

379 1727 451 1774 mco
467 1706 619 1790 Strojano
635 1705 785 1790 Jupano,
812 1713 844 1772 ct
868 1707 1041 1788 Porngano
1051 1758 1061 1791 ,
1088 1727 1127 1772 ac
1143 1708 1244 1774 Mirco
1270 1710 1336 1774 tilio
1352 1709 1505 1794 Bogdani

380 1813 513 1902 Jupani,
529 1821 561 1880 ct
576 1813 651 1880 aliis
667 1815 788 1880 nostris
805 1815 1018 1899 parentibus;
1036 1835 1107 1881 cum
1124 1815 1157 1880 in
1173 1815 1302 1881 Ablana
1320 1816 1443 1882 suimus
1460 1817 1505 1882 in-

377 1925 472 1990 simul
488 1943 559 1990 cum
580 1922 713 1990 Andrca
729 1925 866 1992 Arbonsi
883 1925 1057 2009 Episcopo,
1073 1925 1250 2010 Stephano,
1275 1931 1307 1990 et
1323 1925 1433 1992 Micha
1450 1927 1505 1992 Ju-

267 2067 268 2072 1
377 2033 515 2116 dicibus,
532 2031 689 2098 Drabana
698 2030 871 2115 Theodori,
890 2041 922 2097 et
939 2031 1014 2098 aliis
1029 2032 1202 2116 nobilibus,
1219 2032 1311 2100 missi
1330 2053 1431 2098 causa
1447 2053 1504 2119 pa-

378 2139 528 2208 cificandi
544 2139 808 2224 controversiam,
826 2161 910 2225 quac
926 2141 1011 2208 inter
1025 2161 1084 2208 nos
1102 2147 1134 2206 ct
1149 2142 1314 2208 Arbcnscs
1331 2149 1421 2226 crat3
1448 2161 1505 2226 pa·
1529 2199 1533 2204 .

378 2249 506 2315 cificata
522 2249 762 2332 controversia,
788 2247 912 2333 placuit
927 2249 1022 2317 nobis
1039 2269 1197 2317 renovare
1212 2268 1326 2334 pacem
1347 2255 1379 2314 ct
1394 2249 1506 2316 amici·

376 2358 455 2423 tiann
468 2377 540 2423 cum
556 2355 780 2438 Arbcnsibus,
806 2356 862 2440 ita,
880 2362 915 2422 ut
930 2356 995 2442 ipsi
1011 2357 1127 2441 securi,
1154 2363 1186 2421 ct
1202 2357 1311 2422 omnia
1326 2375 1439 2424 corum
1457 2377 1505 2424 sc-

377 2485 466 2547 cura,
483 2471 555 2531 tota
569 2465 603 2530 in
618 2465 769 2551 partibus
784 2471 917 2534 nostras
933 2465 1164 2533 dominationis
1181 2465 1255 2548 sint,
1273 2483 1312 2529 ac
1327 2486 1386 2550 pro
1403 2485 1505 2550 posco

375 2581 487 2640 nostro
505 2608 548 2621 -
565 2609 607 2620 -
624 2610 666 2620 -
683 2573 850 2660 possessio
865 2581 990 2662 nostra,
1007 2593 1092 2659 quac
1108 2579 1238 2660 apartc
1254 2573 1439 2657 mariscot,
1463 2574 1506 2640 sit

376 2681 555 2749 communis
571 2687 639 2747 tam
656 2682 750 2749 vobis
760 2733 769 2766 ,
795 2702 893 2765 quam
908 2683 1014 2766 nobis,
1039 2680 1198 2768 pascendi
1208 2731 1217 2765 ,
1234 2680 1426 2764 laborandi,
1451 2702 1505 2748 vc·

375 2789 486 2873 nandi,
503 2795 536 2856 ct
551 2791 710 2876 quidquid
726 2791 860 2877 placuit,
877 2791 1037 2878 faciendi,
1055 2799 1087 2858 ct
1103 2811 1121 2856 c
1137 2796 1250 2859 contra
1265 2809 1325 2857 nos
1341 2795 1373 2855 ct
1387 2797 1504 2858 nostra

376 2897 487 2964 omnia
511 2898 576 2964 sint
601 2919 716 2966 secura
740 2899 774 2964 in
801 2895 1021 2968 dominatione
1046 2904 1165 2966 vostra.
1198 2899 1337 2982 Insopor
1361 2897 1505 2963 ccclesia

375 3006 486 3072 Sancti
503 3005 643 3092 Nicolai,
662 3027 758 3092 quam
776 3007 1030 3091 aedificavimus,
1047 3007 1207 3089 volumus,
1233 3003 1319 3088 quod
1334 3004 1504 3072 Arbcnses

375 3113 441 3180 sint
455 3114 666 3181 haereditarii
684 3134 724 3182 cx
736 3135 785 3199 ca,
804 3115 888 3180 sicut
903 3123 936 3180 et
951 3133 1011 3181 nos
1022 3138 1038 3200 ;·
1048 3115 1166 3198 omnia,
1184 3133 1268 3198 quae
1281 3113 1325 3178 ad
1341 3133 1415 3178 cam
1431 3131 1504 3197 per·

273 3249 275 3252 ·
374 3224 488 3306 tinent,
505 3223 688 3289 communia
704 3223 769 3288 sint
784 3229 851 3288 tam
861 3222 1068 3306 Arbansium,
1088 3243 1185 3306 quam
1198 3227 1390 3288 nostrornm.
1406 3221 1505 3287 Unda

374 3351 434 3398 nos
454 3331 606 3415 jubemus
632 3332 717 3396 hanc
743 3330 902 3396 cartulam
928 3330 999 3396 fieri
1015 3337 1192 3417 perpetuae
1217 3329 1394 3396 memoriae
1418 3349 1504 3396 conn-

374 3436 611 3521 mcndandann3
629 3445 664 3503 ut
680 3459 701 3504 a
717 3439 812 3505 modo
823 3439 856 3504 in
873 3443 980 3522 antca,
998 3444 1030 3504 at
1042 3439 1075 3502 in
1085 3443 1275 3524 perpetuum
1285 3436 1346 3503 hoo
1363 3437 1503 3521 firmum,

373 3549 407 3610 ct
420 3541 538 3608 stabile
553 3551 752 3628 permaneat.
1056 3554 1059 3562 ⁴

482 3649 553 3733 Ego
568 3651 752 3736 Stephanus
769 3645 939 3735 tirbensis,
965 3659 998 3719 et
1012 3653 1181 3718 Ecclesiae
1197 3653 1363 3720 Diaconus
1381 3671 1421 3716 ac
1438 3654 1504 3719 No-

373 3755 475 3823 tarius
481 3756 577 3840 jussu
587 3777 697 3825 corum
708 3759 834 3845 scripsi,
848 3767 881 3827 ct
891 3761 1043 3828 roboravi
1054 3761 1109 3827 VI.
1121 3760 1281 3828 kalendas
1293 3759 1502 3826 Novembris.

618 3957 743 4026 (sarlati,
756 3961 896 4028 Illyricum
910 3962 1021 4014 Sacrum
1035 3963 1068 4014 V.
1083 3963 1137 4013 kot.
1152 3963 1213 4012 238.
1227 3961 1257 4027 1.)

800 4239 1064 4248 nunno———u--n--u
