3218 5192
868 335 1025 440 ..nnc-

386 539 486 618 tuam,
504 539 537 600 et
551 531 612 601 tibi
625 539 762 620 paterno
778 533 912 620 pietatis
928 534 1047 602 affectu
1063 534 1270 620 consulimus,
1288 555 1331 601 ne
1346 533 1516 601 Ecclesiae

387 641 449 708 Dei
463 641 516 708 vel
542 643 783 710 ecclesiasticas
807 659 985 728 personas,
1011 661 1075 728 quo
1092 641 1217 728 miuus,
1244 629 1328 710 sicut
1352 643 1517 709 asanctis

386 749 537 836 patribus
561 749 705 820 noscitur
732 751 924 835 institutum,
952 751 1084 817 valeant
1112 751 1274 836 ordinari,
1306 751 1519 836 aliquatenus

387 857 557 941 inquietes.
583 859 737 944 Alioquin
754 877 855 942 grave
872 859 980 926 anime
1004 865 1059 925 tuc
1075 859 1255 945 periculum
1271 858 1304 925 in
1326 859 1448 926 Divino
1466 879 1521 944 po-

385 965 466 1032 teris
491 965 641 1033 examine
665 963 862 1049 formidare,
890 965 920 1030 si
935 965 1082 1033 Ecclesia
1106 965 1231 1052 ipsius,
1258 965 1334 1032 dnm
1358 963 1463 1031 fueris
1485 965 1520 1030 in

388 1093 487 1140 carne
501 1073 642 1159 mortali,
668 1071 800 1140 filialem
816 1073 1042 1141 obedienciam
1058 1093 1098 1140 ac
1114 1073 1336 1141 reverenciam
1354 1073 1442 1142 sicut
1457 1072 1521 1158 spi-

387 1181 500 1251 rituali
516 1181 612 1247 matn'
628 1179 814 1265 neglexeris
831 1180 994 1247 exhibere.
1015 1181 1137 1248 Datum
1153 1181 1289 1250 Viterbii
1303 1181 1410 1248 Nonis
1426 1177 1520 1248 Juli'n

389 1376 527 1444 (Theiner,
540 1378 640 1430 Vetera
653 1379 829 1432 Mounurenta
838 1379 979 1433 slavorum
988 1379 1208 1432 Meridionaliuuu
1218 1381 1369 1433 Historiam
1381 1379 1521 1430 illustren-

794 1472 842 1534 tia‚
855 1469 941 1521 Bonna
959 1471 1036 1522 issu.
1053 1473 1074 1520 l.
1088 1465 1142 1537 l.)2
1464 1479 1472 1490 ·

822 1751 1087 1768 ᾖ

926 2223 982 2292 93.

388 2405 453 2474 ΙΙΙ.
467 2405 595 2473 scindor
605 2408 696 2494 pdpu
715 2403 874 2471 Theodcld
897 2403 1067 2471 aldialront
1084 2402 1222 2492 apostoli
1246 2403 1396 2472 kdcetn'ek
1421 2403 1516 2468 10th

726 2509 942 2578 Dolmdtt'dba.
965 2515 1062 2578 1181.
1078 2512 1178 2578 terat

498 2705 683 2774 Alexander
697 2707 879 2793 Episcopus
905 2727 1020 2774 servus
1036 2727 1203 2775 servorum
1220 2709 1302 2793 Dei,
1329 2709 1520 2776 venerabili·

390 2814 450 2879 bus
466 2811 621 2880 iratribus
637 2815 913 2902 Archicpiscopis,
934 2816 1119 2901 Episcopis,
1146 2823 1177 2881 et
1193 2816 1321 2882 dilectis
1336 2816 1413 2882 tiliis
1429 2817 1519 2885 nobi·

390 2921 475 2987 libus
492 2921 572 2988 viris
582 2973 591 3006 ,
609 2921 810 3008 comitibus,
828 2923 1030 3010 Beronibus,
1057 2924 1209 2991 universo
1227 2923 1321 2991 Glero
1347 2929 1380 2991 et
1395 2926 1519 3012 populo

389 3047 448 3116 per
465 3029 664 3096 Dalmatiam
681 3035 712 3096 et
736 3037 839 3098 totam
859 3031 1068 3100 Sclavoniam
1094 3031 1294 3116 constitutis,
1322 3032 1463 3099 salutern
1489 3037 1520 3098 et

390 3137 613 3222 Apostolicam
637 3137 906 3205 benedictionem.
932 3137 1020 3207 Ordo
1039 3140 1184 3228 postulat
1210 3137 1367 3222 rationis,
1394 3143 1427 3204 et
1442 3157 1520 3204 cura

390 3247 556 3334 injunctae
579 3246 675 3314 uobis
701 3247 992 3324 administrationis
1022 3247 1188 3334 exposcit,
1215 3247 1320 3330 utqui
1346 3266 1459 3313 sumus
1486 3247 1520 3311 in

390 3377 540 3445 supremo
565 3355 714 3422 examine
729 3356 889 3424 rationem
910 3358 951 3424 de
972 3357 1121 3425 omnibus
1147 3356 1315 3442 reddituri,
1341 3356 1381 3422 de
1407 3355 1517 3422 salute

392 3465 535 3531 omniurn
551 3465 748 3548 cogitemus,
770 3469 802 3530 et
817 3464 1006 3531 studeamus
1022 3485 1080 3551 per
1096 3483 1155 3532 nos
1171 3469 1203 3531 et
1218 3464 1322 3548 alios,
1349 3485 1434 3549 quae
1450 3483 1521 3550 pcr-

391 3573 495 3637 tinent
510 3571 553 3637 ad
569 3571 748 3655 proiectum
762 3571 905 3637 fidelium
924 3591 1108 3657 procurare.
1128 3573 1208 3639 Ounn
1225 3577 1334 3638 autern
1349 3571 1448 3657 longe
1465 3593 1520 3658 po-

392 3679 464 3745 sitis
480 3697 613 3765 pernes
636 3679 727 3763 ipsos
743 3687 915 3766 paternam
930 3679 1119 3768 impendere
1137 3679 1342 3765 diligentiam
1357 3701 1423 3747 non
1445 3701 1520 3766 pos·

393 3787 504 3871 aimus,
532 3785 666 3871 dignum
689 3791 757 3871 est,
783 3793 818 3852 ut
842 3787 930 3854 vices
946 3786 1154 3873 Apostolicas
1179 3787 1520 3871 illis-committamus,

394 3892 450 3978 qui
474 3891 651 3978 specialius
674 3893 770 3960 nobis
798 3893 960 3980 conjuncti
985 3901 1077 3980 sunt,
1104 3899 1136 3961 et
1152 3915 1287 3980 quorum
1313 3893 1521 3980 prudentiam

393 4019 504 4068 sumus
529 4005 561 4067 et
577 3999 673 4068 fidem
692 4002 827 4087 experti.
853 4001 934 4068 Inde
949 4001 1060 4087 utique
1076 4003 1111 4069 fit
1120 4054 1129 4088 ,
1155 4000 1243 4086 quod
1259 3999 1376 4068 dilecto
1397 4001 1464 4070 lilio
1481 4003 1520 4068 Τ.

391 4107 598 4177 Subdiacono
614 4115 735 4193 nostro,
753 4109 823 4176 viro
840 4108 993 4196 litterato,
1010 4112 1155 4196 honesto,
1182 4111 1341 4194 nobisque
1357 4129 1436 4178 caro
1453 4108 1521 4196 plu·

393 4217 509 4284 nimum
535 4223 567 4284 et
592 4223 745 4304 accepto,
771 4217 806 4282 in
831 4217 1008 4304 provinciis
1034 4217 1151 4286 vestris
1180 4217 1321 4286 officium
1345 4216 1522 4300 legationis

395 4323 652 4409 commissimus,
679 4329 715 4390 ut
729 4324 800 4391 vice
816 4331 928 4393 nostra
945 4325 1065 4392 evellat
1080 4331 1113 4390 et
1133 4325 1279 4391 destruat
1288 4375 1298 4409 ,
1324 4342 1387 4408 que
1405 4323 1522 4390 fuerint

395 4431 601 4517 destruenda,
613 4431 762 4498 aedificet
772 4451 811 4497 ac
821 4433 958 4519 plantet,
969 4453 1053 4517 quae
1063 4432 1203 4500 Domino
1213 4431 1331 4498 viderit
1340 4431 1522 4498 instruente

394 4539 585 4626 plantanda.
602 4538 743 4622 Ideoque
762 4539 967 4606 universitati
986 4545 1114 4606 vennae
1129 4537 1523 4625 pernlpostolicascripta

396 4646 610 4734 mandamus,
629 4653 726 4731 atquc
741 4648 970 4736 praecipimus,
997 4653 1156 4734 qnatenus
1172 4665 1245 4714 eum
1261 4645 1346 4714 sicut
1360 4643 1523 4731 Legatum
