3200 5182
893 323 1048 428 „Li-9}-

398 521 449 589 eio
465 523 585 592 nostris
601 531 846 608 nostrorumque
871 542 1097 590 successorum
1113 521 1312 608 temporibus
1336 522 1430 588 salua
1445 541 1521 588 scm·

397 637 504 717 peret
530 631 724 700 inconeussa
747 638 956 718 permaneat,
983 638 1165 717 presentem
1191 631 1412 697 concessimus
1437 629 1520 714 pagi·

396 756 484 820 uam,
513 736 653 826 duplicis
678 737 779 822 sigilli
805 737 908 806 nostri
933 738 1110 806 munimine
1134 738 1375 826 inperpetuum
1397 738 1521 804 robora·

396 851 480 928 tam,
506 843 617 910 datam
641 841 727 931 (lgy)
752 845 847 912 annis
871 845 914 912 ab
938 846 1170 913 Incsmacione
1193 845 1323 912 Domini
1349 845 1521 912 millesimo

397 951 459 1018 CC.
473 951 514 1017 X.
533 953 632 1036 vm,
658 953 762 1038 Regni
779 951 882 1018 nostri
898 973 984 1021 auno
1000 953 1069 1018 XV.

629 1146 864 1214 (necessarior,
877 1151 1069 1217 MagyarSion
1083 1151 1104 1202 1.
1119 1153 1174 1202 kur.
1188 1153 1248 1206 206.
1262 1154 1291 1218 l.)

810 1439 1076 1454 Μ,

917 1871 993 1939 24⁸2.

388 2045 452 2111 III.
468 2049 629 2116 Horrorinr
637 2055 732 2138 pcipu
742 2051 873 2118 Ber-told
887 2051 1030 2118 tatami
1045 2051 1192 2118 trsolcnct
1203 2073 1241 2114 ae
1251 2049 1513 2138 upnilejaipctn'-

542 2157 706 2223 urchutnri
719 2159 824 2224 rethre
838 2159 971 2225 uruca
988 2157 1240 2246 helydenhoppjo.
1262 2159 1361 2222 1218.

493 2351 654 2418 Honorius
670 2351 852 2436 Episcopus
877 2371 991 2418 seruus
1007 2369 1173 2420 seruorum
1192 2353 1253 2418 Dei
1280 2352 1412 2420 dilectis
1440 2353 1510 2419 filiis

384 2456 533 2542 Capitulo
550 2459 766 2544 Aquilegeusi
792 2461 931 2525 salutem
955 2467 987 2525 et
1003 2460 1225 2544 Apostolicam
1241 2459 1509 2528 benedictionem.

382 2563 462 2630 Cum
478 2585 581 2652 nuper
596 2566 809 2650 aquilegensi
825 2568 975 2634 Ecclesia
991 2576 1127 2635 vacante
1143 2575 1294 2653 pastore,
1319 2567 1456 2650 quidam
1472 2589 1509 2632 ex

383 2673 475 2738 vobis
501 2675 534 2740 iu
549 2673 769 2741 venerabilem
794 2673 927 2740 fratrem
943 2681 1086 2740 nostrum
1104 2723 1151 2740 ...
1170 2673 1379 2741 Coloceusem
1400 2676 1508 2742 Archi·

382 2781 569 2868 episcopum
596 2781 828 2866 postulandum
845 2803 865 2846 a
880 2780 975 2848 nobis
992 2783 1186 2849 contulerint
1200 2787 1278 2846 vota
1293 2801 1374 2864 sua,
1403 2782 1507 2849 etalii

381 2885 535 2952 erioum
561 2885 760 2954 Canopicum
790 2895 934 2954 vestrum
965 2885 1116 2953 duxerint
1141 2887 1344 2971 eligendum3
1380 2889 1507 2972 utrique

380 3013 477 3081 super
491 2995 554 3062 hiis
572 3004 798 3084 procuratores
815 2995 950 3060 idoneos
966 2993 1009 3059 ad
1025 3001 1170 3060 nostram
1191 2993 1391 3080 presentiam
1407 3002 1506 3062 traus-

378 3102 536 3169 miserunt
546 3155 555 3188 ,
579 3104 695 3188 quibus
712 3103 888 3188 benignam
913 3101 1132 3170 concessimus
1149 3101 1358 3186 audientiam,
1386 3111 1421 3169 et
1437 3105 1506 3170 dili·

377 3219 492 3295 genter
517 3212 719 3293 audirimus,
751 3232 814 3296 qne
839 3217 1032 3278 curaverunt
1056 3231 1237 3297 proponere
1262 3231 1372 3280 coram
1399 3213 1504 3281 nobis.

377 3317 464 3396 Quia
480 3339 557 3386 vero
574 3339 615 3386 ex
626 3321 700 3386 hinc
725 3319 801 3386 iude
816 3315 994 3405 propositis
1009 3317 1139 3402 plenius
1155 3317 1327 3386 intellectis
1348 3321 1503 3403 constitit,

375 3433 443 3492 tam
458 3427 719 3512 postulationem,
737 3448 834 3511 quam
851 3427 1042 3493 electionem
1061 3426 1225 3512 predictas
1236 3435 1349 3494 contra
1364 3429 1504 3496 formam

376 3531 511 3599 Concilii
530 3531 701 3601 Generalis
725 3535 826 3602 luisse
848 3540 1074 3622 presumptas,
1100 3533 1142 3600 de
1157 3536 1293 3601 fratrum
1319 3543 1503 3605 nostrorum

374 3635 510 3704 consilio
526 3637 716 3706 electionem
734 3639 868 3706 eandem
886 3640 1099 3724 cassavimus,
1115 3649 1147 3707 et
1164 3642 1422 3727 postulationem
1438 3665 1503 3712 nou

373 3741 563 3812 admisimus
589 3744 709 3812 factum
726 3745 767 3813 de
787 3745 1041 3832 Archiepiscopo
1066 3745 1273 3834 supradicto,
1303 3749 1502 3820 reservando

373 3849 466 3921 nobis
482 3857 679 3940 potestatem
697 3853 841 3922 Ecclesie
857 3859 965 3922 vestre
980 3852 1158 3922 secundnm
1184 3854 1278 3923 officii
1295 3858 1399 3923 nostri
1416 3858 1502 3924 debi-

371 3971 440 4031 tum
456 3961 659 4048 providendi.
685 3961 773 4031 Sane
797 3963 910 4032 habite
926 3962 1133 4051 postmodum
1158 3983 1256 4049 super
1279 3965 1428 4033 eiusdem
1443 3969 1500 4034 Ec·

371 4073 471 4139 olesie
486 4070 674 4158 provisione
701 4072 946 4141 cumfratribus
963 4072 1082 4140 nostris
1099 4071 1247 4157 diligenti
1269 4079 1422 4160 tractatu,
1448 4095 1501 4141 no

370 4181 481 4264 lentes,
507 4185 542 4246 ut
557 4181 652 4266 gregi
668 4180 828 4250 dominico
845 4183 975 4248 deesset
990 4181 1111 4248 diutius
1122 4200 1199 4247 cura
1215 4181 1368 4268 pastoris,
1385 4189 1420 4248 et
1435 4203 1499 4250 cre·

370 4289 483 4358 dentes
497 4289 637 4374 firmiter,
654 4289 815 4376 prelatum
831 4287 1012 4356 Ecclesiam
1029 4290 1090 4358 sub
1102 4287 1240 4376 predicti
1250 4287 1498 4377 Archiepiscopi

368 4397 526 4484 regimine
536 4397 655 4466 debere
669 4399 835 4487 prolicere,
853 4417 891 4464 uc
908 4419 929 4466 a
946 4399 1161 4483 malignorum
1171 4395 1298 4466 iniuriis
1318 4399 1497 4467 consistere

367 4523 463 4592 posse
488 4527 647 4593 securam,
674 4507 780 4597 ipsum
797 4507 904 4574 eidem
926 4507 1072 4576 Ecclesie
1096 4505 1328 4595 prefieioudum
1353 4507 1493 4596 providi-

368 4634 448 4703 mus,
466 4623 499 4684 st
515 4615 557 4682 ud
573 4617 646 4686 eius
671 4635 782 4687 euram
798 4623 830 4687 et
845 4617 1098 4690 sollicitudinem
1113 4615 1385 4687 transferendum.
1411 4615 1494 4682 Hinc-
