3218 5192
900 307 963 371 152

365 505 454 571 dium
471 510 575 572 mater
600 501 670 570 eius
700 507 776 588 post
792 500 915 570 obitum
941 521 1034 570 suum
1051 501 1206 570 donasset
1225 501 1371 570 Ecclesie
1385 504 1507 572 Sancti

364 611 500 696 Ippoliti
518 611 558 677 dc
575 611 694 695 Zobor,
711 609 801 676 cuius
819 608 949 695 quidem
966 617 1034 678 tere
1050 615 1135 676 mete
1151 611 1211 676 stb.

364 770 475 840 (Tamtu
490 769 701 842 orsztgbirdnalt
722 775 833 826 rata-ki
846 771 993 826 ittletcbtl.
1017 775 1049 826 V.
1063 780 1086 825 d.
1101 771 1181 840 Fejbr
1201 771 1265 826 Ood.
1279 774 1353 841 Dipl.
1372 776 1429 830 lx.
1444 774 1506 826 kur.

839 865 1018 933 amam

804 1119 1060 1131 ——u——nfln-

906 1565 962 1632 99.

370 1749 432 1812 III.
452 1747 559 1813 Orbata
569 1749 662 1832 pcipe
677 1743 801 1832 bulldjc
816 1767 838 1808 c
853 1744 969 1810 lesiaar'
978 1745 1167 1832 pttapb'lcsdp,
1188 1745 1368 1834 auffrapcai
1391 1746 1505 1812 dlldco

781 1852 966 1938 tcirppdbarc
984 1853 1080 1917 1185.

479 2016 631 2081 Urbanus
658 2015 841 2099 Episcopus
868 2033 982 2079 servus
1008 2033 1172 2080 servorum
1189 2015 1249 2079 Dei
1269 2013 1398 2080 dilectis
1425 2012 1506 2078 liliis

371 2127 475 2206 clero,
503 2121 604 2189 nobili
620 2123 688 2188 viro
706 2123 748 2186 M.
766 2119 884 2187 Comiti
911 2129 943 2187 et
962 2122 1083 2205 populo
1099 2121 1287 2207 Spalatensi
1309 2121 1506 2187 salutemet

370 2231 594 2318 Apostolicam
618 2228 888 2296 benedictionem.
915 2227 995 2293 Cum
1020 2230 1185 2295 venissent
1210 2229 1253 2294 ad
1277 2230 1505 2315 praesentiam

371 2340 477 2406 felicis
496 2337 668 2403 memoriae
685 2335 777 2400 Lucii
793 2335 905 2419 Papae
920 2333 1183 2420 praedecessoris
1195 2336 1297 2402 nostri
1314 2335 1427 2400 dilecti
1444 2333 1506 2399 filii

372 2446 409 2510 B.
427 2445 610 2510 Canonicus
628 2443 794 2508 Ecclesiae
810 2449 948 2525 vestrae,
966 2448 997 2506 et
1008 2441 1130 2526 judex;
1156 2443 1343 2528 supervenit
1359 2449 1505 2528 postmo-

374 2554 448 2618 dum
466 2551 661 2618 venerabilis
678 2551 779 2616 frater
794 2555 905 2616 noster
921 2549 957 2614 P.
974 2549 1249 2636 Archiepisoopus
1265 2558 1383 2635 vester,
1412 2557 1446 2616 ct
1464 2549 1504 2615 si-

373 2768 528 2834 videmini
544 2769 712 2833 sustinere.
730 2767 849 2832 Verum
866 2765 942 2830 licet
958 2769 1086 2830 vestrae
1102 2767 1201 2832 vellet
1217 2765 1426 2832 indemnitati
1444 2767 1503 2830 Ec-

375 2875 496 2940 clesiae
513 2875 705 2960 providere,
735 2883 767 2940 et
782 2895 842 2942 vos
858 2872 941 2940 sicut
958 2871 1093 2940 dilectos
1109 2874 1277 2941 Ecclesiae
1296 2874 1382 2940 lilios
1400 2874 1434 2940 in
1451 2893 1503 2940 vc·

374 2986 451 3049 stris
468 2983 680 3069 petitionibus
697 2982 870 3064 exaudire,
897 2989 929 3048 et
945 2983 1135 3048 nunciorum
1151 2991 1329 3052 vestrorum
1357 2982 1505 3068 acquies-

375 3111 447 3156 cere
472 3091 650 3174 uoluntati3
679 3090 756 3174 quia
782 3097 891 3156 tamen
908 3090 1099 3156 Jadercnsis
1123 3091 1272 3158 Ecclesia
1299 3099 1416 3175 vacat,
1443 3111 1505 3156 nec

301 3193 307 3200 '
376 3201 608 3285 Episcopatum
635 3199 725 3265 illum
751 3197 920 3264 Ecclesiae
945 3203 1073 3263 vestrae
1099 3199 1291 3266 confirmare
1316 3199 1441 3286 potuit,
1470 3204 1505 3264 ut

376 3307 549 3392 petebant,
576 3325 636 3371 nec
652 3313 830 3388 antequam
855 3306 930 3391 ipsa
945 3305 1095 3372 Ecclesia
1111 3307 1285 3390 ordinetur,
1311 3306 1352 3372 de
1371 3307 1504 3391 negotio

377 3414 517 3480 liniendo
533 3420 677 3480 tractare
693 3414 827 3498 volens,
855 3414 963 3501 ipsum
978 3416 1012 3482 in
1029 3435 1078 3500 eo,
1095 3415 1128 3482 in
1144 3435 1207 3499 quo
1223 3435 1308 3482 nunc
1323 3421 1394 3500 cst,
1416 3420 1505 3482 statu

378 3523 447 3588 sine
471 3523 678 3588 contentione
704 3542 835 3588 manere
860 3525 1017 3608 permisit.
1034 3527 1072 3590 In
1087 3560 1368 3572 -----
1384 3523 1504 3590 discre-

377 3630 456 3694 tioni
472 3637 603 3695 vestrae
619 3631 879 3714 pcrApostolica
892 3632 1016 3719 scripta
1031 3631 1235 3716 mandamus,
1253 3637 1414 3716 quatenus
1430 3651 1502 3698 cum

379 3736 494 3802 eadem
510 3738 530 3802 J
534 3737 682 3803 adertina
697 3739 848 3808 Ecclesia
863 3739 961 3805 suerit
976 3738 1137 3822 ordinata,
1166 3759 1239 3805 cum
1254 3739 1380 3805 nunciis
1399 3740 1504 3824 partis

379 3844 537 3910 adversae
554 3844 597 3910 ad
614 3853 759 3912 nostram
777 3847 998 3934 praesentiam
1014 3845 1189 3930 accedatis,
1209 3852 1351 3912 uestram
1369 3865 1429 3931 per
1443 3863 1502 3912 nos

374 3952 536 4037 justitiam
548 3951 728 4019 auxiliante
739 3955 810 4020 Deo
820 3955 991 4041 recepturi.
1002 3954 1116 4022 Parati
1127 3953 1214 4018 enim
1224 3972 1334 4020 sumus
1345 3957 1378 4018 ct
1387 3952 1422 4018 in
1432 3953 1502 4034 boc,

379 4060 458 4126 etin
474 4061 548 4126 aliis
565 4063 680 4129 honori
696 4069 728 4127 et
743 4063 876 4130 utilitati
887 4063 1054 4129 Ecclesiae
1067 4067 1208 4147 vestrae,
1226 4067 1380 4147 quantum
1394 4080 1503 4128 secun·

380 4168 455 4234 dum
462 4170 636 4235 Dominum
647 4169 819 4255 possimus,
832 4169 1013 4256 providere.
1024 4171 1184 4238 Nolumus
1195 4175 1313 4254 autem,
1325 4173 1360 4234 nt
1369 4169 1504 4256 rescrip-

379 4282 446 4342 tum
457 4278 591 4364 aliquod
603 4280 670 4364 juri
681 4285 787 4346 vestro
798 4279 1033 4364 praejudicium
1050 4280 1160 4365 saciat,
1178 4279 1503 4365 aSechpostclica,

380 4385 516 4453 veritate
527 4387 638 4472 tacita,
650 4388 868 4472 impetratum.
882 4389 1001 4454 Datum
1007 4389 1157 4456 Veronae
1166 4389 1293 4456 ILIdus
1303 4387 1503 4456 Decembris.

619 4533 743 4599 (Parieti,
756 4535 896 4601 Illyricum
910 4534 1021 4614 §aarum
1033 4535 1080 4587 IV.
1094 4536 1150 4588 lut.
1165 4535 1226 4587 alt.
1240 4534 1270 4602 l.)
