3164 5192
639 345 797 446 juo-

150 539 230 606 mite
247 545 279 605 et
303 539 417 608 eodem
434 540 609 608 Baehiensi
618 595 628 628 ‚
654 543 814 612 Nioholao
831 541 956 612 Gemite
971 545 1013 611 de
1028 547 1169 632 Suprnn,
1191 545 1284 611 Mika

149 645 280 714 Comite
297 648 337 714 de
353 649 480 716 Biebor.

149 839 293 913 (Erodetie
311 843 485 913 biirbdrtydn,
506 850 618 916 melyrb'l
632 866 649 901 a
668 849 756 918 kirdly
775 868 850 918 nagy
871 850 992 918 poesdtje
1009 848 1164 902 rdzsosziuil
1183 849 1284 918 selyem

147 937 276 1022 asinorum
291 936 377 1001 sligg;
391 952 408 986 a
420 937 538 1004 herezeg
555 939 703 1006 Batthydui
717 939 811 992 esaldd
823 939 1019 993 lerdltdrdban.
1038 934 1188 992 Kironatdt
1201 939 1218 988 l.
1232 940 1283 989 Fe-

471 1025 560 1092 jemu
574 1029 637 1080 coo.
651 1031 723 1096 orpr.
735 1027 771 1082 rr.
786 1031 842 1082 not.
857 1035 917 1082 aas.
932 1031 961 1096 r.)

593 1319 855 1331 —n———nc——u

688 1765 765 1836 125.

150 1948 220 2014 111.
237 1949 327 2014 laeua
335 1950 426 2032 pdpo
449 1947 572 2012 Valeria
587 1946 759 2012 dulmdlioi
774 1950 806 2012 ds
825 1947 960 2013 dioclioi
978 1946 1209 2036 sajedolemoek
1233 1950 1285 2016 ko·-

541 2057 632 2120 oeteit
647 2055 785 2142 ajdrrljo.
802 2058 900 2120 1198.

264 2249 470 2316 Innocentius
494 2249 677 2336 Episcopus
704 2269 818 2316 seruus
844 2269 1011 2319 seruorum
1027 2251 1090 2318 Dei
1109 2252 1284 2320 karissimo

152 2359 189 2426 in
214 2357 345 2424 Christo
371 2356 437 2423 filio
454 2357 613 2424 Wuleauo
639 2357 763 2423 Illustri
787 2359 871 2441 Regi
896 2359 1063 2426 Delmatie
1089 2366 1122 2426 et
1146 2359 1283 2444 Dioelie,

154 2467 297 2534 salutem
312 2471 344 2530 et
359 2463 584 2550 Apostolioam
600 2463 866 2532 benedictionem.
888 2465 933 2532 Ut
949 2466 1130 2532 evidentius
1146 2487 1285 2550 evange·

155 2575 222 2641 lieu
238 2573 388 2640 doctrina
404 2579 551 2657 pateret,
578 2573 658 2638 etin
676 2593 804 2639 omnem
820 2580 941 2640 terram
957 2574 1049 2640 iuxta
1065 2575 1197 2642 verbum
1213 2595 1284 2659 pro·

154 2681 322 2769 phetioum
347 2700 446 2747 sonus
464 2679 694 2766 Apostolorum
720 2682 843 2764 exiret,
870 2688 903 2748 et
925 2682 958 2747 in
982 2683 1062 2748 fines
1088 2684 1174 2749 orbis
1200 2691 1284 2748 terre

156 2789 261 2853 verba
286 2787 543 2854 diffunderentur
560 2787 725 2873 ipsorum,
755 2793 865 2854 noster
884 2789 1041 2856 Dominus
1066 2797 1099 2856 et
1115 2790 1284 2874 Magister,

155 2896 212 2980 qui
228 2893 357 2982 prebuit
371 2893 465 2962 nobis
483 2895 678 2980 exemplum,
696 2903 730 2961 ut
746 2915 921 2979 sequamur
936 2897 1079 2982 vestigia
1094 2897 1172 2980 eius,
1190 2897 1283 2962 disei-

155 3003 252 3088 pulor
269 3021 346 3067 suos
361 3021 421 3087 per
438 3001 607 3068 universas
634 3001 744 3068 mundi
759 3009 870 3086 partes
886 3003 930 3068 ad
946 3003 1177 3088 predioandnm
1204 3005 1280 3070 dire·

155 3112 217 3194 xit,
234 3109 344 3175 dioens
360 3110 409 3176 eis
425 3109 518 3176 iuxta
533 3111 758 3194 evangelicam
774 3111 963 3176 veritatem:
990 3111 1130 3194 ,Erotes
1147 3111 1181 3174 in
1197 3131 1282 3176 mun-

157 3218 235 3284 dum
252 3219 449 3302 universum,
467 3217 861 3304 prediaateldvangelium
877 3219 964 3285 omni
982 3217 1158 3283 oreature.“
1178 3219 1284 3295 Quam

157 3323 319 3408 siquidem
345 3325 557 3390 observantes
582 3322 844 3390 constitutionem
862 3322 1035 3409 providam
1058 3329 1091 3388 et
1119 3324 1285 3390 salubrem

156 3429 298 3500 Romani
313 3430 506 3515 Pontifices,
532 3429 654 3498 Viearii
670 3429 772 3497 Jhesu
789 3429 930 3514 Christi,
956 3431 1011 3514 qui
1027 3431 1061 3498 in
1075 3429 1171 3498 beato
1188 3432 1284 3497 Petro

157 3539 390 3626 Apostolorum
405 3537 557 3624 Principe
583 3538 715 3625 abipso
733 3538 872 3606 Domino
899 3544 1090 3624 receperunt
1115 3539 1285 3625 plenitudi-

157 3668 233 3714 nem
249 3645 442 3734 potestatis,
469 3654 501 3713 et
516 3645 681 3713 constituti
706 3653 782 3712 sunt
798 3666 896 3731 super
910 3654 1024 3732 gentes
1045 3655 1077 3714 et
1092 3647 1207 3732 Regna
1216 3697 1225 3731 ‚
1251 3653 1287 3713 ut

158 3756 252 3821 iuxta
268 3754 403 3820 verbum
427 3753 654 3842 propbetioum
670 3755 815 3822 evellant
830 3761 863 3819 et
884 3753 1063 3839 destruant,
1089 3755 1240 3822 editieent
1256 3761 1288 3821 et

158 3863 328 3948 plantent3
345 3861 423 3945 quia
438 3881 532 3928 suam
545 3881 609 3929 non
625 3869 764 3948 possunt
778 3862 897 3946 ubique
907 3861 1106 3947 presentiam
1122 3859 1286 3946 exhibere,

158 3993 218 4058 per
234 3971 330 4037 varia
344 3971 454 4037 mundi
471 3971 634 4038 elimatae
650 3991 709 4038 suo
726 3971 828 4036 latere
844 3971 972 4053 aliquos
984 3971 1129 4055 dirigunt
1144 3977 1176 4036 ot
1186 3979 1288 4036 trans-

160 4081 301 4163 mittunt,
327 4079 382 4162 qui
398 4076 511 4144 fideles
532 4079 565 4144 in
582 4079 645 4144 fide
660 4077 874 4160 consolident,
900 4079 1095 4160 corrigenda
1115 4077 1288 4160 corrigant,

161 4189 201 4254 de
214 4205 295 4270 agro
306 4185 439 4252 Domini
455 4185 572 4253 nooiva
588 4187 766 4270 destruant,
784 4191 816 4249 et
833 4185 927 4250 utilia
937 4185 1088 4270 plantare
1104 4189 1288 4269 procurent.

160 4296 384 4379 intelligentes
410 4293 510 4375 igitur
527 4313 586 4378 per
613 4294 740 4360 litteras
764 4299 837 4358 tuas
859 4301 971 4359 nostro
987 4292 1195 4376 Apostolatui
1220 4309 1290 4375 pre-

160 4410 309 4470 sentatus
336 4409 390 4468 tue
418 4401 600 4469 dovotionis
625 4401 799 4484 ardorem,
826 4400 912 4484 quod
937 4399 1090 4464 videlieet
1110 4401 1290 4464 Romanam

159 4511 344 4580 Euolesiam
361 4517 497 4577 matrem
525 4517 614 4578 tuam
632 4509 858 4596 superomnia
883 4514 959 4594 post
974 4510 1079 4574 Deum
1105 4505 1243 4591 diligere
1259 4511 1291 4574 et

159 4621 324 4690 honorare
341 4619 497 4710 proponis
507 4671 516 4708 ,
545 4626 577 4688 et
592 4618 755 4686 mandatis
771 4617 891 4686 uostris
916 4615 1108 4684 omnimodis
1133 4613 1290 4702 inherere,

1072 4732 1129 4790 13*
