3200 5182
656 923 732 990 279.

126 1095 246 1162 Miklo'u
261 1097 365 1162 recidor
388 1099 489 1165 itotete
506 1125 527 1165 a
538 1104 771 1187 puunoodulmi
794 1113 931 1194 apcttea'9
946 1109 1085 1197 szolqrild
1107 1115 1253 1198 ne'Jreiuek

462 1211 694 1280 eartozooairol.
716 1215 804 1277 1226
819 1214 922 1283 toret.

231 1402 387 1470 Nicotaus
404 1405 465 1471 Dei
483 1408 597 1490 gnomo
614 1405 784 1474 Palatinus
803 1415 835 1474 et
851 1409 968 1478 Comes
984 1414 1025 1478 de
1041 1413 1169 1501 Sopron
1185 1417 1251 1482 vni-

123 1511 229 1577 uersis
256 1530 391 1596 presens
418 1513 573 1598 seriptum
597 1514 790 1601 inspeoturis
806 1517 944 1584 salntem
960 1526 993 1584 et
1008 1539 1104 1587 omne
1121 1523 1253 1590 bonum.

122 1616 176 1682 Ad
193 1618 348 1684 noticiam
365 1621 506 1686 omnium
523 1629 590 1688 tom
606 1622 810 1708 presencium
830 1644 928 1708 quam
944 1633 1145 1710 posterorum
1166 1630 1252 1696 volu-

122 1743 196 1789 mus
222 1725 403 1812 peruenire,
430 1728 517 1812 quod
543 1748 615 1794 oum
641 1729 753 1814 populi
774 1729 920 1797 Euolesie
945 1732 1038 1798 Beati
1053 1732 1183 1799 Martini
1210 1737 1250 1803 de

121 1832 294 1898 Pannonio
318 1832 472 1901 indebitis
500 1835 730 1904 exaeoionibus
756 1843 788 1902 et
807 1837 954 1922 seruieijs
979 1837 1020 1904 de
1044 1846 1191 1926 tempore
1216 1845 1249 1910 in

120 1945 249 2025 ternpus
266 1961 302 2006 se
317 1961 390 2008 esse
416 1951 617 2028 aggrauatos
643 1944 773 2011 domino
789 1945 869 2028 Regi
890 1945 1021 2012 Andree
1042 1947 1249 2015 lacrimabili-

120 2054 170 2114 ter
185 2048 325 2116 fuissent
342 2051 527 2136 conquesti3
554 2053 678 2138 placuit
694 2053 810 2136 eidem,
837 2059 871 2118 vt
888 2073 1021 2121 oausam
1046 2055 1248 2138 querimonie

117 2158 250 2223 illorum
260 2159 355 2225 nobis
370 2159 549 2225 committat
563 2160 759 2225 audiendum
775 2166 808 2227 et
824 2160 939 2227 ordine
950 2161 1091 2246 juridico
1111 2164 1247 2231 finitimo

120 2266 411 2333 determinandam.
430 2266 621 2334 Constitutis
638 2267 792 2351 itaqueiu
810 2273 923 2336 nostru
942 2270 1246 2354 presenoiovniuor-

118 2375 165 2442 sis
183 2376 311 2461 populis
328 2376 394 2443 ium
418 2376 515 2442 dietis
530 2397 571 2444 ex
587 2397 652 2444 vna
668 2383 771 2463 perte,
793 2377 1030 2461 jobugionibus
1046 2385 1079 2445 et
1095 2379 1246 2465 Cupitulo

118 2490 299 2550 memorato
323 2504 364 2550 ex
380 2484 447 2550 ulia
462 2491 581 2570 parte,
606 2485 759 2568 antiquus
776 2484 866 2569 teges
892 2491 924 2551 et
940 2484 1051 2551 debito
1070 2485 1244 2553 eomndem

118 2591 314 2678 populorum
330 2613 351 2658 u
366 2591 579 2659 Sanctissimo
596 2595 685 2677 Rege
701 2589 867 2678 Stephano
883 2591 931 2658 eis
941 2591 1091 2658 institute
1111 2592 1244 2679 diligen-

119 2705 169 2766 ter
186 2705 219 2764 et
234 2699 373 2766 soltioite
395 2698 583 2784 aGapitulo
599 2705 632 2765 et
647 2699 882 2784 jobugionibus
907 2697 1081 2766 ordinatim
1105 2702 1244 2786 exquisi-

117 2809 235 2874 uimus.
267 2807 391 2886 Quibus
417 2809 588 2892 exquisitis
613 2815 646 2876 et
676 2829 735 2896 per
761 2807 873 2876 omnia
897 2810 1057 2875 vereoiter
1086 2811 1242 2894 expertis,

117 2917 311 2984 exeooiones
327 2917 495 3003 quasdam,
523 2925 555 2985 et
570 2938 634 3002 que
649 2918 780 3005 populis
800 2917 985 2984 vdnorniois
1008 2916 1172 3003 superflue
1188 2918 1242 2983 ad·

116 3023 189 3090 dite
213 3044 287 3092 esso
301 3025 506 3109 videbantur,
532 3025 608 3092 lioet
626 3045 668 3092 ex
683 3016 793 3092 multis
819 3023 1032 3109 temporibus,
1053 3024 1181 3090 Abbate
1196 3031 1241 3090 te-

116 3150 191 3198 men
206 3139 240 3198 et
255 3131 417 3218 Cupitum,
444 3152 504 3200 neo
519 3153 584 3201 non
595 3132 830 3218 jobagionibns
847 3131 991 3197 eiusdem
1006 3131 1154 3197 Euolesie
1168 3152 1241 3197 eon-

115 3240 582 3327 seneientibnsreseeauimus3
600 3261 664 3326 que
672 3260 750 3308 vero
756 3241 849 3325 justu
859 3248 891 3306 et
902 3240 1091 3306 authentica
1100 3237 1240 3322 fuerant,

114 3351 149 3416 in
175 3357 366 3437 perpetuum
390 3350 592 3416 reseruande
618 3348 891 3432 confirmanimus,
917 3357 950 3415 et
969 3367 1011 3414 es
1035 3345 1239 3433 presencium

113 3458 296 3525 litterarum
311 3459 432 3526 notulis
457 3459 603 3525 seriatim
620 3459 755 3524 Ieoimus
772 3456 933 3525 annotari.
963 3457 1033 3524 Heu
1049 3463 1125 3523 sunt
1139 3454 1240 3540 igitur

115 3565 241 3650 debita,
268 3565 384 3650 quibus
409 3566 474 3651 ipsi
499 3564 667 3633 uduomioi
692 3565 841 3632 Euolesie
866 3564 1030 3651 prelibato
1054 3565 1126 3632 sine
1151 3565 1239 3630 omni

112 3672 375 3741 oonnadiooiono
401 3673 523 3741 seruire
538 3677 697 3740 tenentur.
726 3673 869 3740 Primum
886 3671 1030 3739 debitum
1049 3691 1161 3739 eorum
1177 3679 1238 3756 est,

111 3804 132 3848 a
147 3787 293 3867 tempore
307 3802 466 3850 nouorum
492 3781 623 3865 frugum
641 3781 830 3867 persolvere
845 3779 879 3845 in
896 3799 954 3845 sex
970 3779 1147 3863 mensibus,
1163 3799 1238 3846 vno-

110 3909 240 3974 quoque
264 3889 417 3956 videlieet
441 3909 553 3957 mense
569 3890 611 3955 de
632 3889 701 3956 suis
726 3887 881 3974 proprijs,
907 3886 1029 3954 CXXX
1052 3885 1177 3952 atrones
1192 3885 1238 3951 iu

110 3998 180 4064 rine
195 3995 236 4063 de
248 3994 418 4080 frumento,
434 4003 467 4064 et
482 3996 700 4081 qnadraginta
710 3994 836 4062 aleones
852 3994 893 4060 de
909 3993 1053 4078 siligine,
1070 3999 1103 4058 et
1119 3989 1236 4056 chx

109 4105 236 4173 okones
252 4105 294 4172 de
310 4126 450 4172 annone
467 4107 549 4171 Item
565 4105 712 4171 debitum
727 4121 838 4171 eorum
854 4108 904 4167 est
920 4100 962 4166 ad
978 4099 1062 4167 alios
1078 4117 1136 4164 sex
1152 4116 1237 4163 men·

108 4237 173 4301 ses,
189 4222 320 4302 portare
345 4221 475 4300 segetes
491 4221 557 4282 tam
574 4213 729 4298 Symigij,
746 4231 844 4296 quam
865 4210 898 4274 in
914 4207 990 4291 alijs
1007 4206 1155 4291 partibus
1171 4205 1233 4270 exi-

108 4329 243 4409 stentes,
261 4331 388 4390 eentum
404 4323 557 4392 videlieet
574 4330 607 4389 et
623 4321 715 4388 LXX
733 4320 858 4386 atrones
883 4315 927 4381 ad
942 4311 1162 4380 molendinum
1178 4312 1235 4376 Eo·

111 4431 222 4517 olesio,
241 4439 273 4499 et
289 4454 329 4499 eo
344 4433 390 4498 ibi
406 4434 539 4518 molere,
557 4439 590 4498 et
605 4435 775 4518 reportare
785 4425 827 4492 od
844 4423 981 4490 olioium.
998 4423 1079 4487 Item
1090 4420 1234 4486 debitum

109 4561 221 4610 eorum
237 4547 296 4625 est,
323 4539 432 4606 seuere
456 4559 657 4607 communem
683 4536 823 4602 ferinum
839 4550 942 4614 usque
961 4529 1004 4596 ad
1019 4529 1084 4594 XX
1109 4527 1234 4596 ukonos

107 4673 167 4737 pro
187 4649 450 4740 pestueuiusque
466 4649 598 4732 mensis,
617 4649 657 4714 de
670 4644 837 4732 segetibus
854 4649 962 4710 temen
976 4637 1133 4708 Eoolesie.
1150 4637 1231 4706 Item
