3202 5190
553 940 556 944 -
650 893 727 958 ⁶203.

118 1073 183 1138 ΙΙΙ.
201 1075 294 1138 Iaces
303 1076 396 1158 popo
420 1069 543 1158 bulldjc
559 1095 581 1136 a
597 1071 691 1137 uoltis
707 1070 868 1136 Flaviana
884 1075 986 1136 cetarii
1010 1073 1141 1138 uidebor
1165 1081 1248 1137 ezec

116 1181 231 1267 Eyped
246 1175 429 1245 testatorem
438 1179 589 1266 sennodio
603 1179 839 1245 bemdekrendr'i
858 1183 995 1266 apcitedq
1011 1181 1042 1244 ἐι
1049 1181 1247 1267 fiobopdtsd·

117 1288 241 1373 painak
268 1287 353 1372 (sealt
368 1287 438 1352 ledet
453 1311 474 1351 u
496 1310 630 1374 uraqyor
653 1285 886 1374 somoqyoidilci
909 1288 1076 1374 rz.·eqycdi
1100 1293 1247 1375 aperteq-

263 1393 343 1480 ank)
360 1399 518 1484 raumara,
536 1397 715 1481 nepotatur·
724 1395 991 1482 prioiieqiumoit.
1011 1397 1106 1460 1208.

227 1592 437 1660 Innocentius
447 1593 632 1678 Episcopus
648 1598 709 1658 ete.
727 1591 845 1657 diiecto
862 1589 894 1656 in
906 1589 1035 1659 Christo
1051 1591 1119 1658 filio
1129 1593 1245 1660 Pontio

116 1697 239 1766 Abbati
256 1697 447 1765 monasterii
462 1699 574 1766 Sancti
589 1697 722 1783 Aegidii
739 1698 874 1781 eJnsque
894 1699 1137 1766 successoribus
1155 1719 1246 1785 regu·

116 1807 229 1874 iariter
244 1805 480 1873 substituendis
497 1806 529 1872 in
548 1815 748 1892 perpetuum.
770 1805 927 1884 Quamvis
943 1805 1165 1874 Ecclesiarum
1180 1827 1246 1876 om-

117 1915 207 1982 nium
223 1933 302 1980 cura
318 1913 413 1981 nobis
429 1920 460 1980 et
486 1913 672 1982 sollicitudo
688 1913 874 1997 immincat,
896 1913 961 1980 iiiis
977 1919 1086 1980 tamen
1103 1915 1184 1982 locis
1200 1921 1245 1981 at-

115 2043 177 2107 que
195 2022 357 2108 personis,
374 2040 459 2105 quac
474 2023 576 2090 Beato
587 2024 682 2090 Petro
699 2028 731 2088 et
741 2021 883 2090 Sanctae
892 2023 1059 2089 Itomanae
1074 2022 1245 2102 Ecclesiae

115 2130 291 2217 speoisiins
315 2129 492 2196 adhaerere
508 2130 588 2196 etin
608 2131 679 2214 ejus
703 2130 859 2198 fidelitate
876 2137 974 2214 atque
990 2128 1176 2198 obedientia
1192 2129 1244 2198 de·-

114 2238 221 2306 rotius
236 2256 429 2323 permanere
443 2245 629 2322 noscuntur,
647 2238 814 2306 attentiori
824 2257 902 2304 cura
913 2237 1085 2325 providere
1101 2258 1160 2306 nos
1170 2258 1243 2306 con·

114 2345 213 2412 venit
230 2345 275 2412 Ut
290 2351 398 2412 autem
414 2365 474 2431 pro
486 2346 579 2412 Beati
590 2345 720 2430 Aegidii
731 2347 938 2432 monasterio,
959 2347 1011 2413 cui
1022 2347 1093 2414 Deo
1110 2352 1243 2427 auctore

113 2470 270 2538 pracesse
285 2450 498 2535 dignosceris,
523 2451 671 2536 diligenti
695 2451 913 2519 sollicitudine
940 2453 1125 2538 vigilemus,
1152 2459 1243 2521 tanto

114 2562 255 2647 amplior
270 2559 365 2627 nobis
391 2558 571 2626 necessitas
587 2568 637 2626 est
653 2559 820 2644 injuncta,
847 2568 969 2644 quanto
990 2559 1076 2626 idem
1092 2561 1241 2628 locus-ab

112 2665 247 2734 exordio
264 2684 345 2732 suae
360 2664 562 2732 fundationis
578 2665 621 2732 ad
633 2667 688 2751 jus
704 2673 737 2733 et
754 2665 931 2733 dominium
947 2667 1094 2751 ejusdem
1105 2669 1242 2754 Aposto-

111 2775 214 2842 lorum
230 2772 389 2860 principis
405 2773 593 2857 specialiter
612 2772 813 2857 dignoscitur
830 2773 1002 2858 pertinere.
1023 2774 1103 2840 Tuis
1118 2774 1240 2860 itaque,

112 2880 231 2948 dilecte
247 2881 280 2948 in
296 2879 437 2946 Domino
455 2879 500 2946 nli
516 2880 611 2948 Ponti
628 2881 742 2948 Abbas
754 2932 762 2964 ,
775 2881 874 2965 justis
891 2879 1166 2966 postulationibus
1187 2881 1239 2946 be-

112 2988 246 3071 nignum
262 2985 485 3074 impertientes
501 3006 683 3070 assensum,
709 2988 752 3054 ad
768 2987 937 3072 exemplar
951 2986 1240 3071 praedecessorum

111 3101 294 3162 nostrorum
310 3098 446 3162 sanctae
461 3094 698 3162 recordationis
715 3093 906 3178 iunocentii,
932 3093 1082 3178 eugenii,
1101 3105 1133 3162 et
1147 3092 1246 3172 Adri<

111 3203 165 3269 ani
181 3204 289 3287 quarti
304 3204 523 3270 Romanorum
534 3202 736 3284 Pontificum,
755 3222 882 3268 ornnem
899 3202 1092 3286 libertatem,
1111 3220 1168 3269 seu
1185 3201 1240 3268 im·

111 3311 303 3379 munitatem
319 3309 414 3380 robis
430 3327 471 3374 ac
487 3316 594 3378 restro
610 3307 767 3378 coenobio
783 3327 842 3394 per
860 3315 1100 3378 antecessorum
1116 3315 1239 3377 nostro-

109 3438 180 3485 rum
196 3418 371 3506 privilegia
386 3419 606 3486 contributam
623 3417 807 3502 proesentis
824 3417 987 3503 privilegii
1007 3417 1131 3504 pagina
1147 3417 1238 3485 robo-

112 3546 242 3610 ramue;
261 3531 450 3612 statuentes,
468 3535 503 3594 ut
513 3526 594 3594 nulli
604 3525 733 3594 omnino
744 3526 1000 3614 Archiepiscopo
1010 3526 1063 3592 vel
1073 3526 1237 3613 Episcopo

112 3633 210 3700 liceat
225 3652 324 3720 super
339 3633 425 3701 idem
441 3633 633 3702 coenobium
649 3633 701 3700 uei
716 3630 879 3700 Abbatom
904 3634 975 3700 sive
991 3635 1165 3702 monachos
1181 3633 1240 3702 ibi·

111 3741 184 3808 dem
201 3739 343 3808 Domino
360 3743 540 3810 servientes
557 3760 688 3807 manum
704 3740 1045 3808 excommunicationis
1070 3749 1127 3808 ant
1142 3741 1237 3808 inter·

108 3847 262 3917 dictionis
274 3848 457 3932 extendere,
474 3847 533 3916 sed
547 3855 614 3915 tam
624 3867 692 3930 vos,
710 3867 806 3932 quam
817 3850 1132 3917 monasteriurncum
1148 3849 1238 3934 villa,

107 3955 209 4040 quieti
226 3973 356 4042 semper
372 3976 411 4024 ac
427 3956 523 4023 liberi
539 3956 581 4022 ab
598 3955 686 4023 omni
702 3955 893 4041 Episcopaii
909 3957 1080 4025 exactione
1096 3957 1149 4023 rei
1166 3976 1238 4042 gra·
1272 4033 1276 4040 ,

110 4064 241 4132 tamine
266 4085 325 4150 per
347 4062 586 4151 Omnipotentis
611 4065 672 4130 Dei
697 4065 840 4147 gratiam
866 4063 1036 4130 maneatis.
1061 4064 1238 4132 Monachus

110 4191 188 4239 vero
205 4177 238 4236 ct
263 4173 474 4258 presbyteros
500 4191 558 4238 seu
582 4171 737 4255 clericos,
764 4170 874 4255 quiin
901 4170 1017 4237 vestris
1043 4169 1237 4236 obedientiis

106 4287 368 4362 commorantur,
393 4299 452 4363 pro
468 4279 597 4345 delictis
613 4278 680 4344 suis
696 4299 717 4344 a
734 4277 931 4362 quibuslibet
947 4276 1041 4344 iaicis
1057 4276 1142 4362 capi,
1167 4295 1236 4341 ver-

107 4385 233 4470 bereri,
260 4387 377 4454 autad
393 4385 649 4473 redemptionem
667 4385 740 4471 cogi
757 4386 885 4470 penitus
901 4382 1120 4470 prohibemus.
1141 4384 1235 4450 Prae-

104 4501 194 4562 terea
203 4494 390 4578 statuimus,
408 4500 443 4562 ut
452 4513 667 4579 quaecunque
676 4493 913 4581 possessiones,
924 4511 1137 4577 quaecunque
1148 4493 1235 4560 bona

104 4600 189 4668 idem
207 4601 441 4680 monasterium
452 4603 746 4688 inpraesentiarum
758 4602 846 4686 juste
863 4605 894 4666 ct
905 4600 1059 4668 canonice
1075 4600 1232 4688 possidet,
