3202 5190
596 365 749 464 -sca-

100 583 145 631 ex
170 563 353 631 donacione
378 563 522 648 ipsorum
547 561 695 648 predicta
719 559 867 626 Ecclesia
890 558 1090 643 possederat.
1125 559 1230 642 Super

101 671 197 738 cuins
212 678 360 758 partem,
388 689 450 755 que
476 675 526 734 est
548 668 670 734 ibidem
694 685 808 732 versus
825 663 984 746 Nitriam,
1012 664 1231 731 controuersia

100 797 227 863 magna
241 784 387 863 tempore
396 777 513 863 proaul
528 776 641 858 nostri,
651 772 792 841 secundi
808 773 885 840 Bele
895 771 1006 856 Regis,
1023 772 1108 838 inter
1122 770 1230 836 Abba-

100 893 170 951 tem
196 884 333 968 predicti
358 883 565 966 monasterij,
598 888 630 948 et
650 881 847 966 jobagiones
872 897 1021 946 necnon
1053 879 1229 964 populares

102 987 281 1055 Nitriensis
306 988 404 1054 castri
421 995 493 1056 urta
507 986 586 1069 fuit3
614 1005 712 1071 snper
728 991 853 1072 partem
870 1003 957 1069 vero,
975 1004 1038 1070 que
1062 992 1112 1052 est
1136 991 1231 1052 extra

102 1095 247 1162 insulam
258 1113 371 1160 versus
381 1094 566 1176 Posonium,
582 1093 731 1160 similiter
741 1093 824 1160 inter
832 1091 1029 1176 jobagiones
1042 1099 1074 1158 et
1089 1097 1230 1160 castren·

101 1221 157 1268 res
173 1201 391 1270 Posonienses
415 1204 450 1268 in
475 1201 620 1268 eiusdem
639 1201 739 1284 Regis
765 1199 937 1284 presencia
961 1198 1131 1266 contencio
1157 1198 1228 1266 init.

103 1309 171 1377 Sed
187 1328 260 1374 cum
283 1307 406 1375 veritas
422 1307 534 1375 nubilo
550 1306 706 1373 falsitatis
722 1305 783 1374 luit
799 1306 946 1390 palliata,
970 1324 1027 1391 per
1039 1305 1230 1391 judicialem

102 1435 277 1483 censuram
303 1415 477 1500 diligenter
493 1415 686 1501 pertractari
704 1420 735 1480 et
751 1413 874 1497 emergi
892 1412 1093 1497 nequiverat,
1119 1433 1231 1482 secun-

101 1524 179 1590 dum
196 1524 343 1590 ordinem
365 1525 481 1608 judicij
498 1523 688 1590 ventilando
713 1527 969 1608 prememoratus
985 1524 1055 1586 Rex
1077 1520 1157 1588 iuris
1173 1523 1232 1588 Ee

101 1630 205 1696 elesie
221 1631 334 1697 Sancti
349 1630 480 1696 Martini
500 1631 605 1716 ipsam
631 1630 872 1715 possessionem
897 1628 999 1694 fuisse
1024 1627 1229 1714 approbauit,

101 1737 201 1804 etsie
226 1737 439 1823 approbando
455 1738 602 1804 Ecclesie
627 1738 767 1804 restituit
792 1735 994 1822 perfidelem
1015 1736 1228 1821 Oapellanum

102 1863 199 1911 snum
214 1844 345 1912 nomine
359 1844 576 1911 Laurencium
587 1845 784 1912 Canonicum
803 1843 982 1927 deTytely.
998 1842 1077 1908 Post
1094 1844 1228 1927 longum

102 1951 210 2017 eciam
227 1953 383 2037 temporis
399 1971 588 2038 processum
605 1951 697 2020 nobis
712 1949 849 2018 feliciter
864 1950 898 2016 in
908 1948 1077 2033 Hungaria
1092 1967 1227 2033 regnan-

101 2061 210 2142 tibus,
238 2061 389 2143 quoniam
415 2061 573 2126 secularis
590 2061 656 2126 vite
680 2067 784 2126 status
806 2077 936 2146 semper
960 2057 1093 2144 pronior
1119 2062 1170 2124 est
1185 2054 1228 2122 ad

101 2167 227 2252 iniqua,
255 2173 288 2232 et
303 2164 466 2250 cupiditas
483 2185 647 2248 nunquam
663 2183 722 2230 suc
737 2165 828 2232 nouit
842 2164 913 2230 iure
930 2163 1106 2246 contineri,
1132 2181 1230 2248 super

104 2273 254 2360 predicta
269 2273 478 2357 possessione
493 2271 609 2338 similis
625 2271 727 2357 priori
741 2271 908 2340 contencio
924 2271 958 2337 in
973 2278 1086 2338 nostra
1101 2291 1228 2357 presen-

101 2379 154 2446 cia
171 2387 262 2447 mota
276 2379 337 2446 fuit
355 2379 440 2446 inter
464 2378 708 2466 prenominatos
733 2377 879 2446 homines
906 2379 970 2444 iam
994 2377 1229 2445 nominatorum

102 2495 285 2553 castrorum
302 2493 334 2552 et
349 2486 511 2552 Abbatcm
527 2485 671 2552 eiusdem
688 2484 762 2568 loci,
787 2502 884 2569 super
901 2505 965 2568 quo
983 2504 1044 2551 nos
1059 2484 1228 2570 utriusque

101 2593 206 2678 partis
223 2592 483 2676 allegationibus
511 2590 677 2658 hincinde
702 2591 875 2676 diligenter
898 2590 1038 2674 auditis,
1065 2597 1097 2658 et
1112 2592 1227 2677 proba-

101 2699 249 2765 cionibus
264 2699 346 2764 Vros
373 2699 474 2766 nostri
500 2699 656 2783 temporis
680 2697 819 2764 Abbatis
842 2699 875 2764 in
901 2699 1042 2766 medium
1067 2699 1226 2780 deductis,

102 2805 325 2891 inspectisque
341 2804 523 2890 priuilegijs
540 2805 688 2872 Ecclesia
705 2806 798 2872 Beati
813 2807 945 2872 lllartini
969 2805 1054 2872 veris
1070 2812 1103 2871 ct
1118 2813 1227 2872 anton·

103 2912 197 2994 ticis,
225 2912 348 2978 scilicet
364 2911 474 2978 Sancti
499 2913 655 2997 Stephani
682 2922 713 2980 et
730 2915 895 2996 Ladizlai,
922 2933 982 2978 nec
1004 2933 1068 2980 non
1093 2911 1225 2978 secundi

103 3019 194 3102 Bele,
220 3019 486 3104 predecessorum
512 3025 709 3102 nostrorum,
740 3021 829 3088 etin
855 3020 1004 3092 omnibus
1035 3017 1226 3103 reperiendo

100 3126 208 3211 ipsam
223 3133 344 3192 terram
359 3125 562 3209 integraliter
577 3129 740 3214 pertinere
750 3127 897 3194 Ecclesie
913 3133 1032 3208 nostre,
1049 3125 1223 3192 secundum

101 3232 303 3300 delinitinam
332 3234 531 3300 sentenciam
557 3234 670 3302 ordine
685 3235 765 3302 iuris
790 3241 957 3302 reseruato
984 3233 1070 3302 omni
1089 3231 1224 3300 consilio

100 3351 133 3406 et
149 3337 352 3406 discrecicue
368 3339 553 3426 Principum
570 3348 749 3408 nostrorum
767 3339 1025 3408 adiudicauimus
1049 3337 1225 3426 possessio·

100 3467 175 3514 nem
192 3447 303 3531 sepius
329 3456 541 3514 memoratam
557 3449 791 3517 restituendam
808 3448 966 3531 Ecclesia
993 3446 1149 3516 conuictis
1170 3447 1225 3514 ad-

12 3555 15 3562 “
100 3555 206 3622 narsis
223 3555 382 3639 partibus,
399 3556 495 3621 salua
510 3553 640 3623 iusticia
651 3563 683 3624 et
699 3557 812 3624 ordine
832 3555 1014 3638 iudiciario,
1031 3561 1065 3622 et
1079 3554 1224 3622 misimus

99 3659 230 3728 fidelem
255 3670 399 3729 nostrum
415 3663 587 3730 Martinum
603 3663 876 3732 Archidiaconum
900 3663 1157 3748 Budmgiensem
1182 3661 1224 3730 sd

100 3768 341 3853 peragrandam
367 3776 505 3852 terram,
531 3778 565 3836 et
583 3778 741 3838 metarum
762 3771 1031 3840 distinccionibus
1057 3771 1224 3855 assignan-

99 3873 196 3959 dam,
223 3873 279 3959 qui
304 3883 419 3944 nostra
443 3877 636 3944 auctoritate
660 3863 839 3944 introduxit
865 3878 1046 3946 Ecclesiam
1072 3879 1105 3944 in
1131 3898 1223 3944 suum

99 3979 350 4066 possessionem.
377 3980 476 4046 Cuius
501 3987 587 4048 terre
611 3989 772 4050 metarum
787 3983 866 4051 crdo
884 3983 961 4049 talis
982 3981 1223 4067 est:1ncipita

99 4087 356 4172 septemtrionali
380 4095 474 4171 parte
492 4088 583 4154 iuxta
599 4087 705 4174 ripam
721 4089 811 4172 liunij
829 4088 957 4155 nomine
972 4087 1165 4169 Holutwag,
1189 4095 1221 4153 et

99 4192 306 4279 progreditur
322 4193 365 4258 ad
391 4193 567 4260 australem
583 4203 730 4279 partem;
756 4196 806 4261 cui
824 4199 1047 4261 uommetanea
1070 4198 1120 4258 est
1135 4197 1221 4258 terra

99 4298 243 4366 ciuilium
261 4299 302 4366 de
318 4299 397 4364 villa
411 4299 523 4366 Fcueu
539 4301 607 4367 vlta
621 4302 753 4368 fluuium
775 4303 1051 4386 prenominatum,
1078 4300 1221 4365 secunda

99 4415 186 4474 meta
212 4408 305 4474 iuxta
319 4411 473 4492 arbores,
500 4430 562 4495 que
578 4419 734 4479 vocantur
749 4412 846 4494 vlmi,
866 4419 905 4478 et
921 4412 982 4476 hac
1009 4418 1101 4494 parte
1116 4408 1221 4476 eidem

99 4521 150 4579 est
164 4513 273 4580 vicina
288 4522 377 4581 terra
392 4513 536 4582 ciuilium
552 4516 594 4583 de
607 4517 703 4583 Nitra
718 4518 751 4582 iu
767 4517 893 4598 insula,
910 4515 986 4582 inde
1002 4535 1078 4581 vero
1096 4521 1221 4598 proten·

99 4619 184 4686 ditur
198 4641 257 4706 per
275 4629 378 4689 metas
394 4623 427 4688 ln
453 4621 541 4706 agris
559 4626 716 4707 usquead
733 4645 866 4707 nemus,
894 4623 980 4710 quod
995 4624 1081 4706 wlgo
1104 4620 1221 4688 dicitur
