3164 5192
861 923 937 992 140.

377 1105 452 1172 Orat
469 1125 563 1170 comeo
579 1105 762 1193 kiadodnya
778 1104 921 1190 bizonyoa
929 1100 1067 1190 soldrbl,
1092 1100 1203 1189 melyet
1215 1097 1413 1186 felmerotat.

686 1212 761 1279 XII.
779 1209 958 1278 szdzadeok
973 1207 1104 1296 oeyettt.

438 1410 509 1494 Ego
519 1405 599 1476 Oslu
609 1406 725 1476 Comes
742 1407 816 1476 uolo
830 1426 888 1494 per
898 1407 983 1473 buno
999 1411 1123 1474 sartam
1139 1403 1172 1470 in
1184 1403 1376 1473 memoriam
1387 1423 1462 1488 pro

331 1535 449 1584 uooare
473 1515 750 1601 eomputaeionem
773 1521 947 1597 terrarum,
975 1512 1081 1580 silieet
1106 1509 1243 1578 duonum
1264 1509 1359 1578 sarad
1384 1529 1460 1576 oum

330 1621 434 1688 tribus
451 1620 600 1710 a(rntris)
616 1620 776 1709 n(ostris),
795 1642 833 1688 ao
843 1621 961 1688 Kissen
972 1621 1057 1687 Zaar
1067 1619 1131 1686 XX
1148 1618 1253 1685 minus
1269 1619 1461 1702 octingenta

328 1731 449 1815 jugera
466 1749 537 1795 oum
554 1729 658 1795 tribus
685 1729 804 1794 aratris
820 1729 957 1811 uostris,
985 1733 1017 1793 et
1036 1727 1140 1794 seruis
1156 1745 1196 1791 ae
1216 1725 1374 1792 ministris
1389 1725 1462 1808 qni-

333 1835 472 1904 busdam
497 1855 595 1921 super
611 1835 733 1900 LXXX
758 1834 993 1916 mansionibus,
1022 1831 1073 1898 eui
1099 1831 1243 1916 quelibet
1259 1831 1462 1915 XXjugera

333 1941 506 2026 sufficiunt,
527 1941 647 2025 remisi,
665 1949 698 2008 et
713 1939 761 2007 iiii
777 1946 926 2008 tenentur
942 1939 1020 2006 dare
1036 1957 1176 2006 censum.

331 2123 467 2185 (Eredetie
481 2118 652 2188 bbrbbrtybn,
666 2122 790 2186 moiynek
800 2119 908 2188 peesete
921 2117 978 2172 mbr
988 2121 1118 2184 iobuliatt,
1131 2137 1147 2171 a
1160 2135 1245 2172 nemu.
1259 2134 1382 2169 museum
1397 2117 1463 2169 kez-

794 2207 983 2276 iruttbriban.)

760 2497 994 2505 --u--w

860 2941 935 3010 141.

377 3123 477 3189 Beato
493 3121 583 3189 beari
597 3121 752 3187 tabernas
767 3122 1023 3209 usqistezkodese.
1041 3122 1118 3188 XII.
1135 3122 1252 3187 umori
1267 3122 1402 3210 oeyebb'l.

433 3318 553 3386 Notum
568 3317 612 3382 sit
628 3323 694 3385 tom
718 3319 922 3404 presentibus
939 3336 1036 3402 quam
1052 3316 1168 3384 futuris
1192 3317 1337 3384 ouiusuis
1354 3317 1459 3384 natio-

328 3427 379 3492 nis
404 3425 608 3510 bominibus,
635 3426 786 3510 quoniam
811 3425 936 3494 Bentbo
961 3425 1003 3491 de
1017 3425 1097 3492 villa
1112 3425 1196 3490 Benr
1221 3423 1321 3490 talem
1349 3443 1458 3491 rerum

328 3551 459 3599 suarum
485 3532 561 3598 feeit
585 3531 855 3601 distributionem.
882 3534 981 3600 Dedit
1006 3533 1160 3600 uideiieet
1185 3531 1333 3598 Eooiesie
1360 3533 1458 3599 Beati

327 3639 443 3708 Jaeobi
470 3639 510 3705 de
527 3640 623 3705 Libin
640 3638 841 3726 1111u0ues,
868 3647 901 3708 et
916 3650 1036 3708 terram
1052 3641 1095 3708 ud
1111 3661 1211 3708 unum
1231 3645 1397 3724 aratrum,
1424 3645 1457 3706 et

326 3765 425 3812 unum
441 3745 581 3830 missale,
599 3755 631 3812 et
646 3749 707 3814 VH
722 3767 824 3834 equos
840 3749 1025 3834 indomitas,
1044 3755 1077 3815 et
1094 3757 1231 3833 quatuor
1247 3749 1373 3833 uineas,
1391 3767 1454 3832 que

326 3852 485 3921 uocabulo
500 3860 726 3941 nuncupantur
743 3858 861 3944 cocyto
876 3879 931 3923 ozo
945 3877 1048 3942 prope
1065 3855 1179 3922 uiilam
1195 3857 1273 3942 bey.
1291 3857 1333 3922 Vt
1344 3861 1456 3923 autem

326 3963 386 4028 beo
401 3961 525 4030 eartula
540 3962 635 4034 iirmu
649 3983 688 4030 ao
704 3963 833 4032 stabilis
849 3971 996 4049 maneat,
1019 3964 1128 4049 sigillo
1144 3963 1279 4032 fratrum
1295 3961 1453 4030 Gourian-

326 4071 408 4137 sium
424 4067 501 4137 ieoit
517 4089 589 4138 eam
603 4070 760 4138 roborari.

326 4267 461 4331 (Erodetie
474 4267 643 4336 bbrbtrytn,
662 4271 773 4338 molyrbi
785 4287 802 4322 a
814 4273 940 4337 usinugon
960 4273 1067 4340 ibggbtt
1086 4268 1178 4338 pessit
1196 4267 1253 4322 mir
1266 4272 1412 4335 eiresaett,
1435 4285 1452 4322 a

597 4359 667 4412 meir.
682 4358 746 4412 barb
760 4360 854 4428 Beroy
867 4361 959 4415 oselini
972 4361 1179 4430 leveltrtrtban.)

755 4647 1020 4660 *m-
