3202 5190
840 365 996 467 ‚aa

354 564 512 649 Regibus,
537 563 690 632 videlieet
705 583 767 632 avo
784 571 815 630 et
831 569 924 650 patre
940 571 1063 648 nostro,
1081 563 1205 630 civitati
1220 563 1408 650 spalatensi
1422 585 1480 650 pro

355 674 507 740 libertate
532 691 689 739 concessa
706 678 921 756 renovantes,
943 671 984 736 de
1001 672 1097 737 rerbo
1114 671 1156 736 ad
1181 673 1314 738 uerbum
1336 672 1479 758 presenti

355 781 474 866 scripto
491 785 621 863 nostro,
639 787 763 846 tautum
780 779 931 866 apposito
950 779 1098 861 nomine,
1123 785 1154 843 ct
1172 799 1305 846 numero
1323 798 1480 844 annorum

354 887 483 956 Domini
501 887 677 954 secundum
700 893 846 973 tempora
864 894 975 952 nostra
995 887 1172 969 immutato,
1197 889 1259 954 hoc
1276 885 1373 955 modo
1390 887 1478 954 duxi·

353 1016 424 1063 mus
448 995 632 1063 inserenda.

470 1103 564 1172 Auno
592 1103 762 1172 Dominiee
789 1101 1026 1168 iucarnationis
1054 1103 1225 1170 millesimo
1255 1102 1480 1170 ducentesimo

353 1214 503 1300 septimo.
524 1209 594 1297 Ego
611 1211 762 1279 Andreas
783 1213 843 1278 Dei
867 1211 975 1294 gratia
999 1211 1142 1294 l'ngarie
1166 1214 1236 1278 Rex
1249 1263 1256 1296 ,
1280 1214 1357 1298 juro
1383 1231 1481 1296 super

353 1321 506 1388 Sanctam
523 1319 659 1386 Crucem
685 1320 777 1388 robis
795 1318 920 1404 Spoleti
945 1319 1151 1404 Principibus
1170 1321 1297 1386 tirmam
1314 1339 1431 1404 pacem
1448 1327 1480 1384 et

351 1429 534 1498 libertatem
555 1428 648 1520 3mibi
664 1449 800 1512 quoque,
818 1435 850 1492 et
865 1425 931 1493 tilio
950 1446 1031 1511 meo,
1050 1437 1081 1492 et
1098 1427 1340 1494 successoribus
1356 1427 1479 1494 nostris

353 1535 516 1603 tributarii
531 1555 571 1600 ne
587 1535 678 1610 sitis;
698 1535 896 1620 Episcopum
914 1555 990 1600 rero
1008 1540 1039 1598 et
1056 1535 1233 1616 Comitem,
1258 1555 1355 1618 quem
1373 1535 1482 1600 clerus

352 1651 384 1710 et
400 1645 540 1730 populus
558 1645 710 1726 elegerit,
728 1639 926 1709 confirmabo
936 1693 944 1725 ,
968 1651 999 1708 et
1018 1643 1089 1726 lege
1106 1644 1283 1726 antiquitus
1300 1644 1481 1710 constituta

351 1769 422 1816 enm
448 1761 558 1820 nostro
580 1753 690 1836 judice
707 1773 764 1818 ros
791 1751 836 1816 uti
863 1749 1065 1836 permittam,
1092 1757 1300 1836 preterquam
1327 1751 1483 1818 introitus

349 1865 463 1944 portus
481 1859 620 1926 civitatis
638 1859 676 1924 de
694 1861 869 1942 extraneis,
887 1859 969 1938 duas
984 1867 1095 1945 partes
1111 1862 1181 1926 Rex
1196 1859 1327 1943 babeat,
1346 1861 1480 1927 tertiam

351 1987 428 2034 vero
446 1965 561 2034 Comes
578 1965 739 2032 Civitatis.
757 1965 794 2031 ln
812 1966 944 2031 civitate
961 1986 1090 2050 quoque
1107 1976 1217 2033 restra
1238 1967 1402 2034 nemiuem
1417 1969 1482 2033 Vn-

349 2093 503 2158 garorum
513 2075 564 2140 ael
577 2074 794 2158 alienigarum
808 2073 956 2138 babitare
967 2073 1163 2157 permittam,
1180 2075 1244 2140 nisi
1261 2095 1356 2158 quem
1368 2075 1481 2142 rolun-

349 2187 403 2248 tas
418 2187 527 2247 restra
544 2181 726 2266 expetierit.
754 2179 833 2248 Oum
851 2185 958 2244 autem
976 2179 1019 2244 ad
1035 2199 1094 2244 vos
1111 2181 1326 2264 coronandae,
1352 2189 1408 2246 aut
1426 2201 1481 2246 ro-

349 2287 472 2354 bisoum
489 2289 593 2372 Regni
610 2288 743 2373 negotia
769 2293 967 2354 tractaturus
985 2306 1115 2369 renero,
1134 2287 1253 2353 nendni
1280 2288 1400 2353 civium
1427 2289 1480 2354 ris

347 2394 504 2461 inseratur
520 2395 687 2462 domorum
705 2413 855 2477 suarum,
885 2393 947 2460 nisi
973 2413 1068 2478 quem
1086 2394 1216 2459 dilectio
1233 2400 1341 2460 vestra
1369 2414 1478 2462 susee-

348 2501 442 2586 perit.
459 2499 608 2568 Judicem
625 2503 708 2568 inter
724 2521 781 2570 ros
797 2508 829 2566 et
846 2507 1018 2570 extraneos
1035 2523 1055 2568 a
1071 2523 1122 2570 me
1143 2503 1351 2570 coustitutum
1368 2503 1477 2570 robis-

349 2628 421 2674 oum
436 2609 469 2674 in
487 2609 618 2676 civitate
631 2611 743 2677 sedulo
759 2609 970 2694 commorari,
989 2631 1048 2676 nec
1065 2631 1139 2676 eum
1150 2617 1243 2676 entra
1259 2612 1374 2677 urbem
1391 2612 1478 2678 alias

347 2717 603 2802 proticiscentem
629 2718 678 2783 sui
705 2725 859 2802 precepto
886 2723 942 2784 aut
966 2717 1075 2800 sigillo
1093 2719 1224 2785 anobis
1250 2738 1351 2785 causa
1374 2719 1478 2802 placi·

347 2824 438 2890 tandi
449 2826 649 2909 seque-udum
659 2824 810 2890 concedo.
822 2824 856 2890 δί
867 2825 940 2908 quis
951 2834 1132 2892 vestrorum
1142 2846 1200 2910 per
1212 2846 1315 2892 meum
1326 2828 1483 2910 Regnum

349 2939 436 2999 terra
454 2933 600 3017 marique
623 2933 753 3018 negotia
771 2935 972 3014 exercuerit,
990 2933 1066 2999 mibi
1090 2943 1144 2998 aut
1168 2933 1266 3000 alicui
1288 2941 1475 3002 nostrorum

347 3041 512 3109 hominum
523 3062 563 3107 en
580 3040 711 3126 proprio
723 3041 876 3107 comertio
887 3041 1008 3106 nullum
1024 3041 1191 3125 persolvat
1208 3041 1362 3107 debiturn.
1381 3042 1475 3108 Obsi-

349 3151 407 3215 des
424 3169 444 3214 a
460 3150 551 3214 vobis
568 3149 656 3225 nullo
674 3147 769 3214 modo
787 3148 962 3232 recipiam,
990 3148 1095 3214 sedin
1112 3149 1202 3214 curia
1221 3153 1333 3215 nostra
1350 3151 1476 3216 servire

345 3256 540 3340 volentibus,
558 3276 690 3340 regam,
709 3264 742 3323 et
762 3256 965 3340 impendam,
984 3262 1016 3320 et
1032 3255 1179 3322 morandi
1197 3258 1265 3322 sive
1282 3257 1475 3324 discedendi

348 3363 391 3429 ad
407 3383 500 3430 sumn
516 3364 610 3446 uelle,
628 3364 817 3430 facultatem
834 3364 1011 3446 obtineant,
1026 3364 1212 3446 nullamque
1233 3365 1279 3432 eis
1296 3385 1395 3450 super
1411 3366 1474 3434 hoe

347 3471 531 3538 molestiam
549 3470 697 3538 inferam.
714 3470 761 3535 Ae
779 3470 806 3535 si
823 3470 904 3536 sorte
921 3469 1108 3536 Dominium
1129 3490 1235 3536 rueum
1251 3471 1394 3554 aliquem
1418 3493 1474 3557 ag-

347 3595 486 3658 gravare
509 3575 688 3659 ridebitur,
716 3577 873 3642 elumbem
899 3584 1044 3643 nostram
1071 3575 1158 3641 exire
1176 3577 1332 3662 voluerit,
1359 3597 1475 3646 sccure

345 3701 417 3748 cum
434 3701 534 3747 uxore
549 3689 581 3748 et
597 3682 664 3749 tilia
681 3689 713 3749 et
728 3681 854 3748 familia
865 3689 895 3747 et
912 3683 1060 3748 omnibus
1076 3682 1258 3767 bonissuia,
1278 3704 1470 3770 quocunque

346 3788 409 3856 sibi
426 3787 596 3875 placuerit,
614 3799 676 3856 eat.
693 3787 760 3856 Hoc
778 3799 886 3856 autem
898 3791 1008 3857 omnia
1025 3791 1148 3874 absque
1160 3790 1275 3858 lraudc
1291 3801 1323 3858 et
1339 3792 1473 3877 iugenio

346 3895 389 3962 ad
404 3895 630 3963 detrimentum
658 3896 775 3964 civium
792 3905 824 3962 et
840 3895 982 3964 ciuitatis
999 3897 1033 3964 in
1057 3897 1167 3981 aliquo
1187 3897 1345 3966 attinente
1367 3900 1475 3970 obser-

344 4003 439 4070 vabo.
466 4005 509 4069 Vt
523 4013 632 4071 autem
653 4013 718 4071 tarn
735 4013 916 4072 nostrorum
943 4005 1220 4089 predecessorum,
1245 4026 1343 4091 quam
1361 4017 1474 4077 nostra

345 4111 513 4182 concessio
530 4120 687 4200 perpetue
704 4113 801 4180 robur
819 4112 965 4180 obtineat
981 4114 1152 4199 firmitatis,
1169 4116 1314 4200 presenti
1327 4135 1400 4182 eam
1416 4138 1474 4202 pa-

345 4219 425 4302 gina
440 4221 473 4286 iu
497 4221 645 4288 notitiam
663 4221 777 4286 deduci
795 4225 1016 4306 posterorum,
1043 4228 1074 4288 et
1090 4223 1191 4307 Regia
1209 4223 1412 4290 auctoritatis
1435 4225 1475 4290 si-

347 4328 429 4410 gillo
456 4328 609 4394 iussimus
627 4329 782 4394 roborari.
809 4331 929 4394 Datum
945 4348 1003 4413 per
1028 4351 1141 4396 manus
1166 4332 1298 4398 Roberti
1319 4332 1474 4399 Albensis

346 4435 508 4519 l'repositi
524 4445 556 4502 et
580 4437 655 4502 aule
671 4437 771 4520 Regia
798 4435 1006 4521 cancellarij.
1033 4437 1160 4503 loanue
1175 4439 1399 4522 strigoniense
1416 4443 1473 4506 Ar-

344 4541 564 4628 chlepisoopo,
577 4544 751 4611 ltertboldo
766 4545 944 4612 Colocenso
960 4544 1071 4610 illecto
1088 4546 1324 4630 existentibus,
1342 4537 1488 4616 Kalano'

345 4647 758 4734 Quinque-Ecclesionscm,
770 4650 922 4718 Boleslao
935 4633 1137 4734 tamensem,
1151 4650 1327 4736 Katapano
1338 4655 1474 4739 Agrian-
