3218 5192
710 341 753 406 85

160 537 512 626 siaeArcbiepiscopus
523 541 658 624 firmum,
670 547 702 607 et
711 542 830 608 stabile
841 561 1033 628 permanere
1043 546 1182 633 dispono
1195 569 1202 611 :
1220 568 1297 632 qua-

160 650 235 716 liter
250 671 312 734 ego
325 654 534 736 praenotatus
545 649 819 737 Arcbiepiscopus
836 671 936 718 causa
952 653 1150 724 visitationis
1174 655 1217 722 ad
1233 655 1296 723 Cu-

159 761 244 826 riam
256 763 438 828 Romanam
454 761 500 825 ire
517 759 641 843 volens,
657 757 862 845 paupertatis
878 762 1073 830 necessitate
1094 771 1294 850 aggravatus

161 869 329 937 aGlerieis
346 889 405 956 pro
416 868 484 935 suis
494 865 652 933 Ecclesiis
665 864 861 950 adjutorium
873 867 1023 948 quaesivi
1037 894 1043 954 ;
1061 871 1202 956 praefati
1219 893 1295 940 uero

161 976 281 1044 Clerici
298 981 412 1044 eontra
428 975 554 1043 metali
564 973 660 1042 modo
676 974 933 1059 responderunt:
956 975 1041 1056 Quia
1050 998 1110 1045 nec
1128 979 1193 1048 tuis
1203 1000 1296 1068 prae-

162 1086 392 1153 decessoribus
409 1084 577 1167 dedimus,
603 1103 663 1150 nec
677 1083 747 1166 tibi,
773 1103 832 1150 nec
847 1085 911 1151 tuis
933 1089 1176 1156 suecessoribus
1192 1109 1295 1159 causa

160 1193 427 1278 consecrationis,
444 1193 495 1259 vel
513 1190 757 1276 consuetudine,
774 1212 835 1259 nec
850 1213 908 1278 per
922 1215 993 1278 nos,
1014 1216 1074 1263 nec
1089 1217 1148 1283 per
1163 1204 1294 1266 nostras

159 1303 327 1369 Ecclesiae
343 1301 468 1386 aliquid
485 1301 566 1367 dare
583 1299 752 1367 debemus.
769 1303 811 1367 Et
827 1302 888 1370 boc
903 1303 998 1371 bonis
1013 1305 1151 1372 testibus
1168 1306 1294 1372 scienti-

161 1410 233 1494 bus,
250 1410 375 1476 seilicet
391 1410 456 1476 duo
473 1408 532 1475 tilii
548 1407 677 1474 Oarusii
695 1411 844 1476 monachi
859 1409 971 1476 Sancti
987 1410 1155 1498 Stephani,
1173 1413 1293 1482 Zuzalo

161 1524 193 1582 et
208 1517 386 1584 Cernecha.
403 1515 476 1600 Ege
493 1521 601 1581 autem
612 1533 678 1580 nna
697 1533 769 1581 enm
784 1515 962 1600 judicibus,
980 1517 1103 1585 scilicet
1114 1520 1200 1604 Vita,
1217 1520 1294 1588 Din-

160 1624 290 1707 diculo,
314 1630 347 1690 et
362 1625 475 1706 Draga
492 1621 591 1706 Pirle,
609 1625 707 1706 atque
727 1621 886 1690 Dabrona
901 1623 1088 1692 'Irnnzanni
1112 1625 1155 1694 ad
1172 1625 1293 1698 Coeno-

159 1733 250 1798 binm
266 1731 379 1798 Sancti
395 1730 555 1818 Stephani
580 1735 681 1796 testes
696 1727 740 1796 ad
755 1730 975 1798 testimoninm
999 1732 1180 1818 rogandum
1206 1735 1292 1801 misi·

160 1859 244 1923 mus,
261 1839 385 1905 seilicet
399 1836 524 1904 Lucam
539 1835 581 1902 de
597 1833 742 1920 Sumite,
769 1843 801 1902 et
816 1837 946 1904 Petrum
967 1838 1008 1905 de
1023 1840 1178 1926 Manena,
1195 1848 1294 1928 atque

159 1945 368 2014 Dominienm
393 1943 547 2012 Paleteci.
584 1942 699 2010 Testes
728 1963 805 2010 vero
831 1965 891 2012 eon
917 1945 1003 2034 (igy)
1032 1947 1218 2032 juramento
1245 1951 1293 2016 eis

160 2053 419 2140 praenominatis
432 2051 554 2118 nostris
569 2050 630 2116 tali
645 2051 742 2118 modo
759 2053 870 2119 testati
885 2061 969 2121 sunt.
984 2054 1078 2132 Quod
1089 2056 1216 2141 Clerici,
1233 2076 1293 2123 nec

161 2182 220 2247 per
237 2181 274 2228 se
282 2211 292 2245 ,
318 2181 378 2228 nee
393 2180 452 2246 per
468 2179 547 2226 suas
564 2159 731 2226 Ecclesiae
747 2180 805 2228 sne
830 2161 1086 2250 Arebiepiseopo
1103 2184 1205 2232 eausa
1219 2183 1291 2233 con-

160 2269 365 2352 secrationis,
381 2269 434 2335 vel
449 2267 658 2351 visitationis,
683 2286 788 2352 neque
806 2269 872 2337 ullo
889 2270 986 2338 modo
1001 2272 1126 2357 aliquid
1142 2272 1222 2340 dare
1238 2274 1290 2340 de-

161 2380 248 2445 bent.
274 2377 436 2456 Quoniam
453 2377 537 2444 baec
552 2397 573 2444 a
589 2382 683 2463 patre
699 2382 810 2444 nostro
827 2378 952 2446 Gemite
977 2379 1172 2465 audivimus,
1199 2383 1292 2465 quia

158 2493 271 2555 nostro
288 2507 350 2553 aro
360 2483 619 2570 Archiepiscopo
631 2481 760 2552 Gaudio
777 2485 911 2571 audivit,
929 2493 960 2552 et
977 2487 1058 2555 vidit
1075 2509 1147 2555 eum
1163 2496 1291 2558 euntem

160 2595 204 2662 ed
220 2595 386 2663 dominum
402 2593 627 2679 Apostolieum
646 2613 747 2660 causa
763 2595 1017 2662 consecrationis
1042 2615 1115 2664 eum
1131 2617 1190 2667 suo
1217 2613 1288 2686 pro·

159 2703 252 2789 prio;
270 2709 303 2768 et
318 2701 405 2786 quod
421 2701 485 2767 sibi
502 2699 621 2784 defuit,
649 2701 731 2770 duos
748 2701 899 2788 proprios
914 2703 1064 2774 fornace
1084 2706 1239 2791 vendidit,
1257 2716 1290 2774 et

159 2809 203 2876 ad
220 2807 353 2876 Curiam
368 2827 471 2874 eausa
496 2810 750 2878 consecrationis
765 2809 927 2895 perrexit3
954 2816 986 2876 et
1001 2831 1064 2878 non
1083 2818 1214 2880 'tantum
1230 2813 1292 2884 boc

159 2918 436 3004 Arcbiepisoopus
461 2916 569 2984 faeere
586 2917 701 3002 debet,
718 2937 828 2984 verum
852 2919 950 2984 etiam
968 2919 1130 3005 clericos,
1157 2941 1238 3006 quos
1254 2922 1288 2986 in

160 3027 326 3112 legatione
341 3025 485 3110 miserit,
513 3025 565 3092 vel
581 3045 691 3092 secum
707 3025 844 3109 duxerit,
869 3046 941 3092 eum
958 3027 1119 3113 expendia
1135 3048 1216 3095 suae
1231 3027 1290 3100 Ou-

158 3135 228 3200 riae
244 3134 364 3200 ducere
379 3134 486 3201 debet.
512 3133 573 3200 His
591 3134 731 3218 auditis,
759 3135 830 3219 Ego
848 3134 996 3202 Gaudius
1016 3135 1290 3222 Arebiepiseopus

158 3263 230 3308 cum
256 3243 469 3329 praescriptis
491 3241 658 3327 judicibus
674 3241 817 3311 Olerieos
835 3243 869 3310 in
885 3261 968 3329 pace
984 3241 1176 3310 dimisimus.
1206 3245 1290 3312 Tum

159 3352 277 3418 ridens
294 3370 346 3417 me
361 3350 405 3417 ab
420 3350 468 3417 ais
479 3350 519 3417 de
537 3349 726 3436 supradicta
736 3350 862 3418 ratione
879 3349 1070 3433 convictum,
1088 3351 1220 3418 tandem
1230 3370 1287 3418 eos

159 3467 327 3542 umquam
343 3457 428 3525 tilios
445 3464 477 3524 et
491 3457 609 3524 fratres
626 3478 743 3542 regare
758 3459 931 3544 coepimus,
949 3458 1035 3526 utde
1050 3458 1288 3544 quinquaginta

160 3566 328 3652 Byzantiis
343 3567 438 3634 nobis
453 3566 663 3653 fidejussores
682 3567 866 3634 existerent.
894 3567 957 3647 Qui
972 3568 1057 3637 rotis
1074 3589 1113 3636 ae
1128 3567 1289 3656 petitioni·

160 3678 220 3744 bus
236 3675 356 3743 nostris
372 3677 530 3761 faventes,
557 3677 631 3745 illos
648 3677 724 3744 inde
740 3697 881 3762 securos,
910 3699 949 3744 ao
965 3683 1070 3752 certos
1086 3679 1222 3746 reddere
1236 3699 1290 3746 vo·

158 3785 273 3868 lentes,
290 3783 369 3867 qnid
384 3785 418 3852 in
435 3785 571 3870 pignere
588 3785 733 3852 dandum
749 3785 832 3852 foret
847 3787 1108 3871 recogitavimns.
1130 3787 1217 3866 Quia
1231 3787 1289 3870 igi-

157 3899 210 3958 tur
226 3892 293 3978 ipsi
318 3897 385 3980 tum
403 3899 529 3978 partem
553 3900 699 3960 nostram
724 3892 921 3960 deeimarum
945 3893 1088 3962 civitatis
1113 3917 1185 3962 cum
1201 3894 1288 3966 obla-

157 4001 246 4069 tione
272 4020 476 4069 nummomm
505 4022 526 4068 a
552 4000 860 4087 praedecessoribus
891 4003 1030 4086 nostris,
1063 4002 1288 4088 proquodam

157 4129 270 4177 eornm
281 4110 359 4194 jure
374 4108 508 4193 seilicet,
535 4109 614 4193 quia
629 4107 705 4176 olim
722 4107 1018 4196 Archiepiseopalis
1043 4111 1133 4178 curia
1148 4109 1289 4196 quinque

157 4219 346 4302 Canonicis,
373 4219 580 4304 Presbytero,
606 4217 764 4300 Diacouo,
785 4215 968 4302 Sacristae,
994 4217 1155 4303 Aeolytho
1171 4235 1229 4301 per
1244 4224 1288 4284 te

156 4333 224 4393 tam
240 4327 484 4394 hebdomadam
509 4327 665 4394 alimenta
689 4325 848 4411 praebere
864 4325 1053 4409 tenebatur,
1080 4343 1121 4392 ne
1136 4321 1286 4406 quinque,

155 4435 220 4501 nisi
235 4433 342 4501 tribus
357 4439 483 4501 tantum
499 4433 669 4503 Dominieo
694 4433 748 4500 die
768 4433 886 4500 exinde
900 4437 1072 4518 teneretur,
1098 4449 1287 4500 concessam

156 4541 394 4628 possidebant3
421 4541 503 4608 nihil
519 4541 559 4608 de
575 4540 676 4608 Curia
700 4542 861 4610 nostruin
876 4541 1013 4628 pignore
1037 4538 1115 4626 qnid
1130 4539 1210 4605 dare
1232 4538 1287 4606 ha·

157 4651 307 4732 brimus,
332 4647 397 4718 uisi
412 4655 563 4734 quartam
578 4653 706 4736 partem
731 4648 938 4736 decimarum,
955 4647 1107 4717 videlicet
1126 4651 1288 4715 restaura·
