3164 5192
628 818 705 886 loc.

100 979 160 1045 III.
177 980 287 1046 Orhda
299 985 389 1068 pcipe
413 980 536 1067 hulldjo
552 1004 592 1044 uz
607 985 789 1069 eaztarpomi
812 995 895 1051 caecet
911 987 1015 1053 Jdoot
1030 990 1131 1055 rendli
1146 990 1228 1056 loco·

486 1091 548 1177 pola
564 1094 721 1158 eadmero.
741 1095 839 1159 1187.

200 1251 356 1318 Urbanus
379 1253 563 1339 Episcopus
591 1272 706 1319 seruus
730 1273 898 1322 semomm
918 1257 981 1342 Dej
997 1257 1123 1324 dilectis
1151 1260 1227 1346 dlijs

99 1359 232 1428 Nicolao
253 1361 414 1444 Magistro
441 1362 567 1428 Domus
592 1363 774 1448 Hospitalis
795 1362 907 1430 Sancti
933 1363 1090 1451 Stephani
1114 1367 1225 1453 Regis,

99 1469 154 1534 site
168 1469 350 1555 Strigonij,
377 1487 498 1554 eusque
513 1466 599 1555 (tgy)
615 1469 783 1555 fratribus,
799 1475 867 1536 tam
883 1474 1101 1558 presentibus,
1127 1496 1226 1560 quam

97 1576 226 1664 suturis,
255 1580 440 1663 regularem
457 1580 558 1645 uitam
575 1579 751 1666 professis,
779 1581 1031 1680 inperpetuum.
1057 1585 1227 1669 Religiosa

96 1684 175 1770 loca,
192 1688 316 1755 Diuino
327 1687 428 1754 cultui
444 1687 644 1774 mancipata,
661 1694 809 1754 tenemur
817 1689 1009 1776 apostolica
1024 1693 1225 1776 protectione

96 1792 270 1862 defendere
297 1795 379 1862 etin
396 1797 464 1862 suis
482 1795 621 1882 justitijs
645 1802 736 1865 tanto
752 1799 957 1884 propensiori
985 1799 1093 1866 studio
1118 1799 1223 1868 confo-

96 1921 177 1984 nere,
193 1909 319 1990 quanto
336 1904 496 1972 celebrius
511 1905 545 1971 in
561 1905 610 1972 eis
626 1904 839 1993 Omnipotens
855 1907 1014 1974 Dominus
1030 1907 1166 1992 colitur,
1191 1927 1225 1986 et

97 2011 241 2080 devotius
260 2013 449 2080 afidelibua
473 2014 662 2082 honoratur.
688 2017 883 2102 Eapropter,
905 2015 1016 2081 dilecti
1030 2016 1064 2080 in
1081 2017 1221 2084 Domino

99 2119 167 2205 filij,
191 2120 314 2187 nestris
329 2120 424 2187 iustis
440 2119 713 2206 postulationihus
729 2122 903 2190 clementer
919 2124 1103 2208 annuimus,
1121 2130 1153 2189 et
1169 2123 1223 2190 do·

97 2247 178 2294 mum
194 2237 353 2312 vestram,
369 2229 402 2294 in
419 2229 556 2312 quaDei
573 2229 653 2295 estis
669 2233 702 2294 et
717 2249 898 2315 pauperum
914 2230 1046 2297 servitio
1064 2230 1221 2317 deputati,

96 2338 152 2403 suh
167 2339 265 2406 Beati
279 2340 368 2405 Petri
385 2346 418 2404 et
441 2343 555 2405 nostra
579 2337 777 2424 protectione
804 2338 847 2404 ad
863 2340 1031 2426 exemplar
1054 2339 1160 2407 felicis
1177 2360 1221 2406 re-

96 2445 291 2515 eordationis
313 2446 495 2530 Alexandrj
512 2449 645 2532 Papae,
672 2446 916 2532 predecessoris
937 2449 1058 2533 nostri,
1088 2449 1222 2533 suscipi·

97 2573 180 2638 mus,
207 2561 241 2620 et
265 2555 425 2640 presentis
451 2554 563 2639 scripti
588 2554 761 2640 priuilegio
788 2555 1033 2622 communimus.
1065 2554 1221 2641 Inprimis

96 2663 255 2745 siquidem
272 2668 470 2745 statuentes,
501 2671 536 2728 ut
553 2661 668 2730 domus
684 2663 760 2748 ipsa
776 2681 904 2748 semper
928 2663 971 2728 ait
987 2663 1220 2749 hospitalitatis

97 2770 196 2837 officio
213 2769 348 2854 dedita,
374 2771 426 2836 cui
443 2777 493 2836 est
509 2769 649 2836 discrete
658 2820 667 2854 ,
694 2789 733 2836 ac
750 2769 887 2855 prouide
909 2769 1077 2856 deputata,
1095 2777 1127 2837 et
1142 2769 1221 2838 ordo

97 2881 288 2965 canonicus,
314 2880 370 2965 qui
394 2880 427 2946 in
452 2899 494 2944 ea
510 2878 550 2944 de
574 2879 767 2946 auctoritate
792 2879 847 2966 pie
871 2881 1025 2947 memorie
1049 2879 1221 2946 ldamfredi

99 2985 188 3077 (lgy),
216 2988 382 3073 quondam
398 2987 636 3054 Prenestiensis
653 2985 819 3072 Episcopi,
840 2991 915 3052 tuno
930 2987 1013 3052 inter
1030 2989 1149 3054 Sancte
1165 2988 1220 3054 (ic-

97 3095 165 3162 cilie
181 3097 359 3164 Presbiteri
376 3095 571 3178 Cardinalis,
589 3094 779 3181 Apostolice
792 3093 886 3160 Sedis
896 3093 1024 3179 Legati,
1042 3093 1220 3160 secundum

98 3204 196 3270 Deum
213 3211 248 3270 et
270 3204 364 3270 Beati
378 3203 552 3288 Augustini
577 3203 724 3288 regulam
750 3203 915 3268 institutus
932 3219 1005 3266 esse
1031 3201 1219 3286 dinoscitur,

97 3314 258 3397 perpetuis
274 3311 396 3378 ibidem
411 3311 612 3396 temporibus
637 3309 871 3376 inuiolabiliter
896 3308 1103 3392 obtundetur,
1130 3327 1170 3372 ea
1185 3309 1219 3374 in

96 3422 323 3488 canonicorum
338 3439 472 3487 numero
490 3419 713 3487 moderatione
731 3423 882 3502 seruata,
906 3415 992 3501 quod
1006 3414 1216 3501 hospitalitas

97 3548 191 3612 graue
207 3548 275 3595 non
302 3529 462 3594 sustineat
487 3527 724 3593 detrimentum.
751 3526 906 3590 Pretcrea
921 3543 1132 3610 quascunque
1146 3543 1219 3609 pos-

97 3635 275 3718 sessiones,
309 3653 498 3719 quecunque
528 3634 614 3701 hona
638 3633 753 3700 eadem
778 3633 894 3701 domus
918 3633 953 3699 in
978 3633 1219 3720 presentiarum

96 3742 175 3810 iuste
190 3753 224 3810 et
240 3743 396 3810 canonice
411 3740 577 3827 possidet,
604 3741 656 3808 vel
672 3740 704 3806 in
721 3739 864 3807 futurum
888 3741 1097 3808 concessione
1112 3740 1218 3808 Ponti-

97 3851 207 3936 ticum,
233 3851 407 3936 largitione
422 3850 567 3935 Regum,
593 3849 647 3914 uel
663 3847 860 3933 Principum,
884 3847 1049 3914 oblatione
1064 3846 1217 3932 fidelium,

96 3976 148 4023 seu
173 3961 253 4046 alijs
272 3961 372 4044 justis
396 3957 520 4043 modis,
546 3964 713 4044 prestante
738 3957 877 4025 Domino
889 4007 897 4040 ,
923 3956 1044 4044 poterit
1068 3955 1217 4041 adipisci,

96 4067 183 4134 lirma
199 4069 306 4151 uobis,
331 4069 514 4152 uestrisque
529 4067 775 4135 successoribus
792 4071 824 4133 et
839 4065 969 4132 illibata
994 4069 1216 4149 permancant.

95 4173 176 4244 Sane
193 4197 267 4245 oum
282 4177 453 4245 recolende
478 4177 631 4244 memorie
647 4173 759 4260 caym
781 4172 945 4258 quondam
963 4173 1034 4238 Rex
1049 4171 1218 4255 Hungaro-

97 4302 160 4349 mm
185 4287 410 4370 ierosolimis,
437 4284 522 4352 siout
536 4285 570 4351 in
595 4283 664 4349 eius
687 4283 809 4368 scripto
837 4279 999 4347 autentico
1025 4276 1216 4360 continetur,

96 4390 273 4461 Ecclesiam
291 4395 325 4460 in
341 4396 497 4462 honorem
514 4392 576 4458 Dei
592 4397 624 4457 et
640 4390 683 4457 ad
699 4389 888 4457 memoriam
903 4385 1004 4451 Beate
1019 4383 1122 4450 Mario
1137 4401 1217 4450 sem·

97 4519 150 4583 per
165 4504 330 4590 Virginis,
356 4503 470 4570 matris
487 4520 545 4568 sue
561 4507 593 4567 et
607 4499 717 4567 Sancti
733 4495 892 4584 Stephani
912 4492 1011 4578 Regis
1027 4490 1160 4558 fecisset
1175 4490 1217 4557 de

97 4611 160 4678 suis
175 4619 207 4680 ct
222 4631 354 4681 suorum
370 4610 558 4697 Principum
574 4605 762 4675 elemosinis
778 4604 911 4694 pietatis
927 4600 1046 4670 intuitu
1062 4599 1218 4686 construi,
