<?xml version="1.0" encoding="UTF-8"?>
<!DOCTYPE html PUBLIC "-//W3C//DTD XHTML 1.0 Transitional//EN"
    "http://www.w3.org/TR/xhtml1/DTD/xhtml1-transitional.dtd">
<html xmlns="http://www.w3.org/1999/xhtml" xml:lang="en" lang="en">
 <head>
  <title>
</title>
<meta http-equiv="Content-Type" content="text/html;charset=utf-8" />
  <meta name='ocr-system' content='tesseract 3.04.00' />
  <meta name='ocr-capabilities' content='ocr_page ocr_carea ocr_par ocr_line ocrx_word'/>
</head>
<body>
  <div class='ocr_page' id='page_1' title='image "./codexdiplomatic05wenzgoog_0300.png"; bbox 0 0 3164 5192; ppageno 0'>
   <div class='ocr_carea' id='block_1_1' title="bbox 0 41 4 1304">
    <p class='ocr_par' dir='ltr' id='par_1_1' title="bbox 0 41 4 1304">
     <span class='ocr_line' id='line_1_1' title="bbox 0 41 4 1304; baseline 0 0"><span class='ocrx_word' id='word_1_1' title='bbox 0 41 4 1304; x_wconf 95' lang='lat' dir='ltr'><strong> </strong></span> 
     </span>
    </p>
   </div>
   <div class='ocr_carea' id='block_1_2' title="bbox 898 873 973 943">
    <p class='ocr_par' dir='ltr' id='par_1_2' title="bbox 898 873 973 943">
     <span class='ocr_line' id='line_1_2' title="bbox 898 873 973 943; baseline 0.027 -2"><span class='ocrx_word' id='word_1_2' title='bbox 898 873 973 943; x_wconf 75' lang='lat' dir='ltr'><strong>ltu.</strong></span> 
     </span>
    </p>
   </div>
   <div class='ocr_carea' id='block_1_3' title="bbox 400 1071 1463 1245">
    <p class='ocr_par' dir='ltr' id='par_1_3' title="bbox 400 1071 1463 1245">
     <span class='ocr_line' id='line_1_3' title="bbox 400 1071 1463 1160; baseline -0.007 -19"><span class='ocrx_word' id='word_1_3' title='bbox 400 1075 549 1141; x_wconf 80' lang='lat' dir='ltr'><strong>Bcailius</strong></span> <span class='ocrx_word' id='word_1_4' title='bbox 566 1075 698 1160; x_wconf 77' lang='lat' dir='ltr'><strong>zuporaa&#39;</strong></span> <span class='ocrx_word' id='word_1_5' title='bbox 713 1073 859 1138; x_wconf 69' lang='lat' dir='ltr'><strong>erseknek</strong></span> <span class='ocrx_word' id='word_1_6' title='bbox 874 1072 1126 1137; x_wconf 81' lang='lat' dir='ltr'><strong>bcoootortalma</strong></span> <span class='ocrx_word' id='word_1_7' title='bbox 1141 1071 1233 1135; x_wconf 81' lang='lat' dir='ltr'><strong>laceto</strong></span> <span class='ocrx_word' id='word_1_8' title='bbox 1245 1071 1463 1158; x_wconf 72' lang='lat' dir='ltr'><strong>upynnobboz.</strong></span> 
     </span>
     <span class='ocr_line' id='line_1_4' title="bbox 884 1182 980 1245; baseline -0.01 0"><span class='ocrx_word' id='word_1_9' title='bbox 884 1182 980 1245; x_wconf 83' lang='lat'><strong><em>1203.</em></strong></span> 
     </span>
    </p>
   </div>
   <div class='ocr_carea' id='block_1_4' title="bbox 368 1357 1499 2832">
    <p class='ocr_par' dir='ltr' id='par_1_4' title="bbox 368 1357 1499 2832">
     <span class='ocr_line' id='line_1_5' title="bbox 477 1357 1497 1443; baseline -0.004 -17"><span class='ocrx_word' id='word_1_10' title='bbox 477 1359 614 1428; x_wconf 80' lang='lat' dir='ltr'>Noverit</span> <span class='ocrx_word' id='word_1_11' title='bbox 637 1359 801 1426; x_wconf 78' lang='lat' dir='ltr'><strong>Sanctitas</strong></span> <span class='ocrx_word' id='word_1_12' title='bbox 825 1365 901 1443; x_wconf 89' lang='lat' dir='ltr'><strong>tua,</strong></span> <span class='ocrx_word' id='word_1_13' title='bbox 926 1358 1015 1443; x_wconf 87' lang='lat' dir='ltr'><strong>quod</strong></span> <span class='ocrx_word' id='word_1_14' title='bbox 1039 1377 1120 1443; x_wconf 81' lang='lat' dir='ltr'><strong>ego,</strong></span> <span class='ocrx_word' id='word_1_15' title='bbox 1147 1357 1422 1443; x_wconf 85' lang='lat' dir='ltr'><strong>Archiepiscopus</strong></span> <span class='ocrx_word' id='word_1_16' title='bbox 1437 1357 1497 1423; x_wconf 88' lang='lat' dir='ltr'><strong>Ba·</strong></span> 
     </span>
     <span class='ocr_line' id='line_1_6' title="bbox 368 1465 1494 1554; baseline -0.004 -19"><span class='ocrx_word' id='word_1_17' title='bbox 368 1468 480 1554; x_wconf 88' lang='lat' dir='ltr'><strong>silius,</strong></span> <span class='ocrx_word' id='word_1_18' title='bbox 506 1469 678 1534; x_wconf 90' lang='lat' dir='ltr'><strong>veniebam</strong></span> <span class='ocrx_word' id='word_1_19' title='bbox 702 1489 776 1536; x_wconf 90' lang='lat' dir='ltr'><strong>cum</strong></span> <span class='ocrx_word' id='word_1_20' title='bbox 799 1467 864 1536; x_wconf 89' lang='lat' dir='ltr'><strong>ista</strong></span> <span class='ocrx_word' id='word_1_21' title='bbox 889 1467 1028 1553; x_wconf 90' lang='lat' dir='ltr'><strong>pecunia</strong></span> <span class='ocrx_word' id='word_1_22' title='bbox 1049 1465 1189 1533; x_wconf 87' lang='lat' dir='ltr'><strong>adorare</strong></span> <span class='ocrx_word' id='word_1_23' title='bbox 1214 1466 1429 1534; x_wconf 82' lang='lat' dir='ltr'><strong>Sanctitatem</strong></span> <span class='ocrx_word' id='word_1_24' title='bbox 1450 1473 1494 1530; x_wconf 91' lang='lat' dir='ltr'><strong>tn·</strong></span> 
     </span>
     <span class='ocr_line' id='line_1_7' title="bbox 369 1567 1498 1662; baseline -0.004 -20"><span class='ocrx_word' id='word_1_25' title='bbox 369 1597 433 1661; x_wconf 90' lang='lat' dir='ltr'><strong>am,</strong></span> <span class='ocrx_word' id='word_1_26' title='bbox 450 1584 483 1643; x_wconf 93' lang='lat' dir='ltr'><strong>ct</strong></span> <span class='ocrx_word' id='word_1_27' title='bbox 498 1596 600 1661; x_wconf 89' lang='lat' dir='ltr'><strong>usque</strong></span> <span class='ocrx_word' id='word_1_28' title='bbox 616 1577 659 1642; x_wconf 90' lang='lat' dir='ltr'><strong>ad</strong></span> <span class='ocrx_word' id='word_1_29' title='bbox 674 1577 874 1642; x_wconf 82' lang='lat' dir='ltr'><strong>Duraclrium</strong></span> <span class='ocrx_word' id='word_1_30' title='bbox 890 1575 1035 1662; x_wconf 84' lang='lat' dir='ltr'><strong>perveni,</strong></span> <span class='ocrx_word' id='word_1_31' title='bbox 1059 1573 1116 1640; x_wconf 93' lang='lat' dir='ltr'><strong>ubi</strong></span> <span class='ocrx_word' id='word_1_32' title='bbox 1131 1573 1199 1640; x_wconf 89' lang='lat' dir='ltr'><strong>vidi</strong></span> <span class='ocrx_word' id='word_1_33' title='bbox 1214 1575 1347 1642; x_wconf 91' lang='lat' dir='ltr'><strong>nuntios</strong></span> <span class='ocrx_word' id='word_1_34' title='bbox 1364 1567 1498 1642; x_wconf 85' lang='lat' dir='ltr'><strong>Comitis</strong></span> 
     </span>
     <span class='ocr_line' id='line_1_8' title="bbox 370 1681 1499 1769; baseline -0.004 -19"><span class='ocrx_word' id='word_1_35' title='bbox 370 1683 520 1750; x_wconf 89' lang='lat' dir='ltr'><strong>Walterii</strong></span> <span class='ocrx_word' id='word_1_36' title='bbox 535 1703 661 1750; x_wconf 91' lang='lat' dir='ltr'><strong>mecum</strong></span> <span class='ocrx_word' id='word_1_37' title='bbox 676 1683 801 1769; x_wconf 86' lang='lat' dir='ltr'><strong>pariter</strong></span> <span class='ocrx_word' id='word_1_38' title='bbox 817 1683 1080 1768; x_wconf 79' lang='lat' dir='ltr'><strong>congaudentes,</strong></span> <span class='ocrx_word' id='word_1_39' title='bbox 1101 1687 1135 1746; x_wconf 90' lang='lat' dir='ltr'><strong>et</strong></span> <span class='ocrx_word' id='word_1_40' title='bbox 1149 1681 1362 1767; x_wconf 76' lang='lat' dir='ltr'><strong>disponentes</strong></span> <span class='ocrx_word' id='word_1_41' title='bbox 1375 1700 1499 1746; x_wconf 89' lang='lat' dir='ltr'><strong>mecum</strong></span> 
     </span>
     <span class='ocr_line' id='line_1_9' title="bbox 370 1789 1498 1880; baseline -0.005 -22"><span class='ocrx_word' id='word_1_42' title='bbox 370 1793 492 1880; x_wconf 87' lang='lat' dir='ltr'><strong>pariter</strong></span> <span class='ocrx_word' id='word_1_43' title='bbox 507 1791 739 1876; x_wconf 78' lang='lat' dir='ltr'><strong>transsrctarc3</strong></span> <span class='ocrx_word' id='word_1_44' title='bbox 757 1793 816 1860; x_wconf 89' lang='lat' dir='ltr'><strong>sed</strong></span> <span class='ocrx_word' id='word_1_45' title='bbox 831 1793 989 1875; x_wconf 81' lang='lat' dir='ltr'><strong>Graecus,</strong></span> <span class='ocrx_word' id='word_1_46' title='bbox 1012 1791 1068 1877; x_wconf 87' lang='lat' dir='ltr'><strong>qui</strong></span> <span class='ocrx_word' id='word_1_47' title='bbox 1083 1790 1236 1858; x_wconf 85' lang='lat' dir='ltr'><strong>veniebat</strong></span> <span class='ocrx_word' id='word_1_48' title='bbox 1251 1809 1323 1856; x_wconf 90' lang='lat' dir='ltr'><strong>cum</strong></span> <span class='ocrx_word' id='word_1_49' title='bbox 1339 1789 1419 1872; x_wconf 89' lang='lat' dir='ltr'><strong>illis,</strong></span> <span class='ocrx_word' id='word_1_50' title='bbox 1434 1807 1498 1856; x_wconf 89' lang='lat' dir='ltr'><strong>nou</strong></span> 
     </span>
     <span class='ocr_line' id='line_1_10' title="bbox 370 1896 1496 1988; baseline -0.004 -22"><span class='ocrx_word' id='word_1_51' title='bbox 370 1901 517 1988; x_wconf 83' lang='lat' dir='ltr'><strong>permisit</strong></span> <span class='ocrx_word' id='word_1_52' title='bbox 532 1921 584 1967; x_wconf 90' lang='lat' dir='ltr'><strong>me</strong></span> <span class='ocrx_word' id='word_1_53' title='bbox 599 1901 739 1968; x_wconf 78' lang='lat' dir='ltr'><strong>transire</strong></span> <span class='ocrx_word' id='word_1_54' title='bbox 749 1921 822 1968; x_wconf 90' lang='lat' dir='ltr'><strong>cum</strong></span> <span class='ocrx_word' id='word_1_55' title='bbox 837 1901 914 1985; x_wconf 87' lang='lat' dir='ltr'><strong>illis,</strong></span> <span class='ocrx_word' id='word_1_56' title='bbox 937 1901 1050 1968; x_wconf 87' lang='lat' dir='ltr'><strong>habito</strong></span> <span class='ocrx_word' id='word_1_57' title='bbox 1066 1900 1202 1969; x_wconf 89' lang='lat' dir='ltr'><strong>consilio</strong></span> <span class='ocrx_word' id='word_1_58' title='bbox 1219 1898 1319 1966; x_wconf 91' lang='lat' dir='ltr'><strong>Ducis</strong></span> <span class='ocrx_word' id='word_1_59' title='bbox 1328 1896 1496 1980; x_wconf 86' lang='lat' dir='ltr'><strong>Durachii,</strong></span> 
     </span>
     <span class='ocr_line' id='line_1_11' title="bbox 371 2005 1497 2094; baseline -0.005 -18"><span class='ocrx_word' id='word_1_60' title='bbox 371 2028 542 2094; x_wconf 86' lang='lat' dir='ltr'><strong>asserens,</strong></span> <span class='ocrx_word' id='word_1_61' title='bbox 569 2009 657 2094; x_wconf 87' lang='lat' dir='ltr'><strong>quod</strong></span> <span class='ocrx_word' id='word_1_62' title='bbox 672 2011 845 2076; x_wconf 89' lang='lat' dir='ltr'><strong>molestum</strong></span> <span class='ocrx_word' id='word_1_63' title='bbox 860 2008 1057 2094; x_wconf 89' lang='lat' dir='ltr'><strong>Imperatori</strong></span> <span class='ocrx_word' id='word_1_64' title='bbox 1073 2009 1246 2090; x_wconf 80' lang='lat' dir='ltr'><strong>existeret,</strong></span> <span class='ocrx_word' id='word_1_65' title='bbox 1268 2007 1297 2074; x_wconf 90' lang='lat' dir='ltr'><strong>si</strong></span> <span class='ocrx_word' id='word_1_66' title='bbox 1311 2005 1497 2072; x_wconf 77' lang='lat' dir='ltr'><strong>transirem.</strong></span> 
     </span>
     <span class='ocr_line' id='line_1_12' title="bbox 372 2113 1498 2201; baseline -0.004 -19"><span class='ocrx_word' id='word_1_67' title='bbox 372 2117 443 2195; x_wconf 79' lang='lat' dir='ltr'><strong>Quo</strong></span> <span class='ocrx_word' id='word_1_68' title='bbox 468 2115 599 2200; x_wconf 86' lang='lat' dir='ltr'><strong>audito,</strong></span> <span class='ocrx_word' id='word_1_69' title='bbox 625 2116 904 2201; x_wconf 82' lang='lat' dir='ltr'><strong>Archidiaconus,</strong></span> <span class='ocrx_word' id='word_1_70' title='bbox 931 2123 965 2184; x_wconf 91' lang='lat' dir='ltr'><strong>et</strong></span> <span class='ocrx_word' id='word_1_71' title='bbox 981 2117 1093 2184; x_wconf 88' lang='lat' dir='ltr'><strong>clerici</strong></span> <span class='ocrx_word' id='word_1_72' title='bbox 1107 2117 1315 2200; x_wconf 86' lang='lat' dir='ltr'><strong>Latinorum,</strong></span> <span class='ocrx_word' id='word_1_73' title='bbox 1342 2113 1400 2198; x_wconf 86' lang='lat' dir='ltr'><strong>qni</strong></span> <span class='ocrx_word' id='word_1_74' title='bbox 1427 2119 1498 2180; x_wconf 84' lang='lat' dir='ltr'><strong>sunt</strong></span> 
     </span>
     <span class='ocr_line' id='line_1_13' title="bbox 371 2221 1497 2308; baseline -0.004 -18"><span class='ocrx_word' id='word_1_75' title='bbox 371 2225 539 2308; x_wconf 89' lang='lat' dir='ltr'><strong>Durachii,</strong></span> <span class='ocrx_word' id='word_1_76' title='bbox 555 2224 786 2292; x_wconf 89' lang='lat' dir='ltr'><strong>consuluerunt</strong></span> <span class='ocrx_word' id='word_1_77' title='bbox 800 2225 1008 2292; x_wconf 77' lang='lat' dir='ltr'><strong>similiter&#39;nc</strong></span> <span class='ocrx_word' id='word_1_78' title='bbox 1017 2225 1198 2306; x_wconf 88' lang='lat' dir='ltr'><strong>transirem,</strong></span> <span class='ocrx_word' id='word_1_79' title='bbox 1218 2222 1294 2288; x_wconf 90' lang='lat' dir='ltr'><strong>etsi</strong></span> <span class='ocrx_word' id='word_1_80' title='bbox 1310 2221 1409 2288; x_wconf 89' lang='lat' dir='ltr'><strong>aliter</strong></span> <span class='ocrx_word' id='word_1_81' title='bbox 1426 2239 1497 2306; x_wconf 84' lang='lat' dir='ltr'><strong>age-</strong></span> 
     </span>
     <span class='ocr_line' id='line_1_14' title="bbox 372 2330 1499 2421; baseline -0.003 -24"><span class='ocrx_word' id='word_1_82' title='bbox 372 2351 450 2412; x_wconf 87' lang='lat' dir='ltr'><strong>rem,</strong></span> <span class='ocrx_word' id='word_1_83' title='bbox 466 2351 520 2398; x_wconf 93' lang='lat' dir='ltr'><strong>res</strong></span> <span class='ocrx_word' id='word_1_84' title='bbox 536 2333 715 2400; x_wconf 86' lang='lat' dir='ltr'><strong>amitterem</strong></span> <span class='ocrx_word' id='word_1_85' title='bbox 734 2340 767 2402; x_wconf 92' lang='lat' dir='ltr'><strong>ct</strong></span> <span class='ocrx_word' id='word_1_86' title='bbox 781 2353 967 2421; x_wconf 84' lang='lat' dir='ltr'><strong>porsonam.</strong></span> <span class='ocrx_word' id='word_1_87' title='bbox 994 2332 1106 2418; x_wconf 88' lang='lat' dir='ltr'><strong>Unde,</strong></span> <span class='ocrx_word' id='word_1_88' title='bbox 1127 2332 1200 2398; x_wconf 92' lang='lat' dir='ltr'><strong>misi</strong></span> <span class='ocrx_word' id='word_1_89' title='bbox 1217 2330 1309 2396; x_wconf 81' lang='lat' dir='ltr'><strong>acite</strong></span> <span class='ocrx_word' id='word_1_90' title='bbox 1324 2330 1432 2398; x_wconf 89' lang='lat' dir='ltr'><strong>bonos</strong></span> <span class='ocrx_word' id='word_1_91' title='bbox 1448 2330 1499 2395; x_wconf 92' lang='lat' dir='ltr'><strong>ho·</strong></span> 
     </span>
     <span class='ocr_line' id='line_1_15' title="bbox 372 2438 1498 2528; baseline -0.004 -22"><span class='ocrx_word' id='word_1_92' title='bbox 372 2439 476 2506; x_wconf 90' lang='lat' dir='ltr'><strong>mines</strong></span> <span class='ocrx_word' id='word_1_93' title='bbox 488 2491 496 2524; x_wconf 91' lang='lat'><strong>,</strong></span> <span class='ocrx_word' id='word_1_94' title='bbox 521 2446 554 2505; x_wconf 93' lang='lat' dir='ltr'><strong>et</strong></span> <span class='ocrx_word' id='word_1_95' title='bbox 570 2440 681 2508; x_wconf 85' lang='lat' dir='ltr'><strong>fideles</strong></span> <span class='ocrx_word' id='word_1_96' title='bbox 697 2443 918 2528; x_wconf 83' lang='lat' dir='ltr'><strong>Imperatoris,</strong></span> <span class='ocrx_word' id='word_1_97' title='bbox 943 2442 1093 2526; x_wconf 82' lang='lat' dir='ltr'><strong>Sergium</strong></span> <span class='ocrx_word' id='word_1_98' title='bbox 1116 2438 1444 2521; x_wconf 85' lang='lat' dir='ltr'><strong>Oomestabularium,</strong></span> <span class='ocrx_word' id='word_1_99' title='bbox 1468 2445 1498 2502; x_wconf 91' lang='lat' dir='ltr'><strong>et</strong></span> 
     </span>
     <span class='ocr_line' id='line_1_16' title="bbox 372 2545 1497 2634; baseline -0.003 -22"><span class='ocrx_word' id='word_1_100' title='bbox 372 2545 621 2613; x_wconf 79' lang='lat' dir='ltr'><strong>Constantinum</strong></span> <span class='ocrx_word' id='word_1_101' title='bbox 637 2549 888 2634; x_wconf 86' lang='lat' dir='ltr'><strong>Presbyterum,</strong></span> <span class='ocrx_word' id='word_1_102' title='bbox 915 2549 1032 2634; x_wconf 90' lang='lat' dir='ltr'><strong>quibus</strong></span> <span class='ocrx_word' id='word_1_103' title='bbox 1048 2549 1226 2634; x_wconf 89' lang='lat' dir='ltr'><strong>injunctum</strong></span> <span class='ocrx_word' id='word_1_104' title='bbox 1245 2553 1305 2630; x_wconf 92' lang='lat' dir='ltr'><strong>cst,</strong></span> <span class='ocrx_word' id='word_1_105' title='bbox 1322 2551 1360 2611; x_wconf 88' lang='lat' dir='ltr'><strong>ut</strong></span> <span class='ocrx_word' id='word_1_106' title='bbox 1375 2545 1434 2612; x_wconf 89' lang='lat' dir='ltr'><strong>tibi</strong></span> <span class='ocrx_word' id='word_1_107' title='bbox 1449 2565 1497 2610; x_wconf 85' lang='lat' dir='ltr'><strong>rc·</strong></span> 
     </span>
     <span class='ocr_line' id='line_1_17' title="bbox 371 2653 1497 2742; baseline -0.001 -25"><span class='ocrx_word' id='word_1_108' title='bbox 371 2653 503 2720; x_wconf 91' lang='lat' dir='ltr'><strong>ritatem</strong></span> <span class='ocrx_word' id='word_1_109' title='bbox 528 2661 724 2742; x_wconf 87' lang='lat' dir='ltr'><strong>proponant.</strong></span> <span class='ocrx_word' id='word_1_110' title='bbox 750 2657 893 2742; x_wconf 83' lang='lat' dir='ltr'><strong>Inopiret</strong></span> <span class='ocrx_word' id='word_1_111' title='bbox 917 2656 977 2722; x_wconf 90' lang='lat' dir='ltr'><strong>tibi</strong></span> <span class='ocrx_word' id='word_1_112' title='bbox 992 2655 1168 2740; x_wconf 85' lang='lat' dir='ltr'><strong>Dominus,</strong></span> <span class='ocrx_word' id='word_1_113' title='bbox 1194 2660 1229 2719; x_wconf 90' lang='lat' dir='ltr'><strong>ut</strong></span> <span class='ocrx_word' id='word_1_114' title='bbox 1243 2653 1327 2720; x_wconf 88' lang='lat' dir='ltr'><strong>benc</strong></span> <span class='ocrx_word' id='word_1_115' title='bbox 1351 2660 1384 2718; x_wconf 92' lang='lat' dir='ltr'><strong>te</strong></span> <span class='ocrx_word' id='word_1_116' title='bbox 1400 2673 1497 2738; x_wconf 87' lang='lat' dir='ltr'><strong>super</strong></span> 
     </span>
     <span class='ocr_line' id='line_1_18' title="bbox 372 2761 805 2832; baseline 0.007 -6"><span class='ocrx_word' id='word_1_117' title='bbox 372 2762 435 2828; x_wconf 91' lang='lat' dir='ltr'><strong>hoc</strong></span> <span class='ocrx_word' id='word_1_118' title='bbox 449 2761 582 2830; x_wconf 80' lang='lat' dir='ltr'><strong>seruitio</strong></span> <span class='ocrx_word' id='word_1_119' title='bbox 597 2764 805 2832; x_wconf 90' lang='lat' dir='ltr'><strong>intromittas.</strong></span> 
     </span>
    </p>
   </div>
   <div class='ocr_carea' id='block_1_5' title="bbox 583 2958 1301 3026">
    <p class='ocr_par' dir='ltr' id='par_1_5' title="bbox 583 2958 1301 3026">
     <span class='ocr_line' id='line_1_19' title="bbox 583 2958 1301 3026; baseline -0.001 -15"><span class='ocrx_word' id='word_1_120' title='bbox 583 2958 687 3026; x_wconf 83' lang='lat' dir='ltr'><strong>(illigno</strong></span> <span class='ocrx_word' id='word_1_121' title='bbox 701 2977 726 3014; x_wconf 86' lang='lat' dir='ltr'><strong>u.</strong></span> <span class='ocrx_word' id='word_1_122' title='bbox 741 2979 757 3012; x_wconf 95' lang='lat' dir='ltr'><strong>o</strong></span> <span class='ocrx_word' id='word_1_123' title='bbox 770 2962 807 3013; x_wconf 93' lang='lat' dir='ltr'><strong>Il.</strong></span> <span class='ocrx_word' id='word_1_124' title='bbox 821 2963 877 3014; x_wconf 81' lang='lat' dir='ltr'><strong>lrbt.</strong></span> <span class='ocrx_word' id='word_1_125' title='bbox 894 2965 951 3014; x_wconf 79' lang='lat'>156.</span> <span class='ocrx_word' id='word_1_126' title='bbox 966 2962 1122 3026; x_wconf 77' lang='lat' dir='ltr'><strong>l.;&#39;1¹hcinor</strong></span> <span class='ocrx_word' id='word_1_127' title='bbox 1136 2977 1162 3013; x_wconf 89' lang='lat' dir='ltr'><strong>u.</strong></span> <span class='ocrx_word' id='word_1_128' title='bbox 1176 2977 1199 3012; x_wconf 90' lang='lat' dir='ltr'><strong>o.</strong></span> <span class='ocrx_word' id='word_1_129' title='bbox 1215 2963 1257 3010; x_wconf 74' lang='lat'><strong>21.</strong></span> <span class='ocrx_word' id='word_1_130' title='bbox 1271 2960 1301 3026; x_wconf 91' lang='lat' dir='ltr'><strong>l.)</strong></span> 
     </span>
    </p>
   </div>
   <div class='ocr_carea' id='block_1_6' title="bbox 806 3247 1067 3258">
    <p class='ocr_par' dir='ltr' id='par_1_6' title="bbox 806 3247 1067 3258">
     <span class='ocr_line' id='line_1_20' title="bbox 806 3247 1067 3258; baseline 0 0"><span class='ocrx_word' id='word_1_131' title='bbox 806 3247 1067 3258; x_wconf 53' lang='lat' dir='ltr'><strong>*nn——</strong></span> 
     </span>
    </p>
   </div>
   <div class='ocr_carea' id='block_1_7' title="bbox 454 3691 1418 3976">
    <p class='ocr_par' dir='ltr' id='par_1_7' title="bbox 454 3691 1418 3976">
     <span class='ocr_line' id='line_1_21' title="bbox 903 3691 979 3758; baseline -0.026 0"><span class='ocrx_word' id='word_1_132' title='bbox 903 3691 979 3758; x_wconf 73' lang='lat' dir='ltr'><strong>llil.</strong></span> 
     </span>
     <span class='ocr_line' id='line_1_22' title="bbox 454 3888 1418 3976; baseline 0.004 -25"><span class='ocrx_word' id='word_1_133' title='bbox 454 3889 518 3952; x_wconf 87' lang='grc' dir='ltr'><em>ΙΙΙ.</em></span> <span class='ocrx_word' id='word_1_134' title='bbox 538 3888 626 3953; x_wconf 65' lang='lat' dir='ltr'><strong>incre</strong></span> <span class='ocrx_word' id='word_1_135' title='bbox 637 3889 797 3975; x_wconf 75' lang='lat' dir='ltr'><strong>pdpciualt</strong></span> <span class='ocrx_word' id='word_1_136' title='bbox 813 3891 942 3956; x_wconf 69' lang='lat' dir='ltr'><strong>colocen</strong></span> <span class='ocrx_word' id='word_1_137' title='bbox 959 3913 979 3953; x_wconf 89' lang='lat' dir='ltr'><strong><em>a</em></strong></span> <span class='ocrx_word' id='word_1_138' title='bbox 996 3891 1129 3976; x_wconf 67' lang='lat' dir='ltr'><strong>superui</strong></span> <span class='ocrx_word' id='word_1_139' title='bbox 1145 3889 1299 3954; x_wconf 58' lang='lat' dir='ltr'><strong>beekmk.</strong></span> <span class='ocrx_word' id='word_1_140' title='bbox 1321 3891 1418 3955; x_wconf 84' lang='lat'><strong><em>1203.</em></strong></span> 
     </span>
    </p>
   </div>
   <div class='ocr_carea' id='block_1_8' title="bbox 370 4083 1499 4711">
    <p class='ocr_par' dir='ltr' id='par_1_8' title="bbox 370 4083 1499 4711">
     <span class='ocr_line' id='line_1_23' title="bbox 478 4083 1498 4170; baseline 0.002 -22"><span class='ocrx_word' id='word_1_141' title='bbox 478 4083 685 4150; x_wconf 79' lang='lat' dir='ltr'><strong>Innocentius</strong></span> <span class='ocrx_word' id='word_1_142' title='bbox 708 4085 891 4170; x_wconf 79' lang='lat' dir='ltr'><strong>Episcopus</strong></span> <span class='ocrx_word' id='word_1_143' title='bbox 907 4089 968 4150; x_wconf 91' lang='lat' dir='ltr'><strong>otc.</strong></span> <span class='ocrx_word' id='word_1_144' title='bbox 995 4083 1147 4170; x_wconf 87' lang='lat' dir='ltr'><strong>Receptis</strong></span> <span class='ocrx_word' id='word_1_145' title='bbox 1171 4085 1309 4169; x_wconf 89' lang='lat' dir='ltr'><strong>litteris,</strong></span> <span class='ocrx_word' id='word_1_146' title='bbox 1335 4103 1420 4168; x_wconf 91' lang='lat' dir='ltr'><strong>quas</strong></span> <span class='ocrx_word' id='word_1_147' title='bbox 1439 4085 1498 4150; x_wconf 90' lang='lat' dir='ltr'><strong>snb</strong></span> 
     </span>
     <span class='ocr_line' id='line_1_24' title="bbox 370 4190 1499 4279; baseline 0.004 -25"><span class='ocrx_word' id='word_1_148' title='bbox 370 4190 500 4257; x_wconf 93' lang='lat' dir='ltr'><strong>nominc</strong></span> <span class='ocrx_word' id='word_1_149' title='bbox 523 4191 643 4258; x_wconf 90' lang='lat' dir='ltr'><strong>nobilis</strong></span> <span class='ocrx_word' id='word_1_150' title='bbox 659 4192 720 4256; x_wconf 91' lang='lat' dir='ltr'><strong>viri</strong></span> <span class='ocrx_word' id='word_1_151' title='bbox 736 4191 948 4276; x_wconf 80' lang='lat' dir='ltr'><strong>calojoannis</strong></span> <span class='ocrx_word' id='word_1_152' title='bbox 964 4192 1097 4260; x_wconf 92' lang='lat' dir='ltr'><strong>Domini</strong></span> <span class='ocrx_word' id='word_1_153' title='bbox 1115 4193 1351 4279; x_wconf 82' lang='lat' dir='ltr'><strong>Bulgarorum,</strong></span> <span class='ocrx_word' id='word_1_154' title='bbox 1379 4213 1440 4278; x_wconf 93' lang='lat' dir='ltr'><strong>per</strong></span> <span class='ocrx_word' id='word_1_155' title='bbox 1456 4193 1499 4258; x_wconf 86' lang='lat' dir='ltr'><strong>di·</strong></span> 
     </span>
     <span class='ocr_line' id='line_1_25' title="bbox 370 4294 1499 4386; baseline 0.004 -25"><span class='ocrx_word' id='word_1_156' title='bbox 370 4297 488 4362; x_wconf 91' lang='lat' dir='ltr'><strong>lectum</strong></span> <span class='ocrx_word' id='word_1_157' title='bbox 518 4297 623 4364; x_wconf 88' lang='lat' dir='ltr'><strong>tilium</strong></span> <span class='ocrx_word' id='word_1_158' title='bbox 648 4294 894 4365; x_wconf 79' lang='lat' dir='ltr'><strong>Constantinum</strong></span> <span class='ocrx_word' id='word_1_159' title='bbox 918 4298 1168 4386; x_wconf 85' lang='lat' dir='ltr'><strong>Presbyterum,</strong></span> <span class='ocrx_word' id='word_1_160' title='bbox 1200 4307 1233 4365; x_wconf 93' lang='lat' dir='ltr'><strong>et</strong></span> <span class='ocrx_word' id='word_1_161' title='bbox 1259 4300 1411 4384; x_wconf 83' lang='lat' dir='ltr'><strong>Sergium</strong></span> <span class='ocrx_word' id='word_1_162' title='bbox 1443 4299 1499 4366; x_wconf 81' lang='lat' dir='ltr'><strong>(lo-</strong></span> 
     </span>
     <span class='ocr_line' id='line_1_26' title="bbox 371 4404 1499 4493; baseline 0.003 -23"><span class='ocrx_word' id='word_1_163' title='bbox 371 4404 806 4473; x_wconf 88' lang='lat' dir='ltr'><strong>mestabularinmtuauobis</strong></span> <span class='ocrx_word' id='word_1_164' title='bbox 816 4405 1003 4475; x_wconf 88' lang='lat' dir='ltr'><strong>fraternitas</strong></span> <span class='ocrx_word' id='word_1_165' title='bbox 1016 4407 1204 4493; x_wconf 83' lang='lat' dir='ltr'><strong>destinavit,</strong></span> <span class='ocrx_word' id='word_1_166' title='bbox 1223 4409 1384 4475; x_wconf 89' lang='lat' dir='ltr'><strong>laetitiam</strong></span> <span class='ocrx_word' id='word_1_167' title='bbox 1394 4427 1499 4476; x_wconf 91' lang='lat' dir='ltr'><strong>susce-</strong></span> 
     </span>
     <span class='ocr_line' id='line_1_27' title="bbox 371 4512 1499 4603; baseline 0.006 -27"><span class='ocrx_word' id='word_1_168' title='bbox 371 4512 476 4596; x_wconf 93' lang='lat' dir='ltr'><strong>pimus</strong></span> <span class='ocrx_word' id='word_1_169' title='bbox 487 4513 677 4599; x_wconf 88' lang='lat' dir='ltr'><strong>pleniorem,</strong></span> <span class='ocrx_word' id='word_1_170' title='bbox 694 4513 912 4599; x_wconf 84' lang='lat' dir='ltr'><strong>intelligentes</strong></span> <span class='ocrx_word' id='word_1_171' title='bbox 923 4536 964 4581; x_wconf 83' lang='lat' dir='ltr'><strong>ex</strong></span> <span class='ocrx_word' id='word_1_172' title='bbox 981 4519 1039 4603; x_wconf 89' lang='lat' dir='ltr'><strong>eis,</strong></span> <span class='ocrx_word' id='word_1_173' title='bbox 1058 4517 1145 4602; x_wconf 89' lang='lat' dir='ltr'><strong>quod</strong></span> <span class='ocrx_word' id='word_1_174' title='bbox 1160 4517 1257 4584; x_wconf 86' lang='lat' dir='ltr'><strong>ambo</strong></span> <span class='ocrx_word' id='word_1_175' title='bbox 1274 4517 1398 4601; x_wconf 84' lang='lat' dir='ltr'><strong>pariter</strong></span> <span class='ocrx_word' id='word_1_176' title='bbox 1415 4525 1499 4586; x_wconf 89' lang='lat' dir='ltr'><strong>recte</strong></span> 
     </span>
     <span class='ocr_line' id='line_1_28' title="bbox 370 4619 1497 4711; baseline 0.008 -27"><span class='ocrx_word' id='word_1_177' title='bbox 370 4619 410 4684; x_wconf 86' lang='lat' dir='ltr'><strong>dc</strong></span> <span class='ocrx_word' id='word_1_178' title='bbox 435 4621 580 4687; x_wconf 89' lang='lat' dir='ltr'><strong>clavibus</strong></span> <span class='ocrx_word' id='word_1_179' title='bbox 596 4622 765 4688; x_wconf 81' lang='lat' dir='ltr'><strong>Ecclesiae</strong></span> <span class='ocrx_word' id='word_1_180' title='bbox 790 4624 976 4711; x_wconf 91' lang='lat' dir='ltr'><strong>sentientes,</strong></span> <span class='ocrx_word' id='word_1_181' title='bbox 1003 4625 1170 4692; x_wconf 83' lang='lat' dir='ltr'><strong>Ecclesiae</strong></span> <span class='ocrx_word' id='word_1_182' title='bbox 1186 4626 1354 4692; x_wconf 85' lang='lat' dir='ltr'><strong>Romanae</strong></span> <span class='ocrx_word' id='word_1_183' title='bbox 1378 4627 1497 4693; x_wconf 88' lang='lat' dir='ltr'><strong>Prima·</strong></span> 
     </span>
    </p>
   </div>
   <div class='ocr_carea' id='block_1_9' title="bbox 0 0 1599 5192">
    <p class='ocr_par' dir='ltr' id='par_1_9' title="bbox 0 0 1599 5192">
     <span class='ocr_line' id='line_1_29' title="bbox 0 0 1599 5192; baseline 0 0"><span class='ocrx_word' id='word_1_184' title='bbox 0 0 1599 5192; x_wconf 95' lang='lat' dir='ltr'><strong> </strong></span> 
     </span>
    </p>
   </div>
  </div>
 </body>
</html>
