3218 5192
655 1008 709 1078 70.

118 1207 186 1276 Ill.
202 1207 332 1274 Soador
342 1207 500 1295 pdpduak
524 1211 681 1273 utdsildsa
699 1208 817 1276 Gelie'rt
839 1209 979 1296 spclutci
999 1209 1150 1300 e‘rsckbez,
1167 1210 1247 1301 impp

270 1337 304 1380 ez
328 1316 458 1403 epybdzi
472 1316 629 1380 dutalmdt
644 1318 762 1382 urikdut
778 1318 977 1404 ppukorolju.
994 1321 1094 1384 1170.

228 1511 417 1578 Alexander
441 1513 624 1600 Episcopus
650 1532 762 1580 seruus
789 1533 955 1582 servorum
979 1515 1042 1581 Dei
1069 1515 1246 1582 venerabili

116 1619 214 1687 fratri
231 1618 400 1710 G(irardo)
426 1621 617 1688 Salonitano
636 1622 890 1708 archiepiscopo
916 1624 1125 1709 Apostolicae
1150 1623 1245 1690 Sedis

118 1727 246 1813 Legata
272 1729 431 1813 salutem,
457 1734 490 1794 et
513 1729 735 1814 Apostolieam
762 1729 1029 1795 benedictionem.
1066 1729 1171 1814 Super
1195 1749 1243 1812 eo,

117 1835 208 1920 quod
224 1856 246 1901 a
261 1836 357 1904 nobis
372 1842 431 1902 tua
446 1835 662 1902 fraternitatis
678 1836 856 1920 requisivit,
874 1835 951 1919 quid
961 1836 1112 1902 videlicet
1127 1837 1245 1902 facien-

117 1944 196 2009 dum
221 1944 264 2009 sit
290 1944 331 2009 de
357 1944 517 2028 bigamis,
545 1944 747 2028 inquisitioni
772 1949 847 2008 tuae
871 1944 987 2010 litteris
1018 1944 1244 2030 praesentibus

116 2052 372 2138 respondemus;
402 2053 488 2135 quod
505 2059 537 2118 et
562 2052 765 2119 ordinatores
791 2057 953 2136 potestate
978 2057 1010 2117 et
1033 2051 1137 2118 officio
1162 2050 1244 2118 ordi-

116 2160 232 2243 nandi,
248 2165 281 2224 et
296 2159 448 2243 ordinati,
476 2161 505 2226 si
521 2160 565 2226 ad
581 2145 702 2226 sacros¹
720 2160 850 2226 ordines
865 2159 1005 2246 promoti
1023 2158 1157 2243 luerint,
1185 2159 1243 2224 eis·

116 2267 194 2333 dem
210 2266 330 2334 debent
344 2268 512 2334 ordinibus
523 2267 654 2335 omnino
670 2268 809 2354 privari,
828 2267 906 2352 quia
920 2267 954 2332 in
974 2267 1115 2350 bigamis
1131 2273 1245 2333 contra

120 2369 316 2459 Apostolum
333 2375 514 2460 dispensari
531 2375 698 2458 nonlicet,
723 2381 758 2440 ut
774 2374 817 2440 ad
833 2394 944 2440 sacros
961 2373 1090 2440 ordines
1106 2373 1245 2440 debeant

115 2481 312 2568 promoveri,
338 2483 392 2546 vel
407 2483 440 2547 in
457 2482 589 2566 eisdem,
615 2483 644 2548 si
658 2482 798 2569 promoti
814 2481 943 2564 suerint,
968 2483 1095 2566 possint
1112 2483 1244 2567 aliqate·

116 2607 180 2654 nus
196 2607 398 2674 permanere.
414 2591 452 2655 ln
468 2589 656 2656 ordinatore
681 2595 789 2654 autem
806 2594 913 2674 potest
936 2589 1136 2676 dispensatio
1155 2591 1243 2656 adhi-

116 2696 199 2779 beri,
216 2701 251 2760 ut
267 2695 441 2763 ordinandi
466 2703 627 2783 potestate
643 2702 676 2762 et
692 2696 799 2763 cilicio
814 2717 879 2764 non
901 2699 1057 2783 privetur.
1084 2699 1133 2764 De
1150 2699 1244 2764 simo-

116 2803 212 2868 niace
227 2822 304 2871 vero
314 2804 472 2871 ordinatis
484 2807 581 2890 juxta
597 2804 851 2893 postulationem
861 2810 950 2870 tuam
966 2812 1088 2871 certum
1105 2806 1164 2872 tibi
1180 2827 1243 2872 non

116 2929 291 2995 possumus
308 2913 387 2979 dare
404 2933 605 3000 responsum,
622 2914 687 2980 nisi
703 2913 832 3000 plenius
851 2933 1077 2998 nosceremus,
1104 2914 1244 2998 qualiter

115 3017 240 3084 suerint
254 3019 414 3106 ordinati;
441 3041 513 3087 eum
531 3021 673 3105 quidam,
691 3022 768 3087 licet
783 3022 961 3089 secundum
980 3022 1156 3105 quamdam
1174 3043 1244 3108 spe·

115 3125 211 3209 ciem,
229 3134 340 3214 utpote
356 3131 583 3214 ignorantibus
599 3130 681 3216 ipsis
698 3129 875 3213 ordinatis,
903 3130 1082 3196 simoniace
1097 3130 1244 3196 ordinen-

115 3241 180 3316 tur,
197 3235 232 3298 in
247 3236 314 3302 suis
330 3243 440 3303 wmen
457 3238 586 3324 possint
601 3238 770 3306 ordinibus
786 3257 963 3320 remanere,
981 3239 1060 3321 quia
1074 3238 1244 3304 simoniaci

117 3361 184 3410 non
201 3351 286 3410 sunt.
313 3347 432 3412 Verum
457 3367 556 3432 super
571 3368 630 3432 eo,
656 3348 745 3432 quod
759 3349 793 3414 in
810 3353 925 3431 quarto
953 3351 984 3411 ct
1003 3346 1114 3429 quinto
1139 3345 1243 3430 gradu

118 3453 415 3536 consanguinitatis
440 3453 572 3537 quidam
590 3455 622 3520 in
638 3455 809 3540 provincia
832 3461 889 3520 tua
909 3453 1058 3520 dicuntur
1083 3471 1156 3518 esse
1172 3473 1244 3518 ecn-

113 3559 240 3645 juncti;
266 3568 399 3644 propter
425 3560 578 3628 duritiam
602 3563 715 3648 populi
741 3562 823 3628 talia
845 3560 1061 3646 matrimonia,
1079 3561 1154 3626 licet
1180 3559 1246 3626 sint

117 3676 234 3734 eontra
249 3687 415 3735 sacrorum
432 3689 592 3736 canonum
618 3671 855 3738 institutionem
873 3675 1050 3754 contracta,
1075 3670 1135 3735 sub
1152 3668 1244 3736 silen-

116 3776 176 3858 tio,
193 3784 226 3840 ct
241 3774 499 3844 dissimulatione
515 3784 721 3864 praetereas,
739 3785 771 3844 et
785 3798 827 3844 ne
838 3777 960 3844 similia
975 3777 1015 3844 de
1035 3786 1163 3845 caetero
1179 3799 1245 3844 ma·
1320 3855 1328 3874 ι

117 3883 274 3949 trimonia
289 3885 521 3952 contrabantur
530 3936 539 3970 ,
565 3885 726 3954 universis
752 3885 949 3970 generaliter
964 3885 1097 3952 studeas
1112 3889 1147 3953 in
1163 3908 1245 3954 com-

119 3989 208 4056 muni
226 3991 351 4075 synodo
371 3993 431 4058 sub
457 3994 721 4062 interminatione
746 3995 964 4062 anathematis
990 3995 1176 4078 prohibere;
1194 3993 1246 4059 de-

118 4117 257 4164 cernens
284 4099 371 4182 quod
386 4102 469 4167 talia
494 4102 720 4186 matrimonia,
748 4102 777 4168 si
792 4107 867 4186 post
881 4101 1132 4187 prohibitionem
1156 4109 1245 4166 tuam

118 4214 290 4274 contracta
305 4207 444 4295 fuerint,
470 4212 564 4278 irrita
579 4211 718 4278 debeant
744 4231 836 4296 esse,
863 4215 896 4277 et
911 4217 946 4276 tu
970 4209 1142 4293 deinceps,
1168 4207 1245 4274 siin

118 4316 324 4401 praescripto
341 4319 446 4402 gradu
472 4321 765 4406 consanguinitatis
790 4325 959 4388 contracta
974 4317 1153 4401 inveneris,
1178 4337 1245 4382 cas-

4 4487 12 4498 .
118 4441 195 4488 sare
220 4442 426 4508 nequaquam
447 4429 585 4496 omittes.
612 4429 739 4496 Uxores
756 4435 863 4494 autem
877 4429 975 4511 juxta
998 4425 1137 4491 Divinae
1156 4425 1245 4492 vocis

116 4536 330 4616 praeceptum
347 4539 380 4600 et
396 4537 677 4604 commonitionem
688 4535 837 4621 Apostoli
854 4533 1015 4600 dimittere
1031 4532 1139 4597 nullus
1155 4553 1245 4618 prae·

116 4643 237 4726 sumat,
263 4638 327 4708 nisi
343 4641 417 4709 sola
432 4641 656 4712 fornicatiouis
673 4663 792 4730 causa,
819 4650 851 4710 ct
867 4643 895 4710 si
912 4642 985 4726 quis
1000 4660 1134 4710 uxorem
1151 4661 1244 4712 suam
