<?xml version="1.0" encoding="UTF-8"?>
<!DOCTYPE html PUBLIC "-//W3C//DTD XHTML 1.0 Transitional//EN"
    "http://www.w3.org/TR/xhtml1/DTD/xhtml1-transitional.dtd">
<html xmlns="http://www.w3.org/1999/xhtml" xml:lang="en" lang="en">
 <head>
  <title>
</title>
<meta http-equiv="Content-Type" content="text/html;charset=utf-8" />
  <meta name='ocr-system' content='tesseract 3.04.00' />
  <meta name='ocr-capabilities' content='ocr_page ocr_carea ocr_par ocr_line ocrx_word'/>
</head>
<body>
  <div class='ocr_page' id='page_1' title='image "./codexdiplomatic05wenzgoog_0204.png"; bbox 0 0 3218 5192; ppageno 0'>
   <div class='ocr_carea' id='block_1_1' title="bbox 859 357 1012 462">
    <p class='ocr_par' dir='ltr' id='par_1_1' title="bbox 859 357 1012 462">
     <span class='ocr_line' id='line_1_1' title="bbox 859 357 1012 462; baseline 0 -38"><span class='ocrx_word' id='word_1_1' title='bbox 859 357 1012 462; x_wconf 41' lang='lat' dir='ltr'>joa</span> 
     </span>
    </p>
   </div>
   <div class='ocr_carea' id='block_1_2' title="bbox 371 551 1512 860">
    <p class='ocr_par' dir='ltr' id='par_1_2' title="bbox 371 551 1512 860">
     <span class='ocr_line' id='line_1_2' title="bbox 372 551 1512 646; baseline -0.008 -18"><span class='ocrx_word' id='word_1_2' title='bbox 372 577 434 646; x_wconf 88' lang='lat' dir='ltr'>po;</span> <span class='ocrx_word' id='word_1_3' title='bbox 449 557 577 625; x_wconf 83' lang='lat' dir='ltr'>Thoma</span> <span class='ocrx_word' id='word_1_4' title='bbox 591 555 742 623; x_wconf 89' lang='lat' dir='ltr'>Palatino</span> <span class='ocrx_word' id='word_1_5' title='bbox 753 554 889 639; x_wconf 81' lang='lat' dir='ltr'>Comite,</span> <span class='ocrx_word' id='word_1_6' title='bbox 907 555 989 622; x_wconf 84' lang='lat' dir='ltr'>Molr</span> <span class='ocrx_word' id='word_1_7' title='bbox 1006 553 1129 621; x_wconf 81' lang='lat' dir='ltr'>Gariali</span> <span class='ocrx_word' id='word_1_8' title='bbox 1143 552 1278 621; x_wconf 79' lang='lat' dir='ltr'>Comite.</span> <span class='ocrx_word' id='word_1_9' title='bbox 1294 552 1389 618; x_wconf 88' lang='lat' dir='ltr'>Hanc</span> <span class='ocrx_word' id='word_1_10' title='bbox 1403 551 1512 636; x_wconf 86' lang='lat' dir='ltr'>Regia</span> 
     </span>
     <span class='ocr_line' id='line_1_3' title="bbox 371 661 1512 747; baseline -0.009 -13"><span class='ocrx_word' id='word_1_11' title='bbox 371 665 631 734; x_wconf 86' lang='lat' dir='ltr'>confirmacionis</span> <span class='ocrx_word' id='word_1_12' title='bbox 647 663 766 732; x_wconf 89' lang='lat' dir='ltr'>seriem</span> <span class='ocrx_word' id='word_1_13' title='bbox 782 662 949 729; x_wconf 76' lang='lat' dir='ltr'><strong>Adrianus</strong></span> <span class='ocrx_word' id='word_1_14' title='bbox 969 662 1131 731; x_wconf 83' lang='lat' dir='ltr'>Burlensis</span> <span class='ocrx_word' id='word_1_15' title='bbox 1143 661 1288 729; x_wconf 84' lang='lat' dir='ltr'>Ecclesie</span> <span class='ocrx_word' id='word_1_16' title='bbox 1305 661 1512 747; x_wconf 87' lang='lat' dir='ltr'>Prepositns‚</span> 
     </span>
     <span class='ocr_line' id='line_1_4' title="bbox 371 771 1096 860; baseline -0.006 -18"><span class='ocrx_word' id='word_1_17' title='bbox 371 781 405 842; x_wconf 87' lang='lat' dir='ltr'>et</span> <span class='ocrx_word' id='word_1_18' title='bbox 420 775 554 860; x_wconf 81' lang='lat' dir='ltr'>Regalis</span> <span class='ocrx_word' id='word_1_19' title='bbox 569 772 654 839; x_wconf 82' lang='lat' dir='ltr'>Aule</span> <span class='ocrx_word' id='word_1_20' title='bbox 670 771 895 841; x_wconf 82' lang='lat' dir='ltr'>Cancellarins</span> <span class='ocrx_word' id='word_1_21' title='bbox 918 771 1096 840; x_wconf 89' lang='lat' dir='ltr'>adnotauit.</span> 
     </span>
    </p>
   </div>
   <div class='ocr_carea' id='block_1_3' title="bbox 371 948 1512 1023">
    <p class='ocr_par' dir='ltr' id='par_1_3' title="bbox 371 948 1512 1023">
     <span class='ocr_line' id='line_1_5' title="bbox 371 948 1512 1023; baseline -0.005 -15"><span class='ocrx_word' id='word_1_22' title='bbox 371 954 406 1022; x_wconf 83' lang='grc' dir='ltr'>(Δ</span> <span class='ocrx_word' id='word_1_23' title='bbox 418 954 611 1023; x_wconf 84' lang='lat' dir='ltr'>pannonhalmi</span> <span class='ocrx_word' id='word_1_24' title='bbox 623 951 767 1022; x_wconf 71' lang='lat' dir='ltr'>ibapbtsbg</span> <span class='ocrx_word' id='word_1_25' title='bbox 780 948 967 1005; x_wconf 68' lang='lat' dir='ltr'>levbltbrlban</span> <span class='ocrx_word' id='word_1_26' title='bbox 983 949 1070 1006; x_wconf 75' lang='lat' dir='ltr'>leterii</span> <span class='ocrx_word' id='word_1_27' title='bbox 1084 951 1111 1006; x_wconf 87' lang='lat' dir='ltr'>ri.</span> <span class='ocrx_word' id='word_1_28' title='bbox 1125 969 1151 1004; x_wconf 89' lang='lat' dir='ltr'>n.</span> <span class='ocrx_word' id='word_1_29' title='bbox 1164 957 1243 1004; x_wconf 76' lang='lat' dir='ltr'>vorbs</span> <span class='ocrx_word' id='word_1_30' title='bbox 1256 951 1395 1018; x_wconf 78' lang='lat' dir='ltr'>lrbnyubbl</span> <span class='ocrx_word' id='word_1_31' title='bbox 1418 953 1464 1003; x_wconf 85' lang='grc'>18.</span> <span class='ocrx_word' id='word_1_32' title='bbox 1481 950 1512 1012; x_wconf 84' lang='lat'>1.)</span> 
     </span>
    </p>
   </div>
   <div class='ocr_carea' id='block_1_4' title="bbox 420 1706 1464 1978">
    <p class='ocr_par' dir='ltr' id='par_1_4' title="bbox 420 1706 1464 1978">
     <span class='ocr_line' id='line_1_6' title="bbox 902 1706 979 1774; baseline 0 -1"><span class='ocrx_word' id='word_1_33' title='bbox 902 1706 979 1774; x_wconf 78' lang='lat'>103.</span> 
     </span>
     <span class='ocr_line' id='line_1_7' title="bbox 420 1882 1464 1978; baseline -0.005 -21"><span class='ocrx_word' id='word_1_34' title='bbox 420 1889 485 1961; x_wconf 81' lang='lat' dir='ltr'>m.</span> <span class='ocrx_word' id='word_1_35' title='bbox 503 1887 582 1958; x_wconf 67' lang='lat' dir='ltr'>Bata</span> <span class='ocrx_word' id='word_1_36' title='bbox 599 1889 706 1978; x_wconf 73' lang='lat' dir='ltr'>ln&#39;rdly</span> <span class='ocrx_word' id='word_1_37' title='bbox 719 1887 898 1978; x_wconf 64' lang='lat' dir='ltr'>magerbein</span> <span class='ocrx_word' id='word_1_38' title='bbox 913 1911 934 1952; x_wconf 86' lang='lat' dir='ltr'>a</span> <span class='ocrx_word' id='word_1_39' title='bbox 951 1883 1109 1974; x_wconf 80' lang='lat' dir='ltr'>cajlcac&#39;ak</span> <span class='ocrx_word' id='word_1_40' title='bbox 1123 1882 1342 1972; x_wconf 72' lang='lat' dir='ltr'>azabadsdpdt.</span> <span class='ocrx_word' id='word_1_41' title='bbox 1360 1887 1464 1952; x_wconf 78' lang='lat'><strong><em>1186.</em></strong></span> 
     </span>
    </p>
   </div>
   <div class='ocr_carea' id='block_1_5' title="bbox 375 2063 1512 4207">
    <p class='ocr_par' dir='ltr' id='par_1_5' title="bbox 375 2063 1512 4207">
     <span class='ocr_line' id='line_1_8' title="bbox 481 2063 1511 2154; baseline -0.006 -18"><span class='ocrx_word' id='word_1_42' title='bbox 481 2072 519 2136; x_wconf 91' lang='lat' dir='ltr'>In</span> <span class='ocrx_word' id='word_1_43' title='bbox 533 2069 664 2138; x_wconf 89' lang='lat' dir='ltr'>nomine</span> <span class='ocrx_word' id='word_1_44' title='bbox 678 2069 797 2154; x_wconf 89' lang='lat' dir='ltr'>Patris,</span> <span class='ocrx_word' id='word_1_45' title='bbox 823 2074 855 2135; x_wconf 89' lang='lat' dir='ltr'>et</span> <span class='ocrx_word' id='word_1_46' title='bbox 870 2065 956 2150; x_wconf 84' lang='lat' dir='ltr'>Filii,</span> <span class='ocrx_word' id='word_1_47' title='bbox 981 2071 1013 2131; x_wconf 90' lang='lat' dir='ltr'>et</span> <span class='ocrx_word' id='word_1_48' title='bbox 1029 2063 1171 2149; x_wconf 83' lang='lat' dir='ltr'>Spiritus</span> <span class='ocrx_word' id='word_1_49' title='bbox 1197 2063 1319 2130; x_wconf 85' lang='lat' dir='ltr'>Sancti.</span> <span class='ocrx_word' id='word_1_50' title='bbox 1346 2063 1430 2129; x_wconf 85' lang='lat' dir='ltr'>Belo</span> <span class='ocrx_word' id='word_1_51' title='bbox 1448 2066 1511 2130; x_wconf 88' lang='lat' dir='ltr'>Dei</span> 
     </span>
     <span class='ocr_line' id='line_1_9' title="bbox 377 2173 1511 2264; baseline -0.006 -20"><span class='ocrx_word' id='word_1_52' title='bbox 377 2178 490 2264; x_wconf 86' lang='lat' dir='ltr'>gracia</span> <span class='ocrx_word' id='word_1_53' title='bbox 505 2181 575 2244; x_wconf 83' lang='lat' dir='ltr'>Rex</span> <span class='ocrx_word' id='word_1_54' title='bbox 595 2175 761 2260; x_wconf 89' lang='lat' dir='ltr'>Hungarie</span> <span class='ocrx_word' id='word_1_55' title='bbox 777 2176 906 2261; x_wconf 91' lang='lat' dir='ltr'>tercius,</span> <span class='ocrx_word' id='word_1_56' title='bbox 934 2175 1018 2240; x_wconf 90' lang='lat' dir='ltr'>bone</span> <span class='ocrx_word' id='word_1_57' title='bbox 1034 2173 1190 2239; x_wconf 82' lang='lat' dir='ltr'>memorie</span> <span class='ocrx_word' id='word_1_58' title='bbox 1207 2175 1316 2259; x_wconf 81' lang='lat' dir='ltr'>Geyze</span> <span class='ocrx_word' id='word_1_59' title='bbox 1332 2173 1434 2256; x_wconf 89' lang='lat' dir='ltr'>Regis</span> <span class='ocrx_word' id='word_1_60' title='bbox 1452 2174 1511 2238; x_wconf 86' lang='lat' dir='ltr'>iili·</span> 
     </span>
     <span class='ocr_line' id='line_1_10' title="bbox 375 2279 1512 2366; baseline -0.006 -14"><span class='ocrx_word' id='word_1_61' title='bbox 375 2305 424 2352; x_wconf 88' lang='lat' dir='ltr'>us.</span> <span class='ocrx_word' id='word_1_62' title='bbox 451 2283 619 2351; x_wconf 87' lang='lat' dir='ltr'>Vniversis</span> <span class='ocrx_word' id='word_1_63' title='bbox 636 2282 757 2348; x_wconf 79' lang='lat' dir='ltr'>Christi</span> <span class='ocrx_word' id='word_1_64' title='bbox 772 2282 941 2366; x_wconf 87' lang='lat' dir='ltr'>fidelibus,</span> <span class='ocrx_word' id='word_1_65' title='bbox 969 2280 1012 2346; x_wconf 88' lang='lat' dir='ltr'>ad</span> <span class='ocrx_word' id='word_1_66' title='bbox 1028 2301 1109 2366; x_wconf 90' lang='lat' dir='ltr'>qnos</span> <span class='ocrx_word' id='word_1_67' title='bbox 1126 2279 1234 2345; x_wconf 90' lang='lat' dir='ltr'>littere</span> <span class='ocrx_word' id='word_1_68' title='bbox 1250 2287 1420 2366; x_wconf 80' lang='lat' dir='ltr'><strong>presentes</strong></span> <span class='ocrx_word' id='word_1_69' title='bbox 1438 2301 1512 2366; x_wconf 87' lang='lat' dir='ltr'>per·</span> 
     </span>
     <span class='ocr_line' id='line_1_11' title="bbox 375 2388 1511 2477; baseline -0.004 -19"><span class='ocrx_word' id='word_1_70' title='bbox 375 2393 533 2476; x_wconf 87' lang='lat' dir='ltr'>uenirent,</span> <span class='ocrx_word' id='word_1_71' title='bbox 551 2393 689 2457; x_wconf 91' lang='lat' dir='ltr'>salntem</span> <span class='ocrx_word' id='word_1_72' title='bbox 707 2393 741 2457; x_wconf 94' lang='lat' dir='ltr'>in</span> <span class='ocrx_word' id='word_1_73' title='bbox 758 2411 806 2476; x_wconf 92' lang='lat' dir='ltr'>eo,</span> <span class='ocrx_word' id='word_1_74' title='bbox 824 2389 878 2477; x_wconf 91' lang='lat' dir='ltr'>qni</span> <span class='ocrx_word' id='word_1_75' title='bbox 895 2395 944 2456; x_wconf 92' lang='lat' dir='ltr'>est</span> <span class='ocrx_word' id='word_1_76' title='bbox 960 2388 1051 2454; x_wconf 86' lang='lat' dir='ltr'>salus</span> <span class='ocrx_word' id='word_1_77' title='bbox 1065 2389 1219 2455; x_wconf 89' lang='lat' dir='ltr'>omnium.</span> <span class='ocrx_word' id='word_1_78' title='bbox 1237 2388 1401 2465; x_wconf 82' lang='lat' dir='ltr'>Quoniam</span> <span class='ocrx_word' id='word_1_79' title='bbox 1419 2389 1511 2454; x_wconf 85' lang='lat' dir='ltr'>facta</span> 
     </span>
     <span class='ocr_line' id='line_1_12' title="bbox 375 2497 1509 2586; baseline -0.002 -21"><span class='ocrx_word' id='word_1_80' title='bbox 375 2520 501 2585; x_wconf 86' lang='lat' dir='ltr'><strong>queque</strong></span> <span class='ocrx_word' id='word_1_81' title='bbox 518 2499 843 2586; x_wconf 84' lang='lat' dir='ltr'>mortalinmingrata</span> <span class='ocrx_word' id='word_1_82' title='bbox 859 2498 1060 2585; x_wconf 79' lang='lat' dir='ltr'>posteritatis</span> <span class='ocrx_word' id='word_1_83' title='bbox 1079 2499 1167 2564; x_wconf 90' lang='lat' dir='ltr'>celat</span> <span class='ocrx_word' id='word_1_84' title='bbox 1179 2497 1310 2583; x_wconf 90' lang='lat' dir='ltr'>obliuio,</span> <span class='ocrx_word' id='word_1_85' title='bbox 1327 2507 1509 2586; x_wconf 86' lang='lat' dir='ltr'>propterea</span> 
     </span>
     <span class='ocr_line' id='line_1_13' title="bbox 375 2605 1509 2696; baseline -0.002 -22"><span class='ocrx_word' id='word_1_86' title='bbox 375 2614 519 2674; x_wconf 82' lang='lat' dir='ltr'>veterum</span> <span class='ocrx_word' id='word_1_87' title='bbox 536 2611 717 2694; x_wconf 88' lang='lat' dir='ltr'>sagacitate</span> <span class='ocrx_word' id='word_1_88' title='bbox 728 2615 997 2696; x_wconf 88' lang='lat' dir='ltr'>compertumest,</span> <span class='ocrx_word' id='word_1_89' title='bbox 1018 2616 1052 2674; x_wconf 89' lang='lat' dir='ltr'>vt</span> <span class='ocrx_word' id='word_1_90' title='bbox 1063 2605 1307 2673; x_wconf 87' lang='lat' dir='ltr'>successoribus</span> <span class='ocrx_word' id='word_1_91' title='bbox 1323 2605 1509 2672; x_wconf 89' lang='lat' dir='ltr'>litterarum</span> 
     </span>
     <span class='ocr_line' id='line_1_14' title="bbox 376 2714 1510 2800; baseline -0.003 -18"><span class='ocrx_word' id='word_1_92' title='bbox 376 2715 483 2783; x_wconf 86' lang='lat' dir='ltr'>officio</span> <span class='ocrx_word' id='word_1_93' title='bbox 509 2725 676 2800; x_wconf 87' lang='lat' dir='ltr'>tamquam</span> <span class='ocrx_word' id='word_1_94' title='bbox 701 2717 846 2784; x_wconf 82' lang='lat' dir='ltr'>recentia</span> <span class='ocrx_word' id='word_1_95' title='bbox 862 2719 1037 2782; x_wconf 80' lang='lat' dir='ltr'>reluceant.</span> <span class='ocrx_word' id='word_1_96' title='bbox 1064 2715 1148 2780; x_wconf 93' lang='lat' dir='ltr'>Hinc</span> <span class='ocrx_word' id='word_1_97' title='bbox 1164 2723 1213 2780; x_wconf 92' lang='lat' dir='ltr'>est</span> <span class='ocrx_word' id='word_1_98' title='bbox 1232 2734 1330 2799; x_wconf 91' lang='lat' dir='ltr'>ergo,</span> <span class='ocrx_word' id='word_1_99' title='bbox 1358 2715 1449 2797; x_wconf 86' lang='lat' dir='ltr'>qnod</span> <span class='ocrx_word' id='word_1_100' title='bbox 1466 2714 1510 2780; x_wconf 89' lang='lat' dir='ltr'>ad</span> 
     </span>
     <span class='ocr_line' id='line_1_15' title="bbox 375 2823 1509 2910; baseline 0 -22"><span class='ocrx_word' id='word_1_101' title='bbox 375 2823 601 2892; x_wconf 89' lang='lat' dir='ltr'>uniuersorum</span> <span class='ocrx_word' id='word_1_102' title='bbox 625 2825 779 2894; x_wconf 79' lang='lat' dir='ltr'>noticiam</span> <span class='ocrx_word' id='word_1_103' title='bbox 804 2834 917 2893; x_wconf 88' lang='lat' dir='ltr'>tenore</span> <span class='ocrx_word' id='word_1_104' title='bbox 941 2825 1142 2910; x_wconf 89' lang='lat' dir='ltr'>presentium</span> <span class='ocrx_word' id='word_1_105' title='bbox 1157 2824 1306 2890; x_wconf 70' lang='lat' dir='ltr'>columns</span> <span class='ocrx_word' id='word_1_106' title='bbox 1322 2823 1509 2908; x_wconf 85' lang='lat' dir='ltr'>pervenire,</span> 
     </span>
     <span class='ocr_line' id='line_1_16' title="bbox 376 2929 1508 3019; baseline -0.002 -23"><span class='ocrx_word' id='word_1_107' title='bbox 376 2932 464 3017; x_wconf 89' lang='lat' dir='ltr'>quod</span> <span class='ocrx_word' id='word_1_108' title='bbox 479 2931 543 2999; x_wconf 89' lang='lat' dir='ltr'>Job</span> <span class='ocrx_word' id='word_1_109' title='bbox 559 2933 834 3019; x_wconf 73' lang='lat' dir='ltr'>archiepiscopus</span> <span class='ocrx_word' id='word_1_110' title='bbox 850 2932 1082 3017; x_wconf 86' lang='lat' dir='ltr'>Strigoniensis</span> <span class='ocrx_word' id='word_1_111' title='bbox 1098 2937 1254 2997; x_wconf 87' lang='lat' dir='ltr'>terrarum</span> <span class='ocrx_word' id='word_1_112' title='bbox 1275 2929 1437 3014; x_wconf 88' lang='lat' dir='ltr'>quosdam</span> <span class='ocrx_word' id='word_1_113' title='bbox 1455 2931 1508 2996; x_wconf 93' lang='lat' dir='ltr'>bo-</span> 
     </span>
     <span class='ocr_line' id='line_1_17' title="bbox 377 3038 1507 3128; baseline -0.003 -22"><span class='ocrx_word' id='word_1_114' title='bbox 377 3040 479 3107; x_wconf 90' lang='lat' dir='ltr'>mines</span> <span class='ocrx_word' id='word_1_115' title='bbox 496 3038 737 3108; x_wconf 87' lang='lat' dir='ltr'>dePosoniensi</span> <span class='ocrx_word' id='word_1_116' title='bbox 749 3041 930 3128; x_wconf 87' lang='lat' dir='ltr'>prouincia,</span> <span class='ocrx_word' id='word_1_117' title='bbox 947 3041 1112 3106; x_wconf 87' lang='lat' dir='ltr'>Marchnm</span> <span class='ocrx_word' id='word_1_118' title='bbox 1123 3045 1154 3104; x_wconf 88' lang='lat' dir='ltr'>et</span> <span class='ocrx_word' id='word_1_119' title='bbox 1164 3039 1294 3104; x_wconf 89' lang='lat' dir='ltr'>Petrum</span> <span class='ocrx_word' id='word_1_120' title='bbox 1311 3039 1344 3103; x_wconf 92' lang='lat' dir='ltr'>in</span> <span class='ocrx_word' id='word_1_121' title='bbox 1355 3045 1507 3106; x_wconf 87' lang='lat' dir='ltr'>nostram</span> 
     </span>
     <span class='ocr_line' id='line_1_18' title="bbox 377 3146 1509 3236; baseline -0.002 -23"><span class='ocrx_word' id='word_1_122' title='bbox 377 3146 590 3236; x_wconf 88' lang='lat' dir='ltr'>presenciam,</span> <span class='ocrx_word' id='word_1_123' title='bbox 608 3167 710 3232; x_wconf 91' lang='lat' dir='ltr'>agens</span> <span class='ocrx_word' id='word_1_124' title='bbox 727 3153 841 3214; x_wconf 91' lang='lat' dir='ltr'>contra</span> <span class='ocrx_word' id='word_1_125' title='bbox 856 3149 947 3234; x_wconf 91' lang='lat' dir='ltr'>ipsos</span> <span class='ocrx_word' id='word_1_126' title='bbox 965 3167 1063 3235; x_wconf 90' lang='lat' dir='ltr'>super</span> <span class='ocrx_word' id='word_1_127' title='bbox 1072 3148 1224 3215; x_wconf 90' lang='lat' dir='ltr'>libertate</span> <span class='ocrx_word' id='word_1_128' title='bbox 1240 3166 1351 3213; x_wconf 91' lang='lat' dir='ltr'>eorum</span> <span class='ocrx_word' id='word_1_129' title='bbox 1368 3153 1402 3212; x_wconf 90' lang='lat' dir='ltr'>et</span> <span class='ocrx_word' id='word_1_130' title='bbox 1418 3166 1509 3213; x_wconf 88' lang='lat' dir='ltr'>asse-</span> 
     </span>
     <span class='ocr_line' id='line_1_19' title="bbox 377 3253 1509 3341; baseline -0.004 -19"><span class='ocrx_word' id='word_1_131' title='bbox 377 3275 451 3322; x_wconf 91' lang='lat' dir='ltr'>rens</span> <span class='ocrx_word' id='word_1_132' title='bbox 468 3254 601 3322; x_wconf 89' lang='lat' dir='ltr'>eosdem</span> <span class='ocrx_word' id='word_1_133' title='bbox 612 3254 807 3338; x_wconf 89' lang='lat' dir='ltr'>jobagiones</span> <span class='ocrx_word' id='word_1_134' title='bbox 820 3255 966 3321; x_wconf 83' lang='lat' dir='ltr'>Ecclesia</span> <span class='ocrx_word' id='word_1_135' title='bbox 982 3256 1229 3341; x_wconf 82' lang='lat' dir='ltr'>prenominate3</span> <span class='ocrx_word' id='word_1_136' title='bbox 1246 3253 1293 3338; x_wconf 90' lang='lat' dir='ltr'>hij</span> <span class='ocrx_word' id='word_1_137' title='bbox 1304 3273 1382 3321; x_wconf 87' lang='lat' dir='ltr'>vero</span> <span class='ocrx_word' id='word_1_138' title='bbox 1399 3255 1509 3320; x_wconf 81' lang='lat' dir='ltr'>‹licen-</span> 
     </span>
     <span class='ocr_line' id='line_1_20' title="bbox 376 3361 1508 3448; baseline -0.003 -19"><span class='ocrx_word' id='word_1_139' title='bbox 376 3369 437 3448; x_wconf 88' lang='lat' dir='ltr'>tes,</span> <span class='ocrx_word' id='word_1_140' title='bbox 454 3381 490 3429; x_wconf 90' lang='lat' dir='ltr'>se</span> <span class='ocrx_word' id='word_1_141' title='bbox 505 3381 578 3428; x_wconf 90' lang='lat' dir='ltr'>esse</span> <span class='ocrx_word' id='word_1_142' title='bbox 593 3362 714 3430; x_wconf 89' lang='lat' dir='ltr'>liberos</span> <span class='ocrx_word' id='word_1_143' title='bbox 724 3369 758 3429; x_wconf 92' lang='lat' dir='ltr'>et</span> <span class='ocrx_word' id='word_1_144' title='bbox 773 3362 907 3429; x_wconf 90' lang='lat' dir='ltr'>militari</span> <span class='ocrx_word' id='word_1_145' title='bbox 921 3373 1048 3429; x_wconf 86' lang='lat' dir='ltr'>armatu</span> <span class='ocrx_word' id='word_1_146' title='bbox 1064 3364 1097 3428; x_wconf 95' lang='lat' dir='ltr'>in</span> <span class='ocrx_word' id='word_1_147' title='bbox 1111 3361 1255 3428; x_wconf 84' lang='lat' dir='ltr'>exercitu</span> <span class='ocrx_word' id='word_1_148' title='bbox 1266 3361 1390 3428; x_wconf 87' lang='lat' dir='ltr'>domini</span> <span class='ocrx_word' id='word_1_149' title='bbox 1405 3363 1508 3446; x_wconf 88' lang='lat' dir='ltr'>Regis</span> 
     </span>
     <span class='ocr_line' id='line_1_21' title="bbox 378 3451 1508 3556; baseline 0 -21"><span class='ocrx_word' id='word_1_150' title='bbox 378 3468 580 3553; x_wconf 86' lang='lat' dir='ltr'>equitandos,</span> <span class='ocrx_word' id='word_1_151' title='bbox 597 3475 763 3552; x_wconf 84' lang='lat' dir='ltr'>tamquam</span> <span class='ocrx_word' id='word_1_152' title='bbox 780 3470 872 3536; x_wconf 88' lang='lat' dir='ltr'>decet</span> <span class='ocrx_word' id='word_1_153' title='bbox 888 3470 1015 3537; x_wconf 90' lang='lat' dir='ltr'>nobiles</span> <span class='ocrx_word' id='word_1_154' title='bbox 1034 3468 1224 3536; x_wconf 89' lang='lat' dir='ltr'>seruientes.</span> <span class='ocrx_word' id='word_1_155' title='bbox 1241 3451 1410 3556; x_wconf 84' lang='lat' dir='ltr'>Perceptis</span> <span class='ocrx_word' id='word_1_156' title='bbox 1427 3489 1508 3553; x_wconf 89' lang='lat' dir='ltr'>ergo</span> 
     </span>
     <span class='ocr_line' id='line_1_22' title="bbox 378 3576 1508 3662; baseline -0.001 -20"><span class='ocrx_word' id='word_1_157' title='bbox 378 3577 524 3662; x_wconf 84' lang='lat' dir='ltr'>ipsorum</span> <span class='ocrx_word' id='word_1_158' title='bbox 540 3577 817 3662; x_wconf 87' lang='lat' dir='ltr'>responsionibus,</span> <span class='ocrx_word' id='word_1_159' title='bbox 843 3598 914 3646; x_wconf 91' lang='lat' dir='ltr'>cnm</span> <span class='ocrx_word' id='word_1_160' title='bbox 932 3579 1040 3644; x_wconf 90' lang='lat' dir='ltr'>multis</span> <span class='ocrx_word' id='word_1_161' title='bbox 1056 3579 1160 3644; x_wconf 87' lang='lat' dir='ltr'>nostri</span> <span class='ocrx_word' id='word_1_162' title='bbox 1175 3576 1279 3661; x_wconf 84' lang='lat' dir='ltr'>Regni</span> <span class='ocrx_word' id='word_1_163' title='bbox 1296 3577 1508 3661; x_wconf 85' lang='lat' dir='ltr'>magnatibus</span> 
     </span>
     <span class='ocr_line' id='line_1_23' title="bbox 378 3683 1507 3774; baseline -0.002 -23"><span class='ocrx_word' id='word_1_164' title='bbox 378 3683 654 3771; x_wconf 85' lang='lat' dir='ltr'>adiudicaramns,</span> <span class='ocrx_word' id='word_1_165' title='bbox 670 3694 705 3752; x_wconf 92' lang='lat' dir='ltr'>ut</span> <span class='ocrx_word' id='word_1_166' title='bbox 721 3687 889 3773; x_wconf 87' lang='lat' dir='ltr'>utriusque</span> <span class='ocrx_word' id='word_1_167' title='bbox 902 3689 1130 3774; x_wconf 89' lang='lat' dir='ltr'>responsiones</span> <span class='ocrx_word' id='word_1_168' title='bbox 1147 3685 1341 3769; x_wconf 76' lang='lat' dir='ltr'>testimoniJs</span> <span class='ocrx_word' id='word_1_169' title='bbox 1361 3705 1507 3770; x_wconf 90' lang='lat' dir='ltr'>compro-</span> 
     </span>
     <span class='ocr_line' id='line_1_24' title="bbox 378 3793 1507 3882; baseline 0 -25"><span class='ocrx_word' id='word_1_170' title='bbox 378 3793 552 3876; x_wconf 85' lang='lat' dir='ltr'>barentur,</span> <span class='ocrx_word' id='word_1_171' title='bbox 581 3795 669 3878; x_wconf 88' lang='lat' dir='ltr'>quod</span> <span class='ocrx_word' id='word_1_172' title='bbox 694 3794 842 3862; x_wconf 87' lang='lat' dir='ltr'>dominns</span> <span class='ocrx_word' id='word_1_173' title='bbox 859 3795 1133 3882; x_wconf 85' lang='lat' dir='ltr'>Archiepiscopus</span> <span class='ocrx_word' id='word_1_174' title='bbox 1149 3815 1186 3860; x_wconf 91' lang='lat' dir='ltr'>se</span> <span class='ocrx_word' id='word_1_175' title='bbox 1211 3794 1371 3860; x_wconf 85' lang='lat' dir='ltr'>facturum</span> <span class='ocrx_word' id='word_1_176' title='bbox 1386 3811 1507 3877; x_wconf 87' lang='lat' dir='ltr'>nequa·</span> 
     </span>
     <span class='ocr_line' id='line_1_25' title="bbox 378 3901 1506 3990; baseline -0.002 -24"><span class='ocrx_word' id='word_1_177' title='bbox 378 3915 477 3985; x_wconf 84' lang='lat' dir='ltr'>quam</span> <span class='ocrx_word' id='word_1_178' title='bbox 494 3903 675 3987; x_wconf 87' lang='lat' dir='ltr'>susscepit,</span> <span class='ocrx_word' id='word_1_179' title='bbox 702 3903 760 3969; x_wconf 85' lang='lat' dir='ltr'>sed</span> <span class='ocrx_word' id='word_1_180' title='bbox 777 3903 873 3971; x_wconf 87' lang='lat' dir='ltr'>dictis</span> <span class='ocrx_word' id='word_1_181' title='bbox 899 3904 1084 3972; x_wconf 90' lang='lat' dir='ltr'>hominibus</span> <span class='ocrx_word' id='word_1_182' title='bbox 1110 3905 1323 3990; x_wconf 90' lang='lat' dir='ltr'>comprobare</span> <span class='ocrx_word' id='word_1_183' title='bbox 1347 3901 1506 3988; x_wconf 89' lang='lat' dir='ltr'>permisit.</span> 
     </span>
     <span class='ocr_line' id='line_1_26' title="bbox 377 4007 1508 4098; baseline 0.002 -24"><span class='ocrx_word' id='word_1_184' title='bbox 377 4007 442 4075; x_wconf 91' lang='lat' dir='ltr'>Die</span> <span class='ocrx_word' id='word_1_185' title='bbox 458 4027 537 4096; x_wconf 91' lang='lat' dir='ltr'>ergo</span> <span class='ocrx_word' id='word_1_186' title='bbox 562 4015 701 4096; x_wconf 86' lang='lat' dir='ltr'>statuto,</span> <span class='ocrx_word' id='word_1_187' title='bbox 728 4032 802 4078; x_wconf 91' lang='lat' dir='ltr'>cnm</span> <span class='ocrx_word' id='word_1_188' title='bbox 818 4013 928 4079; x_wconf 88' lang='lat' dir='ltr'>multis</span> <span class='ocrx_word' id='word_1_189' title='bbox 952 4013 1117 4082; x_wconf 89' lang='lat' dir='ltr'>nobilibus</span> <span class='ocrx_word' id='word_1_190' title='bbox 1144 4020 1177 4080; x_wconf 91' lang='lat' dir='ltr'>et</span> <span class='ocrx_word' id='word_1_191' title='bbox 1195 4012 1414 4098; x_wconf 80' lang='lat' dir='ltr'>ignobilibus,</span> <span class='ocrx_word' id='word_1_192' title='bbox 1437 4017 1508 4077; x_wconf 83' lang='lat' dir='ltr'>tam</span> 
     </span>
     <span class='ocr_line' id='line_1_27' title="bbox 378 4117 1506 4207; baseline 0.005 -25"><span class='ocrx_word' id='word_1_193' title='bbox 378 4117 606 4203; x_wconf 89' lang='lat' dir='ltr'>magnatibus,</span> <span class='ocrx_word' id='word_1_194' title='bbox 633 4139 731 4203; x_wconf 87' lang='lat' dir='ltr'>qnam</span> <span class='ocrx_word' id='word_1_195' title='bbox 747 4119 963 4189; x_wconf 87' lang='lat' dir='ltr'>seruientibus</span> <span class='ocrx_word' id='word_1_196' title='bbox 979 4127 1012 4186; x_wconf 93' lang='lat' dir='ltr'>et</span> <span class='ocrx_word' id='word_1_197' title='bbox 1026 4121 1258 4207; x_wconf 82' lang='lat' dir='ltr'>iobagionibus</span> <span class='ocrx_word' id='word_1_198' title='bbox 1278 4121 1378 4188; x_wconf 86' lang='lat' dir='ltr'>castri</span> <span class='ocrx_word' id='word_1_199' title='bbox 1392 4140 1506 4205; x_wconf 83' lang='lat' dir='ltr'>preno</span> 
     </span>
    </p>
   </div>
   <div class='ocr_carea' id='block_1_6' title="bbox 252 4225 1507 4317">
    <p class='ocr_par' dir='ltr' id='par_1_6' title="bbox 252 4225 1507 4317">
     <span class='ocr_line' id='line_1_28' title="bbox 252 4225 1507 4317; baseline 0.003 -27"><span class='ocrx_word' id='word_1_200' title='bbox 252 4239 254 4244; x_wconf 84' lang='lat'>·</span> <span class='ocrx_word' id='word_1_201' title='bbox 378 4225 512 4310; x_wconf 87' lang='lat' dir='ltr'>minati,</span> <span class='ocrx_word' id='word_1_202' title='bbox 539 4245 611 4293; x_wconf 89' lang='lat' dir='ltr'>eum</span> <span class='ocrx_word' id='word_1_203' title='bbox 627 4227 744 4310; x_wconf 88' lang='lat' dir='ltr'>quibus</span> <span class='ocrx_word' id='word_1_204' title='bbox 761 4228 803 4295; x_wconf 87' lang='lat' dir='ltr'>ab</span> <span class='ocrx_word' id='word_1_205' title='bbox 818 4229 916 4297; x_wconf 91' lang='lat' dir='ltr'>inicio</span> <span class='ocrx_word' id='word_1_206' title='bbox 942 4231 1009 4297; x_wconf 89' lang='lat' dir='ltr'>uite</span> <span class='ocrx_word' id='word_1_207' title='bbox 1025 4248 1084 4296; x_wconf 89' lang='lat' dir='ltr'>sne</span> <span class='ocrx_word' id='word_1_208' title='bbox 1099 4233 1358 4317; x_wconf 86' lang='lat' dir='ltr'>permanserant,</span> <span class='ocrx_word' id='word_1_209' title='bbox 1376 4247 1453 4294; x_wconf 87' lang='lat' dir='ltr'>snas</span> <span class='ocrx_word' id='word_1_210' title='bbox 1471 4227 1507 4294; x_wconf 93' lang='lat' dir='ltr'>li·</span> 
     </span>
    </p>
   </div>
   <div class='ocr_carea' id='block_1_7' title="bbox 281 4332 1506 4754">
    <p class='ocr_par' dir='ltr' id='par_1_7' title="bbox 281 4332 1506 4754">
     <span class='ocr_line' id='line_1_29' title="bbox 281 4332 1506 4425; baseline 0.003 -26"><span class='ocrx_word' id='word_1_211' title='bbox 281 4349 291 4425; x_wconf 39' lang='lat'>4</span> <span class='ocrx_word' id='word_1_212' title='bbox 378 4332 522 4401; x_wconf 87' lang='lat' dir='ltr'>bcrtates</span> <span class='ocrx_word' id='word_1_213' title='bbox 539 4336 620 4402; x_wconf 89' lang='lat' dir='ltr'>satis</span> <span class='ocrx_word' id='word_1_214' title='bbox 635 4335 771 4405; x_wconf 88' lang='lat' dir='ltr'>honeste</span> <span class='ocrx_word' id='word_1_215' title='bbox 789 4339 1092 4424; x_wconf 86' lang='lat' dir='ltr'>comprobauernnt.</span> <span class='ocrx_word' id='word_1_216' title='bbox 1118 4339 1262 4418; x_wconf 83' lang='lat' dir='ltr'>Quorum</span> <span class='ocrx_word' id='word_1_217' title='bbox 1277 4339 1506 4423; x_wconf 84' lang='lat' dir='ltr'>responsiones</span> 
     </span>
     <span class='ocr_line' id='line_1_30' title="bbox 378 4443 1506 4534; baseline 0.004 -27"><span class='ocrx_word' id='word_1_218' title='bbox 378 4459 439 4508; x_wconf 90' lang='lat' dir='ltr'>nos</span> <span class='ocrx_word' id='word_1_219' title='bbox 455 4461 494 4508; x_wconf 90' lang='lat' dir='ltr'>ae</span> <span class='ocrx_word' id='word_1_220' title='bbox 509 4443 614 4511; x_wconf 85' lang='lat' dir='ltr'>nostri</span> <span class='ocrx_word' id='word_1_221' title='bbox 628 4444 732 4513; x_wconf 85' lang='lat' dir='ltr'>iustas</span> <span class='ocrx_word' id='word_1_222' title='bbox 749 4465 823 4514; x_wconf 88' lang='lat' dir='ltr'>esse</span> <span class='ocrx_word' id='word_1_223' title='bbox 842 4448 1107 4534; x_wconf 88' lang='lat' dir='ltr'>considerantes,</span> <span class='ocrx_word' id='word_1_224' title='bbox 1133 4469 1173 4516; x_wconf 88' lang='lat' dir='ltr'>ac</span> <span class='ocrx_word' id='word_1_225' title='bbox 1188 4449 1388 4518; x_wconf 87' lang='lat' dir='ltr'>uoluntatem</span> <span class='ocrx_word' id='word_1_226' title='bbox 1403 4444 1506 4514; x_wconf 89' lang='lat' dir='ltr'>nostri</span> 
     </span>
     <span class='ocr_line' id='line_1_31' title="bbox 380 4549 1504 4644; baseline 0.009 -30"><span class='ocrx_word' id='word_1_227' title='bbox 380 4549 485 4636; x_wconf 91' lang='lat' dir='ltr'>patris</span> <span class='ocrx_word' id='word_1_228' title='bbox 502 4551 682 4638; x_wconf 79' lang='lat' dir='ltr'>spiritualis</span> <span class='ocrx_word' id='word_1_229' title='bbox 692 4553 895 4640; x_wconf 77' lang='lat' dir='ltr'>confringere</span> <span class='ocrx_word' id='word_1_230' title='bbox 910 4555 1070 4642; x_wconf 88' lang='lat' dir='ltr'>nolentes,</span> <span class='ocrx_word' id='word_1_231' title='bbox 1087 4557 1152 4624; x_wconf 84' lang='lat' dir='ltr'>XII</span> <span class='ocrx_word' id='word_1_232' title='bbox 1169 4557 1349 4644; x_wconf 83' lang='lat' dir='ltr'>praelectas</span> <span class='ocrx_word' id='word_1_233' title='bbox 1357 4557 1504 4624; x_wconf 87' lang='lat' dir='ltr'>homines</span> 
     </span>
     <span class='ocr_line' id='line_1_32' title="bbox 379 4659 1504 4754; baseline 0.008 -29"><span class='ocrx_word' id='word_1_234' title='bbox 379 4675 421 4725; x_wconf 82' lang='lat' dir='ltr'>ex</span> <span class='ocrx_word' id='word_1_235' title='bbox 437 4659 574 4728; x_wconf 87' lang='lat' dir='ltr'>testibus</span> <span class='ocrx_word' id='word_1_236' title='bbox 590 4662 821 4748; x_wconf 80' lang='lat' dir='ltr'>predictorum,</span> <span class='ocrx_word' id='word_1_237' title='bbox 838 4681 919 4748; x_wconf 84' lang='lat' dir='ltr'>quos</span> <span class='ocrx_word' id='word_1_238' title='bbox 935 4663 1084 4734; x_wconf 87' lang='lat' dir='ltr'>dominus</span> <span class='ocrx_word' id='word_1_239' title='bbox 1100 4666 1372 4754; x_wconf 86' lang='lat' dir='ltr'>Archiepiscopns</span> <span class='ocrx_word' id='word_1_240' title='bbox 1394 4667 1504 4754; x_wconf 85' lang='lat' dir='ltr'>elegit,</span> 
     </span>
    </p>
   </div>
   <div class='ocr_carea' id='block_1_8' title="bbox 0 0 1620 5192">
    <p class='ocr_par' dir='ltr' id='par_1_8' title="bbox 0 0 1620 5192">
     <span class='ocr_line' id='line_1_33' title="bbox 0 0 1620 5192; baseline 0 0"><span class='ocrx_word' id='word_1_241' title='bbox 0 0 1620 5192; x_wconf 95' lang='lat' dir='ltr'> </span> 
     </span>
    </p>
   </div>
  </div>
 </body>
</html>
