3238 5184
593 305 755 406 ffl-

108 519 230 587 parare
253 499 406 584 tunellus,
433 517 496 566 uec
511 499 637 566 soluere
664 498 808 566 decimas
832 516 990 584 agnorum
1014 501 1068 568 uel
1094 499 1238 587 eduum,

109 607 171 676 scd
192 605 337 675 decimas
361 625 459 692 apum
476 605 625 690 soluaut;
651 605 731 689 quia
746 604 794 671 sio
817 603 1002 673 inueuimus
1026 625 1083 674 ecs
1098 606 1238 694 debere,

107 733 170 783 uec
185 720 283 798 cogat
306 713 447 798 aliquem
464 732 575 781 corum
599 718 732 799 portare
747 712 908 798 plaustra,
931 711 992 780 sed
1016 713 1101 782 inter
1126 735 1241 784 omnes

106 829 281 891 teneantur
299 829 433 910 portare
458 821 602 908 quinque
616 821 766 908 plaustra
790 819 833 887 de
846 819 946 906 lignis
962 818 1007 886 ad
1029 821 1173 889 tunellas
1193 822 1242 888 fa·

106 930 253 1016 claudas,
270 950 334 1018 que
344 930 444 1014 vulgo
460 927 611 996 dicuutur
626 929 745 1012 daupu,
762 927 888 994 scilicet
902 945 1006 1011 usquo
1025 926 1070 994 ad
1085 930 1242 998 molendi-

107 1058 188 1105 uum
203 1037 344 1104 abbatis
367 1035 409 1103 de
424 1033 542 1122 (lopus.
568 1034 619 1101 Dc
634 1034 729 1100 torris
743 1032 892 1100 Ecclesia
907 1034 1019 1102 Sancti
1036 1036 1170 1103 Martini
1184 1037 1242 1104 ha

108 1143 226 1212 bondis
242 1141 508 1229 ajobagiouibus
532 1139 574 1206 de
590 1139 670 1206 Sala
684 1139 732 1206 sic
748 1137 919 1206 definimus
944 1147 977 1207 et
991 1143 1143 1210 uolumus
1167 1161 1241 1212 esse

108 1253 246 1336 firmum
263 1250 351 1334 quod
366 1248 503 1334 quilibet
514 1248 649 1332 j0bagio
659 1247 856 1314 habeatXX
870 1246 986 1331 iugera
1001 1255 1096 1334 terre,
1114 1249 1242 1317 scilicet

109 1358 225 1426 decem
240 1379 299 1444 pro
315 1356 423 1425 officio
434 1355 680 1441 jobagiouatus,
697 1361 729 1421 et
745 1354 858 1422 decem
873 1375 931 1440 pro
946 1355 1077 1422 tributis
1091 1357 1243 1426 Ecclesia

110 1465 223 1532 Sancti
238 1463 371 1531 Martini
386 1460 573 1530 reddendis.
598 1458 664 1528 Sed
682 1459 712 1528 si
726 1461 828 1528 nollet
852 1481 925 1528 esse
948 1461 1149 1548 tributarius,
1174 1483 1241 1531 non

110 1575 270 1654 teneatur,
288 1569 347 1638 sed
362 1578 438 1637 tunc
452 1575 578 1636 tautum
591 1567 714 1634 habeat
728 1566 841 1635 decem
856 1568 972 1653 iugera
985 1575 1082 1637 terre.
1107 1569 1142 1637 Si
1162 1589 1241 1638 uero

108 1677 236 1744 inutilis
251 1677 434 1745 efficeretur
447 1677 491 1744 ad
506 1674 649 1744 cilicium
670 1693 764 1742 suum
779 1674 1021 1761 perficiendum,
1047 1683 1124 1743 tunc
1139 1697 1241 1744 rema·

110 1791 213 1851 neant
225 1785 258 1850 ei
273 1783 416 1869 quinque
441 1783 557 1867 iugera
571 1787 659 1848 terre
681 1800 741 1866 pro
758 1797 819 1847 sua
837 1781 1085 1865 sustentatione,
1112 1788 1146 1849 ct
1167 1783 1241 1849 reli·

111 1909 213 1975 quum
227 1889 333 1976 possit
347 1889 493 1976 recipere
508 1883 632 1955 Abbas.
657 1887 740 1954 Item
755 1887 906 1954 uolumus
922 1893 955 1954 et
975 1887 1241 1974 pronunciamus,

112 1994 839 2082 quodscxmansionesuduornicorum
862 1994 911 2061 de
933 1993 1242 2078 uillaToryau

116 2102 194 2170 date
209 2123 231 2170 a
244 2102 363 2171 Sancto
380 2105 471 2188 Rege
486 2101 574 2169 dicto
589 2100 795 2184 Monasterio,
813 2119 896 2183 quas
905 2099 1018 2168 Abbas
1034 2099 1157 2168 iecerat
1172 2121 1242 2168 ara-

112 2216 211 2294 tores,
232 2211 445 2276 restituantur
469 2208 575 2276 officio
599 2207 857 2290 uduornicorum,
883 2206 912 2272 si
935 2206 1108 2274 noluerint.
1134 2209 1170 2276 Si
1186 2208 1243 2293 qui

115 2325 226 2384 tamen
241 2323 387 2384 aratores
402 2317 487 2383 iuter
501 2313 697 2382 uduornicos
722 2321 798 2381 sunt
812 2313 959 2398 admissi,
978 2313 1027 2381 uel
1043 2313 1191 2399 admixti,
1206 2315 1243 2382 li·

114 2433 188 2492 ceat
203 2411 289 2490 dicto
305 2423 424 2490 Abbati
441 2421 643 2506 abstrahere,
660 2427 693 2488 et
707 2439 767 2488 sex
781 2439 903 2507 ponere
918 2421 990 2488 loeo
1005 2421 1145 2489 illorum.
1161 2423 1244 2489 Item

115 2531 253 2599 dicimus
270 2539 302 2597 et
317 2527 501 2611 laudamus,
527 2525 614 2612 quod
629 2526 735 2595 dictus
751 2527 865 2595 Abbas
880 2547 944 2595 nou
960 2528 1088 2596 auferat
1103 2529 1245 2614 aliquem

115 2659 235 2726 equum
258 2637 531 2724 portitorum
554 2635 756 2722 capello,
790 2636 844 2703 uel
868 2636 1016 2719 illorum,
1042 2639 1097 2721 qui
1121 2636 1248 2706 ducunt

116 2765 221 2830 equos
231 2750 399 2830 portantes
410 2743 573 2830 capellam
583 2739 732 2823 Abbatis,
743 2741 869 2808 scilicet
880 2742 921 2808 dc
939 2743 1039 2809 uilla
1055 2743 1166 2830 Olup,
1182 2764 1245 2812 uec

115 2852 226 2919 mittat
240 2853 275 2918 iu
291 2849 490 2934 legationem
506 2865 610 2930 suam,
634 2865 740 2944 neque
756 2845 855 2912 donet
870 2865 971 2932 equos
986 2847 1143 2934 ipsorum.
1162 2851 1245 2916 Item

114 2957 370 3045 pronunciamus
395 2963 429 3023 et
443 2953 640 3020 arbitramur
654 2973 713 3040 pro
729 2953 813 3020 bono
829 2954 931 3039 pacis,
957 2953 1045 3038 quod
1061 2955 1166 3023 dictus
1181 2957 1246 3023 Ab·

117 3067 179 3131 bas
195 3085 260 3131 nou
275 3070 373 3148 cogat
394 3063 659 3148 piscatores
682 3057 732 3126 de
756 3060 864 3127 Sala
887 3060 1006 3128 ducere
1026 3081 1106 3129 oues
1121 3063 1176 3129 uel
1191 3063 1246 3129 bo·

117 3191 189 3257 uos,
203 3173 258 3238 uel
271 3177 403 3255 portare
418 3177 526 3254 rotas,
554 3167 619 3254 ipsi
635 3174 746 3234 mman
761 3173 937 3234 teneantur
955 3167 1035 3234 dare
1050 3168 1092 3235 de
1107 3169 1246 3253 singulis

22 3279 31 3296 ⁶
117 3277 342 3346 mansionibus
357 3295 456 3343 uuum
471 3276 642 3359 fertonem,
668 3275 723 3342 uel
738 3275 854 3361 pisces,
881 3281 914 3340 et
928 3281 1101 3341 tencantur
1116 3283 1248 3361 portare

118 3387 243 3454 fructus
259 3385 302 3452 ad
317 3383 559 3468 Mouasterium,
577 3390 610 3448 et
625 3382 734 3448 omnia
749 3382 916 3449 esculenta
935 3389 968 3448 et
983 3383 1166 3469 poculenta,
1183 3400 1247 3466 que

120 3499 352 3580 comparantur
366 3491 413 3558 ibi
429 3489 665 3558 desertoribus
685 3488 803 3555 dandis
820 3509 840 3554 a
856 3488 1013 3575 predictis
1028 3488 1248 3576 piscatoribus

119 3603 193 3668 loeo
208 3601 345 3688 piscium
371 3599 599 3686 predictorum,
616 3604 787 3664 teneantur
809 3603 939 3683 portare
955 3595 999 3663 ad
1013 3597 1248 3665 Mouastcrium

120 3708 232 3776 Sancti
245 3709 387 3774 Martini.
411 3709 493 3773 Item
515 3707 775 3793 pronunciamus,
799 3705 886 3791 quod
905 3705 1182 3790 j0bagioncs
1206 3715 1250 3774 et

121 3813 168 3884 oi
172 3814 190 3880 i
194 3814 205 3879 i
219 3817 257 3880 ci
268 3835 289 3882 a
300 3815 312 3880 l
322 3834 367 3882 cs
390 3835 456 3882 non
471 3819 642 3880 teneantur
652 3821 786 3898 portare
802 3812 946 3879 decimas
962 3814 1006 3880 ad
1016 3813 1248 3882 Mouasterinm

121 3921 232 3988 Sancti
247 3920 390 4002 Martini,
416 3920 475 3986 scd
490 3919 534 3985 ad
550 3938 676 3986 orreum
692 3919 781 4004 uille,
808 3918 850 3985 de
874 3940 939 4004 qua
954 3920 1036 3986 uilla
1061 3921 1140 3987 dant
1165 3921 1249 3986 dcci-

121 4047 204 4113 mas,
221 4035 255 4092 et
270 4035 441 4095 teneantur
456 4027 545 4107 dare,
571 4034 604 4092 et
619 4045 684 4094 nou
701 4032 832 4111 portare
848 4026 967 4092 idriam
986 4025 1086 4092 brasii
1104 4033 1136 4092 et
1152 4047 1250 4095 auno·

120 4155 172 4222 ne,
189 4155 252 4220 que
267 4136 363 4202 datur
379 4131 422 4200 ad
437 4133 555 4200 festum
571 4135 683 4200 Sancti
695 4132 841 4199 Martini.

230 4243 300 4308 Hoc
322 4239 432 4308 omnia
458 4239 647 4326 supradicta
673 4259 734 4306 nos
758 4238 894 4326 predicti
918 4240 1194 4325 compromissarii
1218 4247 1250 4307 et

124 4347 314 4415 amicabiles
340 4347 572 4434 compositores
598 4346 646 4414 ita
661 4346 857 4413 arbitramur
880 4353 912 4412 et
927 4345 1133 4431 precipimus,
1158 4345 1248 4414 volu-

124 4475 195 4522 mus
221 4463 253 4521 et
267 4453 441 4522 laudamus
465 4477 523 4541 pro
549 4453 634 4520 bono
649 4452 741 4538 pacis
768 4450 984 4517 amicabiliter
1008 4457 1248 4537 componentes,

122 4581 253 4630 manere
269 4561 400 4648 penitus
417 4581 544 4649 semper
559 4561 699 4644 illibata,
716 4560 777 4626 sub
793 4578 878 4646 pena
895 4558 1251 4644 excommunicationis,
