3218 5192
587 357 741 462 gr—

107 559 191 626 snlae
216 559 321 627 Kesse
352 561 560 644 vertebatur,
595 581 672 626 nam
693 561 881 646 praedictus
905 561 1067 646 Rogerius
1091 562 1232 632 insulam

107 671 205 736 liessc
217 721 226 754 ,
253 668 440 754 incipiendo
465 669 683 756 acolumpnis
701 667 837 753 Oanuli,
862 675 894 735 ct
908 671 1160 758 Bar———um,
1188 675 1231 740 ab

109 779 235 844 introitu
263 798 380 844 ver-
400 815 444 825 -
460 815 504 825 -
520 797 643 862 pagum
667 777 718 844 sui
743 777 944 862 Comitatus,
972 779 1097 846 scilicet
1123 782 1230 848 Kesse

107 885 170 952 sore
185 886 365 952 asserebat.
383 885 410 950 Ε
426 892 540 951 contra
556 884 632 950 And
642 923 685 932 -
696 921 792 934 --
802 905 865 951 nas
880 887 1146 972 Archidiaconus,
1163 889 1229 956 Ste-

108 995 229 1079 phanus
244 993 469 1060 blaldenarius
485 993 613 1060 llicbac
628 993 794 1060 Arbenses
810 994 831 1059 J
834 993 953 1079 udices,
971 995 1088 1063 Petrus
1098 997 1229 1064 Domin-

106 1122 146 1166 na
161 1101 295 1190 Basilii,
321 1103 377 1185 qui
394 1103 437 1168 ad
453 1103 550 1186 hujus
575 1103 698 1186 negotii
722 1121 857 1168 causam
880 1103 1085 1170 tractandam
1111 1105 1154 1170 ad
1169 1124 1230 1171 nos

106 1217 272 1294 venerant,
297 1210 531 1296 respondentes
548 1210 701 1277 dicebant
719 1233 726 1274 :
743 1211 951 1278 Manifestum
968 1212 1098 1297 quidem
1114 1221 1146 1280 et
1162 1232 1230 1279 cer-

107 1325 168 1382 tum
184 1319 332 1402 babetur,
350 1316 619 1402 praedecessores
635 1326 765 1385 nostros
776 1337 834 1403 per
850 1319 1005 1388 ducentos
1022 1339 1125 1387 annos
1141 1328 1174 1386 ct
1190 1339 1228 1386 eo

107 1425 238 1509 amplius
263 1425 450 1510 praefatam
475 1425 619 1492 insulam
635 1426 844 1510 possedisse,
872 1431 904 1491 et
922 1427 1062 1493 coluisse
1079 1447 1227 1513 semper;

107 1532 294 1616 superhaec
310 1532 411 1616 igitur
426 1552 506 1615 vos,
524 1531 653 1598 dominc
673 1531 948 1617 Arcbicpiscope,
974 1542 1007 1599 et
1021 1533 1228 1600 ledrensium

108 1637 285 1724 Consulum,
303 1647 547 1724 ceterorumque
562 1641 719 1706 nobilium
735 1641 908 1726 provideat
928 1643 1105 1725 sagacitas,
1123 1642 1152 1707 si
1167 1662 1227 1709 nos

106 1748 166 1812 iam
190 1747 297 1815 dictae
322 1749 452 1814 insulae
468 1769 567 1814 ca-
583 1785 627 1796 —-
644 1785 687 1796 —-
704 1747 903 1833 respondere
927 1748 1104 1814 teneminib
1130 1747 1227 1837 (lgy).

108 1853 170 1920 llos
184 1856 295 1938 itaque
311 1853 519 1940 Lampridius
535 1875 676 1920 unacum
692 1854 889 1941 supradietis
912 1853 1106 1920 Consulibus
1124 1861 1156 1919 et
1171 1873 1226 1920 no-

108 1961 237 2045 bilibus,
264 1967 437 2045 stramque
453 1967 580 2046 partem
597 1980 659 2027 sua
669 1961 801 2045 justitia
817 1967 849 2026 et
864 1961 990 2026 ratione
1007 2001 1049 2012 -
1061 1997 1099 2008 —
1114 1997 1158 2008 -
1168 1962 1229 2027 iter

108 2067 231 2136 destitui
248 2069 291 2136 dc
305 2070 358 2136 bis
374 2069 524 2136 omnibus
541 2087 600 2154 per
616 2067 698 2136 duos
715 2105 758 2116 -
775 2103 818 2115 -
834 2105 878 2115 -
888 2089 920 2133 m
935 2066 1093 2135 babentes
1109 2087 1169 2154 pcr
1185 2067 1228 2133 le·

108 2196 174 2258 gem
189 2183 221 2243 ct
242 2176 404 2263 judicium
420 2185 551 2244 statucn
566 2214 611 2225 -
628 2214 672 2224 —-
687 2213 731 2223 -
748 2213 791 2224 -
808 2174 986 2259 crevimus,
1000 2181 1048 2240 'ut
1062 2173 1227 2243 Arbcnscs

109 2304 199 2370 saepe
215 2286 304 2351 dicto
320 2287 481 2370 Rogerio,
508 2287 644 2371 ejusque
660 2285 901 2352 successoribus
917 2284 951 2349 in
967 2289 1161 2370 perpetuum
1177 2303 1226 2349 re·

109 2394 259 2478 spondere
275 2414 341 2460 non
359 2393 399 2460 dc
411 2431 455 2441 -
465 2431 509 2442 -
519 2395 804 2478 -stabilivimus,
821 2399 980 2477 quatenus
997 2393 1166 2483 praedicta
1181 2393 1226 2472 iu,-

109 2503 173 2569 sula
187 2504 292 2571 Kcsse
317 2505 530 2582 communiter
556 2504 808 2570 aJadrensibus
819 2553 828 2588 ,
853 2503 1055 2568 Arbensibus
1066 2553 1075 2587 ,
1092 2502 1227 2568 homini-

109 2613 221 2696 busque
237 2652 282 2662 -
299 2651 343 2662 -
361 2651 400 2661 -
419 2613 494 2697 coli,
508 2612 619 2698 pasci,
646 2617 678 2676 et
694 2610 842 2677 omnibus
867 2609 972 2676 modis
994 2609 1041 2675 uti
1058 2610 1225 2696 perpetuis

109 2722 299 2807 temporibus
316 2720 483 2787 debeatur.
497 2719 538 2784 Et
553 2725 589 2784 nt
604 2737 761 2806 praesens
777 2723 961 2785 contractus
978 2753 1021 2764 -
1035 2753 1078 2769 -
1089 2753 1133 2765 -
1144 2735 1225 2798 mus,

109 2836 137 2894 et
151 2830 220 2895 stab
237 2867 281 2876 -
298 2865 342 2877 --
358 2865 402 2878 -
418 2865 461 2875 -
472 2827 549 2892 ctim
563 2833 791 2910 conservetur,
808 2823 1107 2911 Archiepiscopalis
1123 2823 1225 2906 sigilli

110 2937 274 3004 munimine
291 2935 491 3003 firmavimus
507 2933 624 3018 simul,
649 2941 682 2999 et
696 2933 804 3017 ipsum
820 2931 1099 2998 communivimus.
1116 2930 1137 3009 †
1152 2933 1224 3015 Ego

110 3043 307 3131 Lampridius
323 3043 387 3112 Dei
408 3043 517 3128 gratia
532 3039 704 3108 ledrensis
720 3038 995 3126 Archiepiscopus
1012 3059 1053 3104 m.
1071 3059 1113 3103 m.
1131 3037 1223 3104 miss.

110 3149 206 3236 illgo
229 3152 380 3218 Andreas
397 3151 458 3217 Dei
484 3149 594 3235 gratia
616 3147 773 3214 Arbensis
796 3147 979 3234 Episcopus
1006 3165 1106 3210 mm.
1134 3145 1224 3210 miss.

110 3255 225 3334 't-v—
235 3297 281 3308 -
292 3261 429 3328 Cosmus
441 3258 598 3324 Arbensis
608 3256 864 3324 Archidiaconus
879 3277 921 3320 nr.
939 3275 981 3320 nr.
1001 3253 1091 3320 miss.
1107 3251 1138 3331 †.
1155 3253 1225 3338 Ego

112 3367 248 3438 Andreas
273 3369 441 3437 Presbiter
456 3367 583 3436 Saldini
598 3367 684 3433 filius
710 3387 752 3432 m.
769 3389 811 3433 m.
832 3366 920 3432 miss.
942 3364 973 3442 i.
989 3361 1060 3444 Ego
1079 3359 1225 3428 Joannes

112 3475 237 3546 &notae
263 3478 465 3546 Anastasiae
486 3477 654 3544 Diaconus
680 3496 721 3541 nr.
739 3497 781 3540 m.
805 3473 894 3540 miss.
911 3473 942 3551 †.
959 3474 1030 3555 Ego
1054 3471 1091 3536 P.
1117 3467 1226 3534 dietae

113 3583 238 3653 Sanctae
246 3585 448 3654 Anastasiou
458 3585 685 3652 Subdiaconus
702 3605 743 3649 m.
756 3603 798 3647 m.
815 3583 905 3648 miss.
923 3580 953 3660 †.
970 3581 1105 3663 Signum
1117 3573 1226 3641 David

114 3689 268 3780 Consulis,
296 3695 352 3779 qui
367 3695 429 3762 boc
454 3693 524 3758 lieri
545 3691 646 3776 jussit
661 3689 691 3768 †.
707 3691 840 3773 Signum
855 3686 987 3754 blartlni
1002 3683 1130 3752 Sloradi
1146 3683 1226 3750 Oun-

113 3803 192 3888 sulis,
207 3806 262 3888 qui
272 3803 336 3871 boc
353 3801 531 3886 fierijussit
545 3799 576 3878 †.
586 3835 685 3846 -—
699 3798 779 3863 trine
789 3796 912 3880 Vituze,
929 3795 985 3878 qui
1001 3795 1063 3860 hoc
1078 3790 1147 3860 lieri
1159 3789 1226 3875 jus·

114 3912 150 3978 sit
162 3913 190 3991 †.
205 3915 340 3997 Signum
356 3909 534 3994 Grisogoni
548 3909 685 3992 Judicis,
712 3907 768 3990 qui
783 3907 845 3973 hoe
865 3904 950 3970 scrib
966 3939 1009 3950 --
1019 3939 1063 3950 -
1073 3939 1116 3948 -
1131 3899 1162 3976 †·
1179 3897 1225 3962 Si·

114 4037 199 4101 gnum
217 4019 373 4086 Damiani
388 4017 527 4102 Sloradi,
552 4017 607 4098 qui
622 4016 684 4084 boc
699 4014 768 4080 ficri
784 4013 887 4080 voluit
901 4012 931 4090 †.
947 4009 1049 4076 bladii
1064 4006 1225 4074 lobannis

116 4123 237 4212 limaci,
258 4127 313 4211 qui
329 4125 392 4192 boc
407 4123 476 4191 fieri
492 4121 594 4189 voluit
610 4122 640 4201 †.
658 4121 794 4206 Signum
808 4121 905 4204 Sciop
921 4155 965 4165 —
980 4153 1025 4164 -
1040 4151 1084 4162 ·-
1100 4111 1225 4195 bolugi,

116 4233 163 4315 qui
182 4236 241 4302 boc
256 4233 355 4301 scribi
370 4232 473 4299 voluit
487 4230 518 4310 †.
535 4231 670 4315 Signum
686 4229 850 4296 Valentini
866 4225 964 4292 Kessi
979 4259 1024 4270 —
1039 4257 1083 4268 -
1099 4237 1224 4301 -nee,

116 4344 162 4422 qui
182 4344 240 4410 boc
264 4343 335 4408 fieri
350 4340 453 4406 voluit
471 4338 501 4417 †.
517 4339 652 4422 Signum
668 4337 799 4404 Nicolai
821 4333 983 4415 Mozzuci,
1009 4329 1064 4411 qui
1079 4327 1141 4392 hoc
1155 4322 1224 4391 fieri

117 4451 207 4518 voluit
221 4453 251 4531 i.
277 4451 415 4533 Signum
441 4449 552 4515 Dobre
576 4448 736 4532 Resinne,
760 4445 816 4529 qui
832 4443 894 4510 boc
909 4439 979 4504 fieri
995 4436 1096 4503 voluit
1111 4434 1142 4512 i.
1166 4431 1226 4514 Sig

36 4643 37 4646 Ἴ
118 4593 202 4608 -—
212 4599 253 4609 -
266 4597 310 4607 -—
325 4564 407 4641 tare,
425 4557 479 4640 qul
496 4557 557 4622 hoc
572 4557 640 4622 fieri
655 4556 757 4624 voluit
771 4555 802 4631 †.
821 4551 879 4632 Sig
889 4583 932 4594 -
943 4581 986 4592 -
996 4581 1039 4591 -
1049 4577 1093 4591 ·-
1103 4539 1226 4625 gusslffir

36 4665 38 4736 ]
119 4667 165 4750 qui
178 4667 234 4736 boc
249 4669 320 4736 lieri
338 4667 440 4735 voluit
456 4667 486 4746 †.
504 4668 638 4752 Signum
655 4663 785 4731 Martini
800 4663 915 4748 Lippc,
939 4653 995 4740 qui
1012 4653 1074 4720 boe
1088 4645 1158 4716 fleri
1172 4665 1227 4756 vc=

37 4785 38 4819 l
985 4771 1020 4836 p*
