3164 5192
846 311 1001 412 „aas

361 509 446 574 ciam
460 528 525 575 nou
542 512 686 592 excuset,
714 526 786 574 cum
806 507 839 570 in
866 507 1051 590 hujusmodi
1075 507 1271 574 necessitate
1297 505 1495 573 induxeritis

359 616 595 700 vosmetipsos,
622 620 743 680 etcum
759 613 879 698 pellem
902 634 962 698 pro
977 613 1075 699 pelle,
1092 633 1132 678 ac
1147 621 1264 679 cuneta
1279 634 1364 696 quae
1391 615 1494 681 babet

359 722 455 790 homo
480 722 600 789 debeat
625 721 705 787 dare
720 742 779 808 pro
795 721 908 786 anima
924 740 993 787 sua.
1024 721 1066 786 Ut
1080 721 1180 804 igitur
1204 722 1326 786 crimen
1346 727 1495 788 veebum

359 829 489 916 penitus
506 836 715 916 expurgetur,
734 847 900 896 monemus
915 829 1160 896 universitatem
1170 837 1313 895 vestram
1328 835 1362 894 et
1378 829 1495 896 exhor·

359 943 466 1004 tamur
483 937 649 1020 attentius,
665 939 697 1002 et
713 954 772 1020 per
781 933 974 1020 apostolica
986 935 1079 1002 vobis
1094 935 1217 1020 scripta
1237 936 1384 1002 districte
1400 958 1496 1022 pree-

360 1043 510 1130 cipicndo
527 1043 721 1112 mandamus
731 1093 740 1128 ,
765 1051 927 1128 qnatenus
944 1043 985 1110 de
1000 1050 1091 1111 tanto
1110 1043 1316 1129 poenitentes
1341 1065 1494 1126 excessu,

359 1158 392 1218 et
406 1151 648 1220 satisfacientes
665 1168 808 1234 congrue
818 1150 859 1216 de
875 1157 1020 1236 peccato,
1038 1171 1097 1236 per
1111 1152 1344 1236 poenitentiam
1354 1154 1494 1238 placare

360 1259 543 1343 Dominum,
561 1265 594 1325 et
602 1277 661 1346 per
676 1257 933 1326 satisfactionem
948 1259 1131 1344 proximum
1141 1258 1311 1344 studeatis,
1335 1263 1495 1326 universa

360 1365 544 1451 reddentes,
561 1385 645 1451 quae
662 1366 773 1432 advos
791 1366 832 1433 de
842 1366 1084 1434 Jadertinorum
1101 1367 1215 1452 spoliis
1232 1367 1443 1446 devenerunt,
1462 1374 1496 1432 et

361 1493 383 1538 a
397 1472 559 1540 similibus
576 1471 762 1538 decaetero
778 1473 908 1557 penitus
925 1473 1138 1540 abstinentes.
1165 1471 1250 1550 Quia
1266 1493 1343 1540 vero
1363 1480 1496 1554 senteu-

359 1581 440 1647 tiam
465 1579 560 1647 Scdis
575 1577 795 1666 spostolicae,
821 1600 920 1665 quam
942 1602 1000 1667 pro
1024 1579 1110 1646 facto
1136 1580 1269 1666 proprio
1295 1581 1496 1660 incurristis,

360 1693 490 1775 practer
507 1688 734 1754 auctoritatem
760 1693 906 1754 nostram
922 1687 1030 1754 nullus
1045 1688 1148 1753 valuit
1164 1687 1333 1769 relaxare,
1354 1707 1432 1754 cum
1448 1690 1497 1754 in·

361 1793 508 1860 auditum
524 1795 567 1860 sit
590 1795 767 1878 hacteuus,
793 1802 829 1860 nt
854 1795 1025 1879 quisquam
1047 1814 1122 1878 eos,
1148 1813 1230 1877 quos
1256 1795 1405 1861 Ecclesia
1432 1798 1495 1862 Ro

362 1920 460 1967 mana
476 1901 625 1985 ligasset,
642 1899 814 1968 absolvere
831 1907 1017 1984 attentaret,
1043 1902 1118 1986 nisi,
1134 1901 1245 1968 forsan
1260 1903 1294 1968 in
1310 1903 1427 1970 mortis
1446 1924 1498 1969 ar-

361 2008 460 2074 ticulo
476 2010 688 2091 constitutos,
715 2008 888 2094 sicutipse
904 2010 1078 2095 permittit;
1094 2010 1232 2093 ideoque
1251 2010 1416 2078 absolutio
1435 2012 1498 2076 illa

361 2117 452 2182 nulla
467 2115 582 2200 fucrit,
611 2133 710 2198 quam
725 2114 818 2181 vobis
843 2115 1058 2183 exbibuerunt
1081 2115 1237 2203 Episcopi
1261 2117 1434 2184 vobiscum
1461 2120 1497 2183 in

361 2222 504 2288 exercitu
531 2221 715 2306 constituti,
742 2221 860 2289 dilecto
884 2220 952 2289 lilio
978 2226 1063 2289 P...
1090 2224 1175 2290 tituli
1202 2224 1314 2290 Sancti
1341 2225 1495 2290 Marcelli

361 2329 555 2414 Presbytero
572 2327 760 2413 Oardinali,
786 2331 996 2416 Apostolioae
1011 2331 1105 2398 Sedis
1121 2333 1263 2417 Legato,
1290 2331 1443 2398 dedimus
1460 2333 1495 2397 in

361 2435 535 2520 mandatis,
552 2445 587 2502 nt
599 2437 650 2502 vel
665 2455 724 2521 per
739 2456 784 2520 se,
802 2438 856 2503 vel
871 2455 930 2521 001
946 2437 1048 2504 aliurn
1057 2439 1162 2504 rirnm
1177 2437 1363 2522 discretum,
1381 2439 1425 2505 ab
1443 2439 1494 2504 eis

360 2541 415 2624 qui
440 2543 585 2610 noudum
605 2543 799 2626 jnraverunt
823 2545 943 2610 nostris
971 2551 1061 2611 stare
1084 2545 1269 2629 mandatis,
1300 2545 1493 2631 hujusmodi

359 2649 494 2733 exigant
510 2654 542 2714 et
559 2649 719 2737 recipiant
729 2651 968 2736 juramentum
996 2652 1150 2736 ejuratis
1165 2661 1272 2718 autem
1296 2661 1493 2738 exposcant,

361 2764 395 2822 ut
411 2775 447 2824 se
457 2757 589 2840 jurasse
613 2758 722 2824 taliter
738 2759 895 2826 incorum
911 2761 1101 2844 praesentia
1115 2765 1368 2844 recognoscant,
1393 2767 1429 2826 et
1445 2763 1494 2827 sic

361 2866 453 2934 vobis
464 2865 657 2932 auctoritate
672 2871 784 2932 nostra
794 2866 918 2932 suffulti
927 2867 1026 2951 juxta
1041 2866 1180 2934 formam
1188 2867 1356 2932 Ecclesiae
1373 2887 1492 2934 munus

362 2973 575 3040 absolutionis
592 2973 792 3059 impendant.
809 2974 936 3041 Deinde
956 2975 1049 3042 salvo
1065 2976 1099 3040 iu
1116 2975 1190 3041 aliis
1206 2975 1361 3042 mandato
1379 2985 1493 3043 nostro

361 3080 455 3148 vobis
470 3081 641 3166 injungant
657 3082 719 3146 sub
737 3080 847 3150 debito
859 3082 1055 3166 jnramenti,
1079 3088 1115 3148 nt
1130 3101 1199 3166 vos,
1217 3081 1359 3148 Comites
1382 3095 1417 3150 et
1432 3085 1493 3149 Ba-

361 3208 457 3254 rones
468 3238 476 3273 ,
503 3207 560 3275 per
576 3187 703 3254 litteras
720 3196 848 3255 vestras
875 3197 1008 3276 apertus
1024 3211 1097 3256 cum
1118 3190 1237 3274 sigillis
1262 3188 1492 3277 pendentibus,

361 3303 428 3362 tam
445 3315 514 3379 vos,
532 3315 630 3378 quam
647 3315 852 3364 successores
869 3303 994 3364 vestros
1010 3297 1087 3365 sedi
1098 3297 1309 3384 spostolicae
1325 3297 1492 3381 obligetis,

360 3402 446 3485 quod
463 3403 506 3468 ad
524 3403 712 3470 mandatum
737 3405 807 3470 eius
827 3405 869 3470 de
883 3412 976 3471 tants
1001 3405 1267 3491 praesumptione
1292 3404 1492 3472 satisfactio-

361 3528 436 3576 nem
451 3511 608 3576 curcbitis
625 3511 797 3596 exhibere,
825 3513 975 3578 omuibus
991 3519 1100 3580 autem
1125 3512 1330 3598 praecipiant
1357 3511 1393 3576 in
1410 3531 1493 3579 eom·

361 3617 460 3699 muni,
480 3623 514 3681 ut
531 3637 552 3683 a
568 3617 728 3685 similibus
744 3618 785 3684 de
799 3625 930 3687 caetero
942 3621 1073 3708 penitus
1085 3621 1239 3704 caveatis,
1258 3639 1318 3686 100
1335 3619 1493 3686 invaden-

360 3731 410 3790 tes
427 3728 533 3790 terras
549 3723 823 3810 Christiaoorum,
849 3748 908 3794 100
924 3729 1092 3796 laedentes
1109 3730 1142 3795 in
1159 3730 1279 3812 aliquo,
1297 3727 1362 3792 nisi
1377 3726 1491 3793 forsan

360 3830 410 3897 illi
425 3838 568 3898 vestrum
583 3832 644 3900 iter
659 3835 806 3926 nequiter
821 3835 1025 3922 impedirent,
1037 3835 1089 3902 vel
1105 3837 1173 3901 alia
1183 3835 1283 3920 justa,
1295 3835 1366 3900 sive
1382 3853 1494 3900 neces·

359 3938 449 4006 saria
464 3957 566 4010 causa
581 3940 692 4008 forsan
708 3953 898 4028 occurreret,
915 3950 1049 4029 propter
1065 3963 1162 4026 qnam
1174 3941 1264 4008 aliud
1279 3961 1378 4026 agere
1396 3944 1491 4008 iuter·

360 4049 510 4116 veniente
526 4049 736 4134 Apostolicae
753 4051 846 4116 Sedis
863 4053 1000 4118 consilio
1016 4051 1181 4118 valeretis.
1202 4049 1375 4117 caeterum
1389 4051 1493 4116 verba

359 4157 521 4240 quaedam
536 4158 571 4223 in
587 4177 643 4225 ore
659 4160 827 4243 posuimus
843 4159 998 4244 Episcopi
1014 4161 1194 4243 memorati,
1212 4177 1297 4242 quae
1307 4159 1381 4244 ipse
1397 4158 1492 4225 vobis

359 4265 477 4348 poterit
501 4263 640 4331 fideliter
657 4265 831 4351 explicare.
857 4265 1026 4333 Menenius
1050 4267 1149 4352 igitur
1176 4265 1422 4332 universitatem
1440 4286 1491 4331 re-

358 4377 459 4438 stram
485 4377 518 4437 et
542 4373 751 4438 exhortamur
775 4371 809 4436 in
826 4372 965 4438 Domino
976 4423 985 4454 ,
1012 4379 1044 4438 et
1070 4393 1128 4457 per
1150 4371 1342 4457 Apostolica
1368 4374 1492 4458 scripta

362 4478 566 4563 mandamns,
584 4487 743 4563 quatenus
759 4479 925 4564 praedicto
938 4482 1022 4565 Regi
1032 4482 1221 4564 Hungariae
1236 4480 1404 4546 humiliter
1417 4503 1491 4568 snp-

360 4587 497 4672 plicatis,
515 4593 550 4652 ut
560 4587 600 4654 de
611 4589 723 4656 innata
739 4587 803 4654 sibi
813 4589 927 4673 Regali
938 4591 1110 4656 clementia
1122 4609 1220 4674 super
1231 4589 1368 4675 offensa,
1391 4609 1489 4673 qnam
