3200 5182
595 400 752 500 ,iil

100 595 237 661 Pachun
253 593 382 660 nomine
398 614 471 659 cum
488 615 552 660 vna
569 594 673 678 vinca,
695 604 730 661 et
751 604 844 682 prato
861 599 916 666 vbi
940 620 1023 668 nune
1049 602 1159 670 lenum
1176 605 1235 672 fal-

98 708 205 770 catur.
222 704 260 768 ln
275 702 356 767 villa
371 701 517 768 Saracad
533 723 591 768 sex
607 705 731 770 vineas.
749 709 787 771 ln
806 707 886 772 villa
910 709 1016 776 Obccb
1033 731 1129 777 unam
1146 714 1232 780 vinc·

98 831 166 876 am.
183 812 221 876 lu
236 811 317 876 villa
334 811 449 895 Durng
464 831 560 876 vnanr
576 811 674 878 viam.
687 813 723 878 ln
734 815 814 880 villa
824 816 974 902 Turpncz
984 839 1081 886 unam
1093 821 1231 888 vineam.

94 919 134 984 Iu
153 919 233 986 villa
249 917 372 1003 Gynuk
388 925 508 984 terram
524 919 567 985 ad
583 941 679 988 vnum
695 931 849 989 aratrum.
874 925 982 993 Habet
1002 927 1136 1014 insuper
1159 951 1228 1015 prc-

96 1027 187 1095 dium
206 1028 358 1093 Ztcmene
374 1027 503 1094 nominc
520 1027 662 1111 undique
678 1037 843 1096 metatum.
861 1034 1013 1100 Prcdium
1031 1038 1115 1122 Gely
1131 1040 1231 1105 nomi-

97 1156 140 1201 nc
159 1155 229 1200 cum
246 1155 312 1200 vna
328 1135 434 1216 vinca,
452 1142 483 1200 et
508 1155 572 1200 vno
597 1135 781 1204 molendino
808 1159 904 1226 super
931 1160 1050 1226 aquom
1076 1145 1232 1230 Hrebyna

97 1243 241 1328 nominc,
259 1252 291 1309 et
317 1243 382 1310 alio
409 1240 595 1311 molendino
620 1264 863 1330 superaquam
889 1249 1060 1336 Poponas,
1088 1252 1231 1337 undique

95 1351 198 1417 certis
215 1349 310 1416 metis
326 1347 498 1431 disdinctn‚
516 1359 660 1435 exparte
672 1371 737 1418 vna
751 1373 866 1420 versus
883 1355 1015 1440 Belkus‚
1034 1365 1120 1424 etex
1137 1369 1230 1444 parte

97 1462 205 1528 altera
221 1477 334 1524 versus
351 1457 510 1522 Jacobum
527 1463 559 1522 et
575 1457 693 1523 iratres
710 1457 865 1526 ciusdem.
893 1461 1013 1530 Vidcns
1030 1473 1138 1531 autem
1155 1465 1228 1532 tide-

98 1571 143 1636 lis
167 1575 276 1633 noster
300 1564 457 1630 Hercules
483 1565 671 1649 Prepositus
697 1565 841 1633 ciusdem
868 1570 986 1654 castri,
1014 1572 1068 1654 qui
1096 1593 1229 1656 presens

97 1675 226 1759 aderat,
242 1671 318 1738 dum
335 1673 394 1738 bec
410 1693 431 1736 n
447 1671 541 1739 uobis
557 1672 695 1738 dilectus
712 1683 742 1740 et
758 1673 864 1740 fidelis
881 1683 991 1742 noster
1016 1677 1130 1744 Petrus
1147 1681 1230 1746 Geu-

97 1783 218 1850 riensis
234 1780 417 1866 Episcopus
442 1785 576 1866 peteret,
604 1781 691 1863 quod
713 1780 850 1850 donacio
867 1783 969 1868 ipsius
995 1783 1078 1850 inter
1101 1791 1227 1852 ceteras

99 1889 328 1978 possessiones
344 1886 490 1953 Ecclesia
507 1907 571 1954 non
596 1887 824 1976 intitulamur,
853 1889 1076 1958 misericordia
1102 1892 1227 1977 ductus,
1311 1943 1316 1952 .

98 2002 133 2066 in
151 1995 325 2085 presencia
342 1995 483 2062 omnium
500 1996 540 2061 de
550 1997 705 2082 progenie
723 2017 783 2063 sua
800 2001 935 2065 contulit
951 2001 1109 2085 Ecclesic,
1120 2003 1152 2066 in
1164 2021 1229 2085 qua

99 2105 299 2193 Prepesitali
315 2103 510 2189 fungebatur
526 2101 695 2189 dignitate,
717 2105 864 2190 predium
881 2107 1078 2192 ngelccclr
1096 2108 1227 2196 (llmitz)

99 2213 250 2298 nomiue;
268 2219 299 2277 et
315 2231 414 2279 vnum
430 2211 627 2298 mancipium
643 2211 727 2276 Fata
743 2213 872 2281 nomine
889 2235 960 2281 cum
978 2215 1125 2282 comibus
1140 2217 1246 2282 here--

101 2323 201 2390 dibus
216 2321 305 2387 uatis
321 2325 353 2385 ct
374 2318 565 2404 nascituris3
592 2327 624 2385 ct
649 2319 750 2385 alium
776 2321 962 2388 libertinum
987 2325 1084 2390 Kana
1099 2325 1228 2391 nornine

100 2433 188 2500 vltra
205 2439 356 2515 stagnum
372 2430 494 2495 Fertev
510 2429 607 2494 situm
624 2429 657 2494 in
673 2427 835 2498 Comitatu
860 2434 959 2498 castri
985 2431 1228 2520 Soprouiensis;

98 2539 186 2626 qnod
196 2540 320 2624 recepit
330 2537 361 2602 in
373 2536 596 2603 concambium
606 2545 691 2603 terre
702 2536 741 2603 dc
753 2539 841 2606 omui
852 2541 1008 2624 progenie
1018 2548 1228 2628 sua‚cxccpto

97 2649 208 2714 Ponss
224 2647 353 2713 nomine
369 2644 435 2711 filio
452 2645 550 2730 Petri,
568 2645 702 2729 quinon
718 2645 809 2712 dedit
824 2655 950 2732 partem
967 2668 1058 2716 suram
1074 2669 1133 2737 pro
1155 2669 1226 2716 con·

100 2754 241 2838 cambio,
267 2759 299 2819 et
323 2751 379 2818 illc
396 2753 588 2818 numeratim
613 2751 713 2818 habet
729 2759 801 2820 octo
826 2755 940 2839 iugera
966 2763 1048 2821 terre
1075 2756 1176 2822 libere
1192 2757 1225 2820 in

98 2860 215 2948 predio
231 2859 299 2945 illo,
325 2865 434 2925 tamen
450 2861 574 2943 absque
600 2859 671 2927 loco
695 2861 791 2926 curie.
818 2861 860 2927 vt
885 2871 992 2928 autem
1017 2862 1077 2928 hec
1094 2882 1115 2926 a
1132 2861 1227 2929 nobis

95 2971 187 3036 tacta
203 2967 407 3036 confirmacio
425 2967 519 3033 salua
539 2985 667 3054 semper
683 2977 715 3034 et
730 2969 926 3037 inconcussa
951 2981 1152 3056 permaneat,
1169 2990 1228 3036 nec

97 3077 176 3146 ullis
193 3096 337 3161 cuquam
353 3075 551 3162 temporibus
565 3076 673 3142 valeat
689 3076 721 3142 in
731 3077 856 3143 irritum
867 3077 1024 3160 reuocari,
1042 3082 1226 3162 presentem

96 3188 256 3275 paginam
278 3184 379 3269 sigilli
394 3185 498 3250 nostri
514 3183 688 3249 munimine
705 3183 839 3250 fecimus
857 3185 1015 3250 roborari.
1032 3185 1151 3249 Datum
1167 3203 1230 3270 per

98 3313 217 3360 manus
232 3291 382 3377 Magistri
398 3291 512 3376 Vgrini
528 3291 601 3356 aule
616 3291 718 3374 Regie
735 3289 943 3377 Oanccltarij,
961 3311 1047 3357 anno
1063 3292 1105 3357 ab
1122 3291 1227 3355 Incar-

101 3400 241 3468 nacione
251 3399 382 3465 Domini
392 3398 556 3464 M⁰cc⁰x⁰
563 3398 636 3463 Vll?
644 3397 830 3465 Venerabili
841 3399 990 3465 Jobanne
1000 3396 1226 3481 strigoniensi,

99 3506 290 3574 Reuerendo
319 3503 472 3573 Bertoldo
503 3505 674 3573 Colocensi
704 3504 968 3591 Arcbicpiscopis
1000 3503 1228 3588 existentibus,

100 3616 230 3684 Kalanu
247 3613 613 3698 Quinque-Ecclesiensi,
626 3611 797 3680 Desiderio
814 3613 1042 3699 Obcnadiensi,
1060 3613 1228 3681 Willcrmo

100 3723 332 3807 Vltrasiluano,
347 3721 488 3790 Roberto
504 3719 760 3805 wesprimiensi,
777 3723 919 3804 Symcne
939 3720 1157 3806 Waradicnsi,
1174 3720 1230 3788 Ja-

101 3833 182 3898 cobo
198 3829 376 3914 ilamensi,
388 3829 554 3914 Stephano
567 3827 792 3914 Zagrabiensi,
805 3829 901 3894 Petro
918 3825 1089 3894 Geuriensi
1105 3827 1229 3912 illecto,

31 3935 39 3952 '
101 3937 266 4006 Ecclesias
282 3938 344 4002 Dei
360 3933 500 4003 feliciter
516 3935 792 4020 gubcmantibus3
810 3935 1058 4018 JuluPalatino‚
1070 3933 1228 4000 Bankone

100 4049 204 4130 Bano,
221 4043 368 4112 Dionisio
384 4043 544 4127 Magistro
559 4043 814 4110 Tauaruicornm
831 4049 863 4107 et
873 4033 1100 4110 Comitelioui
1112 4038 1228 4122 (lustri,

101 4153 187 4220 Ocuz
205 4151 328 4219 Curiati
344 4149 480 4236 Gemite,
495 4149 626 4233 Roloyn
643 4149 827 4234 Wayuoda,
854 4149 1034 4231 ceterisque
1051 4145 1229 4210 (inmitibus

2 4309 3 4312 ,
100 4260 282 4329 Comitatus
298 4259 490 4343 tenentibus,
506 4257 612 4343 Regni
626 4257 729 4325 nostri
747 4277 831 4322 anno
847 4255 1082 4323 terciodecimo.

102 4423 259 4492 (Zsigmond
272 4421 361 4490 kirtly
376 4423 455 4474 1412.
470 4422 559 4490 „xvt
573 4421 703 4472 kalendas
725 4419 893 4471 novembris“
909 4419 986 4470 elattl
1007 4412 1168 4482 megerdsltd
1181 4415 1229 4467 olr-

174 4510 329 4580 mdnydbtl,
343 4511 413 4578 moly
428 4527 445 4562 a
458 4512 651 4578 orombatbslyi
665 4507 796 4576 lrtptalan
809 4505 994 4560 lcvdltlrdban
1007 4501 1154 4574 briatetilr.)

149 4805 251 4850 toturn.
268 4805 350 4848 ntus.
368 4807 436 4845 nrsr.
457 4817 492 4828 -
513 4807 584 4842 prrr..
603 4797 634 4835 rr.
1028 4781 1067 4838 25
1193 4815 1196 4822 .
