3202 5190
831 304 988 404 -esc-

350 519 430 582 mus,
449 507 606 566 eteorum
623 497 710 564 dicta
726 498 931 583 precepimus
948 500 1117 564 reseruari.
1135 497 1214 564 Cum
1232 504 1342 565 autem
1358 497 1476 582 spolia-

351 606 394 672 tis
409 606 529 672 iniuste
545 623 604 690 per
621 603 837 670 restitucionis
854 603 896 670 sit
916 602 1108 671 beneficium
1124 604 1397 686 succurrendum,
1415 601 1478 668 Ab·

350 712 421 778 bsti
435 711 652 798 precepimus,
670 717 704 777 ut
720 729 769 794 ea,
787 729 849 795 que
865 730 886 775 a
903 711 997 777 dictis
1014 709 1170 777 Farcasio
1186 718 1219 776 et
1228 711 1353 778 Jacobo
1370 709 1479 776 abstu-

352 821 445 904 lerat‚
462 818 543 904 ipsis
560 817 729 885 restituere
745 839 808 885 non
826 818 964 886 differat.
982 819 1113 884 Interim
1126 825 1234 886 autem
1250 823 1389 902 utreque
1400 837 1479 903 pars

350 929 533 1014 composuit
557 927 618 993 sub
637 929 699 994 hac
714 927 812 1012 sama,
841 927 927 1014 qnod
943 929 1056 996 Abbas
1082 935 1115 995 et
1131 928 1329 1015 Capitulum,
1350 935 1383 993 et
1397 927 1481 994 dicti

347 1035 563 1121 jobagiones,
592 1035 670 1117 quia
685 1033 770 1100 salso
787 1036 877 1120 ipsos
894 1035 1124 1120 impecierant,
1142 1035 1235 1102 alite
1251 1040 1429 1117 cessarent,
1448 1044 1482 1102 et

354 1143 401 1208 eis
417 1148 538 1208 terram
553 1160 664 1208 eorum
672 1143 706 1208 in
723 1142 811 1208 dicta
827 1142 907 1208 uilla
917 1144 1022 1211 Heten
1034 1143 1078 1210 ad
1093 1143 1157 1210 duo
1174 1149 1286 1210 arana
1304 1143 1417 1211 cumL
1433 1144 1480 1209 iu·

342 1247 487 1333 'genibus
513 1249 643 1335 pinguis
659 1256 762 1333 terre,
781 1251 846 1316 IIII
862 1251 985 1337 vineas,
1003 1259 1036 1317 et
1052 1255 1083 1320 [Ι
1099 1251 1296 1337 molendina,
1323 1253 1352 1318 V
1368 1257 1480 1337 prata,

354 1357 400 1422 Ill
417 1356 531 1422 silolas
548 1363 580 1420 et
595 1355 627 1420 II
646 1363 740 1422 antra
756 1357 981 1440 restituerent,
999 1358 1174 1425 Farcasius
1191 1379 1268 1426 vero
1284 1367 1317 1426 et
1331 1357 1480 1425 Jacobns

352 1461 542 1549 pecuniam,
569 1481 664 1547 qnam
690 1461 777 1528 ultra
793 1464 1018 1549 possessiones
1034 1464 1173 1549 scriptos
1190 1465 1363 1551 petebant,
1389 1483 1427 1529 se
1445 1465 1480 1530 in

353 1568 524 1654 presencia
540 1567 681 1656 Capituli
708 1569 747 1636 de
770 1569 912 1636 Sacsard
938 1577 969 1636 et
995 1571 1135 1638 aliorum
1160 1569 1373 1657 plurimorum
1398 1591 1482 1638 nun-

352 1695 449 1760 quam
464 1676 675 1759 requisituros
685 1677 912 1761 promiserunt.
930 1677 1058 1743 Deinde
1068 1677 1245 1762 pristaldos
1260 1683 1371 1746 noster
1382 1677 1483 1745 Beth·

353 1783 416 1850 lem
435 1783 620 1850 Canonicus
634 1783 853 1870 'Dymisiensis
878 1783 1005 1868 utrique
1028 1785 1113 1869 parti
1138 1785 1309 1850 terminum
1335 1785 1481 1870 prefixit,

352 1909 415 1972 qno
432 1911 467 1958 se
483 1901 593 1959 nostro
610 1891 796 1978 conspectui
808 1897 1050 1984 presentarent;
1068 1892 1241 1958 dicantem
1257 1892 1383 1977 profixo
1401 1895 1483 1960 Far-

354 1998 461 2065 cesius
487 2006 519 2066 et
544 2001 688 2068 Jacobus
713 2000 746 2064 in
773 2005 885 2067 nostra
909 2000 1075 2067 constituti
1100 2001 1273 2086 presencia
1301 2001 1482 2068 aduersam

352 2111 479 2192 partem
495 2111 764 2192 expectaucrunt;
792 2126 854 2191 que
871 2097 946 2173 cum*
959 2128 1024 2174 non
1041 2107 1203 2191 venisset,
1230 2108 1390 2194 pristaldo
1406 2129 1482 2195 pre·

351 2215 506 2301 cepimus,
522 2219 557 2280 ut
573 2214 659 2300 parti
675 2233 737 2298 que
751 2234 815 2280 non
832 2214 920 2280 venit
929 2265 938 2298 ‚
964 2214 1135 2280 terminum
1152 2215 1324 2300 prefigeret
1348 2234 1480 2302 compe-

350 2329 489 2408 tentem5
506 2341 569 2404 que
585 2339 657 2386 cum
673 2321 787 2405 primo,
804 2319 957 2405 secundo,
975 2321 1084 2405 tercio,
1102 2329 1226 2406 quarto,
1245 2323 1356 2404 quinto
1373 2323 1480 2388 citata

351 2451 417 2497 non
434 2430 586 2512 venisset,
603 2435 836 2512 cognoscentes
852 2429 1016 2497 iusticiam
1032 2429 1190 2498 dictorum
1206 2431 1355 2515 Farcosii
1372 2438 1405 2498 et
1420 2433 1480 2498 Ja-

351 2537 443 2619 cobi,
470 2538 559 2624 ipsos
585 2536 627 2602 ab
653 2536 860 2622 impetitione
876 2535 1016 2603 Abbatis
1026 2589 1035 2622 ,
1054 2536 1198 2622 Capituli
1218 2545 1251 2604 et
1265 2537 1479 2622 iobsgionnm

351 2645 552 2726 absoluimus
568 2650 600 2710 et
624 2642 745 2710 liberos
761 2663 835 2710 esse
853 2647 1148 2730 pronunciauimus,
1174 2645 1388 2732 precipientes
1409 2647 1479 2730 pri-

352 2753 458 2821 staldo
475 2759 585 2819 nostro
601 2752 825 2839 possessiones
850 2754 1050 2839 prescriptos
1066 2753 1213 2836 restitui,
1241 2758 1273 2818 et
1288 2753 1334 2819 'eis
1352 2753 1413 2819 sub
1431 2753 1481 2818 di·

351 2869 528 2932 scretorum
544 2861 686 2927 virorum
711 2859 897 2927 testimonio
922 2859 1096 2943 assignari.
1123 2861 1165 2926 Vt
1180 2859 1279 2942 igitar
1300 2859 1355 2927 via
1384 2860 1480 2925 mali-

353 2969 448 3054 gnari
463 2967 644 3035 volentibus
661 2967 888 3052 precludatur,
912 2981 1098 3052 processum
1124 2967 1251 3051 negocij
1267 2967 1329 3032 sub
1344 2985 1480 3051 presen-

352 3077 495 3142 sencium
523 3075 706 3142 testimonio
732 3073 911 3139 litterarum
943 3072 1044 3157 sigilii
1070 3073 1172 3140 nostri
1198 3073 1374 3139 munimine
1405 3095 1480 3161 pre-

351 3185 495 3271 cepimus
521 3183 688 3267 roborori3
714 3201 799 3248 anno
825 3182 867 3248 ab
884 3181 1116 3248 Incarnecione
1139 3181 1276 3248 Domine
1302 3181 1478 3248 millesimo

350 3291 417 3360 GC?
431 3291 509 3359 xlc

350 3453 502 3520 (Chenadin
517 3453 676 3517 erstergami
689 3449 821 3503 erseknek
835 3447 996 3518 megeriisitb'
1009 3448 1200 3518 okminytb61‚
1215 3467 1231 3501 a
1244 3447 1345 3502 rumolt.
1359 3449 1477 3519 herczeg

636 3537 800 3606 Esaterhizy
814 3538 961 3593 cealtdnek
975 3536 1186 3605 lenerttrtbanp
