3218 5192
854 329 1006 432 *ιιι*

365 527 486 597 clasiae
501 533 578 595 tuae
589 525 630 594 de
646 525 800 593 mandato
811 526 1067 613 Arcbiepiscopi,
1085 526 1140 612 qui
1156 548 1215 614 pro
1229 525 1490 613 temporefnerit,

330 713 334 726 ἱ
365 639 418 704 vel
434 634 578 723 Capituli
596 633 792 719 processerit
806 633 1018 719 aliquorsum,
1043 633 1147 702 donec
1162 641 1257 702 extra
1275 635 1491 720 permanserit

365 743 516 829 exigente
532 742 738 824 necessitate,
764 739 887 807 fructus
904 741 1111 826 praebendae
1128 761 1217 826 suae,
1234 761 1291 809 seu
1309 743 1393 810 alios
1409 741 1492 808 redi-

364 861 416 920 tus
434 872 510 920 suos
526 851 653 936 integre
678 857 906 934 consequatur.
932 849 1130 917 Prohibuisti
1155 850 1253 917 etiam
1269 872 1310 917 nc
1331 849 1492 920 conventi-

364 963 438 1028 cula
455 961 578 1044 fierent,
596 975 681 1044 quae
697 957 918 1026 fraternitates
935 959 1163 1046 appellantur;
1190 967 1224 1026 et
1237 979 1278 1026 ne
1295 963 1422 1044 Comes,
1439 957 1492 1023 vel

365 1069 450 1136 alius
466 1066 660 1152 quicumque
676 1065 798 1149 laicus,
825 1085 898 1132 cum
913 1071 1004 1132 tuam
1019 1065 1201 1132 Ecclesiam
1219 1068 1355 1134 Rectore
1371 1085 1493 1134 vacare

366 1175 548 1262 contigerit,
567 1175 607 1242 de
623 1174 739 1258 domo,
765 1174 818 1239 vel
833 1173 908 1240 aliis
924 1173 1021 1240 rebus
1037 1174 1269 1242 ecclesiasticis
1284 1195 1321 1242 se
1336 1175 1492 1242 intromit-

366 1294 436 1352 tere
451 1283 519 1351 ullo
535 1281 632 1350 modo
657 1287 848 1368 praesumat
857 1331 866 1366 ,
891 1281 943 1348 rel
959 1299 1135 1366 personam
1150 1281 1295 1366 aliquam
1313 1281 1361 1349 eis
1376 1281 1493 1368 praeti-

366 1410 440 1458 ccre
454 1427 499 1438 --
516 1427 556 1436 -
573 1425 618 1437 -
633 1425 676 1438 -
693 1388 829 1454 clericus
845 1388 886 1454 de
901 1388 1142 1474 communiret
1158 1388 1292 1474 msp'oris
1302 1395 1335 1456 et
1350 1388 1492 1458 sanioris

365 1497 470 1586 partis
485 1497 773 1582 Suffraganeornm
789 1496 926 1566 consilio
943 1495 1072 1563 duxerit
1090 1497 1317 1566 ordinandum.
1341 1497 1494 1565 statuisti

366 1607 475 1690 etiam,
492 1611 528 1672 ut
542 1604 692 1672 nullnsin
709 1603 894 1673 sacerdotio
910 1603 1008 1670 ducat
1018 1624 1161 1690 uxorem,
1177 1625 1239 1672 nec
1251 1605 1293 1672 ad
1308 1604 1492 1674 sacerdotis

367 1715 512 1783 ordinem
539 1719 744 1798 assumatur,
767 1713 831 1780 nisi
847 1733 884 1780 se
899 1713 1057 1780 victurum
1072 1712 1258 1799 promiserit
1280 1713 1492 1796 continenter,

365 1822 453 1910 quod
468 1824 617 1890 volumus
633 1821 732 1890 etiam
749 1821 781 1888 in
791 1822 990 1889 diaconatus
1005 1819 1119 1888 ordine
1134 1819 1314 1888 obseruari.
1339 1820 1394 1887 Ad
1409 1821 1493 1887 haec

365 1932 497 2017 insuper
509 1927 662 2014 statuisti,
680 1935 715 1994 ut
730 1928 841 1994 nullus
857 1924 1041 2014 Episcopus
1057 1927 1304 2014 presbyterum,
1325 1946 1384 1994 sen
1400 1926 1492 1993 cleri-

366 2057 439 2106 cum
455 2037 589 2104 alterius
606 2035 776 2103 Dioecesis
801 2035 950 2122 accipere
966 2035 1036 2102 sine
1051 2033 1176 2121 proprii
1191 2033 1348 2120 Episcopi
1362 2033 1493 2118 litteris,

365 2146 418 2212 vel
434 2147 586 2216 ordinare
602 2152 811 2232 praesumat,
838 2153 871 2213 ct
885 2152 922 2212 ut
936 2145 1045 2214 nullus
1061 2145 1198 2213 clericus
1214 2144 1397 2212 Ecclesiam
1412 2143 1493 2212 obti·

365 2275 444 2324 nere
460 2275 518 2343 per
541 2255 663 2338 laicos,
688 2253 741 2320 vel
767 2259 914 2339 accipere
938 2255 980 2322 ab
1006 2253 1116 2340 aliquo
1140 2243 1364 2321 investiiuram
1382 2253 1493 2318 Eccle-

366 2361 436 2430 siae
450 2381 515 2429 non
530 2359 680 2428 vacantis
706 2364 894 2446 attemptet;
921 2359 1008 2444 quod
1023 2360 1052 2427 si
1067 2359 1190 2446 lecerit,
1207 2359 1314 2445 oflicii,
1331 2359 1492 2426 beneficii-

367 2490 429 2556 que
445 2487 552 2556 poena
577 2467 758 2535 mulctetur.
787 2469 825 2534 In
841 2487 943 2534 cansa
958 2469 1201 2556 ecclesiastica,
1226 2467 1291 2535 nisi
1316 2487 1424 2555 parva
1440 2467 1491 2552 sit,

365 2577 486 2646 nullius
502 2575 573 2644 sine
586 2577 774 2661 juramento
791 2574 1011 2644 testimoninm
1027 2575 1234 2662 admittatur,
1261 2576 1348 2662 quod
1363 2576 1399 2642 in
1414 2597 1491 2662 qua·

365 2685 445 2752 libet
460 2683 559 2750 etiam
575 2682 799 2750 ecclesiastica
815 2701 916 2750 causa
931 2682 1069 2752 dicimus
1085 2683 1335 2752 observandum.
1351 2685 1491 2752 Itavero

367 2793 408 2859 de
423 2791 619 2860 monialibus
635 2789 828 2874 decrevisti,
854 2791 942 2877 quod
957 2797 1033 2878 post
1047 2811 1167 2860 annum
1189 2809 1270 2859 suae
1286 2793 1492 2878 probationis

365 2901 516 2966 velamen
532 2897 706 2998 accipiant,
723 2903 779 2964 aut
794 2899 1004 2983 egrediantur
1019 2900 1059 2966 de
1075 2899 1228 2968 claustro.
1248 2899 1345 2978 Quod
1360 2899 1408 2966 sic
1423 2904 1491 2966 tan·

365 3015 433 3074 tum
458 3007 606 3076 volumus
631 3005 820 3090 observari,
847 3011 882 3072 ut
905 3008 1063 3093 expulsae
1087 3009 1121 3074 in
1146 3008 1256 3094 aliquo
1284 3008 1356 3074 loco
1380 3015 1491 3074 votnm

366 3137 461 3185 suum
476 3113 689 3205 (observent),
704 3134 747 3182 ne
763 3114 1011 3200 redarguendae
1021 3115 1291 3203 transgressionis
1306 3114 1490 3182 videantur.

366 3224 547 3293 abbatissa
570 3245 646 3293 vero
662 3224 748 3292 infra
773 3243 917 3291 mensem
936 3223 1103 3292 electionis
1128 3243 1208 3292 suae
1233 3223 1492 3292 benedictionem

367 3333 517 3420 accipiat,
534 3333 586 3402 vel
602 3337 728 3400 remota
744 3333 859 3400 eadem
875 3333 943 3400 alia
958 3335 1170 3418 subrogetur;
1188 3339 1221 3400 et
1235 3330 1424 3418 (moniales)
1441 3351 1492 3397 ne-

367 3459 430 3524 que
444 3440 530 3506 lineo
547 3439 757 3524 vestimento,
786 3459 890 3525 neque
906 3459 1006 3506 carne
1021 3445 1153 3508 utantur
1162 3489 1170 3525 ,
1197 3439 1261 3506 nisi
1275 3439 1359 3507 forte
1373 3437 1492 3505 luerint

367 3545 553 3612 infirmitate
570 3545 731 3612 detentae.
759 3547 803 3612 nt
816 3547 895 3629 quia
910 3545 1003 3614 multi
1017 3546 1142 3631 passim
1166 3546 1321 3631 legitimis
1348 3543 1491 3612 dimissis

367 3653 523 3722 uxoribus
548 3653 803 3738 superinducunt
828 3653 932 3739 alias,
958 3655 1121 3740 statuisti,
1147 3663 1182 3722 ut
1202 3656 1232 3722 si
1257 3655 1329 3740 quis
1355 3653 1492 3720 dimissa

366 3759 501 3848 propria
516 3779 618 3828 uxore
634 3763 798 3848 acceperit
813 3761 924 3847 aliam,
946 3762 1010 3830 nisi
1025 3783 1062 3830 se
1079 3762 1264 3849 correxerit,
1288 3781 1349 3829 nee
1364 3762 1399 3828 in
1414 3762 1490 3846 vita,

365 3866 475 3934 necin
500 3873 604 3935 morte
629 3869 809 3955 sepultura,
835 3870 888 3936 vel
904 3870 972 3936 alia
990 3870 1022 3938 ei
1039 3875 1245 3939 sacramenta
1269 3868 1492 3937 ecclesiastica

366 3974 605 4061 impendantur.
630 3975 724 4056 Quod
741 3978 841 4046 etiam
866 3980 907 4046 de
924 3978 1130 4064 imponendis
1155 3977 1289 4045 decimis
1309 3975 1491 4058 decrevisti,

367 4083 570 4153 decernimus
585 4084 833 4153 obseruandum.
850 4087 936 4154 Illud
951 4107 1038 4173 vero,
1055 4087 1142 4172 quod
1158 4087 1199 4153 de
1217 4084 1386 4170 usurariis,
1404 4083 1490 4150 etde

366 4198 535 4261 contractu
550 4193 747 4262 matrimonii
758 4199 833 4262 ante
849 4196 996 4280 quintum
1006 4193 1307 4279 consanguinitatis,
1324 4193 1377 4259 vel
1389 4189 1490 4259 affini-

366 4299 445 4366 tatis
460 4301 598 4385 madum
613 4301 735 4368 lineam
752 4302 913 4388 statuisti,
940 4323 981 4370 ne
997 4302 1167 4371 videantur
1183 4301 1217 4368 in
1233 4301 1308 4370 aliis
1333 4299 1489 4385 gradibus

367 4404 549 4492 indulgeri,
566 4429 629 4475 non
647 4407 850 4476 decernimus
867 4409 1141 4496 confirmandum,
1168 4411 1222 4479 vel
1238 4429 1369 4478 usuram
1384 4409 1418 4474 in
1434 4407 1488 4473 ali·

368 4531 430 4596 quo
447 4533 526 4582 casu
549 4515 702 4600 permitti.
727 4517 903 4584 Praeterea
918 4518 1046 4587 vinculo
1073 4517 1291 4586 anathematis
1315 4514 1486 4599 innodasti,

367 4622 422 4708 qui
438 4621 581 4692 auferret
596 4625 765 4696 Ecclesiae
780 4625 955 4715 privilegia
963 4678 973 4714 ,
1002 4629 1055 4696 vel
1071 4649 1111 4697 ex
1128 4628 1176 4697 eis
1191 4627 1272 4696 utile
1296 4623 1429 4712 aliquod
1446 4641 1486 4689 ex
