3200 5182
106 1055 217 1119 Deuca
240 1054 405 1120 reddoruule
422 1053 534 1136 italae,
560 1077 581 1116 u
603 1050 745 1138 chlcffp
760 1053 871 1118 mcldct
893 1054 1014 1118 ductast
1038 1077 1058 1118 a
1074 1055 1187 1120 Drdoa
1203 1057 1235 1119 ts

304 1161 407 1228 Seciae
426 1163 511 1228 lcdzlt'
525 1163 594 1249 rc'qi
610 1161 732 1226 tincta
748 1161 935 1248 tdrpydboa.
955 1163 1051 1228 1228.

221 1358 391 1426 Dionisius
407 1358 470 1426 Dei
486 1358 601 1443 gracia
617 1357 734 1425 Comes
743 1357 914 1425 Palatinus
932 1357 1092 1425 uniuersis
1102 1375 1237 1444 presens

108 1469 273 1554 scriptum
297 1466 494 1554 inspecturis
519 1466 659 1533 salutem
684 1467 719 1533 in
744 1486 822 1533 vero
847 1465 994 1532 salutari.
1026 1465 1237 1532 Vniuersitati

107 1576 254 1644 omnium
280 1582 391 1643 tenore
415 1575 618 1661 presencium
642 1575 791 1641 volumus
815 1572 884 1640 lieri
910 1572 1124 1658 manifestum,
1149 1572 1237 1657 quod

106 1687 196 1752 inter
212 1682 372 1751 Rubinum
389 1683 490 1750 filium
511 1681 645 1749 Comitis
660 1682 724 1750 lob
743 1679 784 1747 de
800 1700 918 1766 gauere
928 1679 1036 1768 Woyk
1052 1685 1085 1746 et
1100 1680 1169 1748 eius
1184 1699 1237 1764 ge

106 1793 317 1860 neracioncm
344 1793 386 1858 ab
412 1813 476 1858 vna
491 1799 594 1879 perte,
620 1791 663 1857 ab
679 1790 784 1857 altera
808 1789 966 1858 Comitem
989 1791 1120 1858 Petrum
1135 1789 1236 1856 filium
1269 1865 1270 1870 ἵ

108 1901 260 1967 Marcelli
287 1899 328 1965 de
354 1919 476 1985 genero
500 1899 646 1966 Thethcn
672 1904 705 1964 et
734 1903 836 1967 totam
869 1899 1117 1983 generacionem
1142 1917 1234 1966 suam

107 2009 213 2076 lomes
229 2007 393 2076 discordie
409 2012 441 2074 et
457 2006 594 2073 materia
610 2007 789 2090 questionis
805 2028 827 2072 a
841 2006 931 2100 longi
951 2005 1107 2092 temporis
1131 2013 1236 2072 tractu

108 2139 168 2202 pro
184 2122 273 2183 terra
295 2116 378 2183 inter
402 2116 520 2182 fluuios
535 2115 656 2182 Pwker
672 2123 704 2182 et
718 2113 911 2202 Thapolcha
933 2121 1068 2182 vocatos
1087 2113 1237 2199 contigue

108 2224 291 2311 adiacente,
318 2231 352 2290 et
367 2225 444 2292 aliis
469 2225 566 2291 rebus
591 2244 630 2290 ae
655 2221 805 2309 dampnis
830 2222 1052 2309 processisset,
1078 2229 1110 2289 ot
1135 2241 1237 2307 usque

108 2333 205 2400 modo
223 2333 254 2398 in
272 2333 374 2400 nostri
400 2332 575 2419 presencia
598 2332 819 2418 perdurasset,
839 2353 903 2418 que
927 2332 1059 2400 tandem
1079 2331 1123 2399 ad
1138 2330 1237 2400 domi-

107 2463 184 2508 num
203 2444 325 2525 Regem
342 2441 402 2507 luit
417 2441 576 2526 deducta;
603 2461 701 2526 quam
717 2438 866 2508 domiuus
882 2443 952 2509 Rex
978 2441 1070 2508 nobis
1090 2442 1161 2508 vice
1177 2461 1238 2506 sua

107 2549 272 2616 commisit
287 2548 485 2616 audiendam
510 2555 543 2616 et
559 2547 622 2615 fine
637 2547 746 2616 debito
762 2548 1011 2616 terminandam.
1036 2547 1162 2627 Quibus
1178 2569 1237 2616 nos

107 2657 281 2725 terminum
297 2655 341 2723 ad
364 2656 607 2742 producendum
619 2657 696 2742 jura
711 2656 856 2742 ipsorum
874 2677 988 2724 versus
1012 2657 1150 2724 inuicem
1166 2677 1235 2742 pre·

107 2767 259 2852 linimus,
278 2767 397 2852 quibus
406 2764 627 2832 mediantibus
643 2771 761 2831 terram
772 2771 952 2851 protectam
967 2769 1140 2849 generacio
1150 2765 1236 2851 ipso-

108 2897 181 2942 rum
197 2874 365 2959 tenuisset,
382 2880 415 2941 et
430 2873 509 2961 ipsis
526 2873 785 2960 appropriarent.
804 2871 875 2950 Quo
885 2873 1027 2942 aduento
1043 2881 1136 2959 parte
1151 2879 1235 2939 utra·

109 3003 175 3068 que
192 3003 303 3049 coram
319 2981 414 3048 nobis
439 2980 626 3063 constituta,
653 2979 760 3046 dictus
774 2977 921 3046 Rubinus
944 2981 1113 3065 repetebat
1128 2980 1236 3066 ipsam

106 3099 228 3160 terram
244 3091 305 3160 sub
331 3093 461 3160 nomine
472 3091 556 3176 juris
573 3089 624 3157 sui
641 3090 713 3156 veui
729 3088 871 3176 proprio,
888 3088 1063 3174 allegando
1088 3109 1162 3155 eam
1178 3106 1236 3174 per

107 3200 357 3286 generacionem
373 3219 468 3266 suam
485 3198 562 3266 olim
578 3198 755 3285 populasse
765 3203 799 3263 et
814 3195 974 3282 coluisse;
991 3195 1052 3264 sed
1066 3217 1124 3283 per
1139 3215 1234 3280 gene-

107 3307 273 3375 racionem
298 3306 436 3374 Gomitis
461 3307 549 3373 Petri
565 3307 598 3372 vi
617 3311 809 3390 occupatam
835 3303 994 3390 detineri;
1020 3311 1053 3372 et
1070 3303 1105 3370 iu
1120 3300 1234 3370 eodem

106 3415 244 3484 instanti
275 3413 498 3483 instrumentis
526 3413 699 3480 autenticis
728 3413 841 3480 inclite
865 3411 1018 3480 memorie
1047 3411 1234 3478 Beatissimi

106 3522 266 3610 Stephani
282 3523 408 3590 etBela
422 3523 527 3608 Belyu
543 3521 682 3590 condam
696 3523 823 3606 Regum
839 3521 1014 3588 illustrium
1029 3519 1134 3606 Regni
1149 3519 1234 3586 Hun-

106 3633 211 3719 garie,
236 3639 269 3698 et
285 3631 423 3698 aliorum
439 3630 523 3718 ipsis
549 3627 796 3697 succedencium
821 3649 931 3697 coram
949 3629 1043 3697 nobis
1068 3628 1234 3716 productis

108 3761 202 3809 suam
219 3737 468 3807 euidentissime
492 3739 717 3826 comprobauit
732 3738 957 3807 intencionem.
975 3737 1073 3804 Cuius
1088 3738 1234 3822 allegata

106 3857 139 3915 et
154 3847 311 3915 litteralia
326 3846 541 3915 instrumenta
550 3845 668 3914 Comes
685 3848 799 3912 Petrus
818 3851 1014 3914 memoratus
1025 3866 1067 3912 ex
1082 3846 1232 3932 aduerso,

106 3978 170 4044 qne
195 3977 255 4024 nos
279 3956 367 4024 iusta
391 3976 432 4022 ac
456 3975 535 4023 uera
568 3961 657 4022 recto
677 3955 762 4039 juris
784 3955 913 4020 tramite
938 3971 1232 4040 comperueramus,

105 4063 341 4152 calumpniosis
351 4063 560 4151 processibus
571 4082 705 4129 cassare
721 4067 754 4127 et
763 4063 948 4149 improbare
962 4060 1148 4128 conabatur.
1166 4059 1232 4127 Sed

105 4171 322 4259 quianullum
338 4171 474 4246 euidens
488 4169 697 4257 priuilegium
710 4167 754 4235 ad
765 4168 851 4254 juris
868 4168 918 4234 sui
927 4165 1149 4234 defensionem
1162 4187 1231 4253 pro-

105 4281 218 4365 duxit;
250 4299 311 4347 nec
326 4299 476 4366 proceres
501 4279 584 4346 iuter
608 4280 754 4344 Drauum
779 4283 811 4344 et
836 4277 961 4344 Zauum
985 4281 1231 4361 commorantes,

105 4387 240 4454 adducti
264 4407 323 4474 per
338 4387 503 4456 racionem
528 4386 701 4472 quicquam
727 4405 787 4470 pro
810 4389 905 4471 parte
929 4382 1033 4469 ipsius
1057 4381 1231 4469 responde-

105 4500 190 4582 runt,
217 4495 276 4564 sed
302 4500 417 4563 contra
441 4495 570 4583 penitus
595 4513 656 4561 sua
671 4491 870 4579 improbatio
896 4491 1001 4557 locum
1020 4489 1141 4556 habere
1166 4511 1231 4558 non

104 4603 220 4692 potuit.
245 4604 310 4686 Qui
327 4603 492 4674 intellecta
517 4601 752 4690 dampnacione
773 4621 830 4668 sue
848 4619 947 4668 cause
970 4598 1078 4686 sepius
1093 4618 1114 4664 a
1129 4600 1232 4668 nostri
