3200 5182
858 267 1008 366 *cm—

372 465 513 532 soientia
528 471 560 530 et
586 461 722 532 consilio
739 463 974 530 convertendis.
1002 462 1143 549 Ideoque
1161 484 1219 549 per
1233 463 1432 550 Apostoliec
1449 439 1500 530 vo·

248 599 253 610 ·
372 573 423 642 bis
440 573 563 659 scripta
579 572 781 657 mandamus,
798 579 959 655 quatenns
975 572 1037 638 beo
1053 571 1268 656 Strigouiensi
1283 578 1317 638 et
1334 572 1499 657 Quinque·

371 679 572 748 Ecclesiensi
590 679 749 746 Ecclesiis
774 679 999 766 publicantes,
1026 683 1058 744 et
1072 685 1232 762 quatenus
1256 679 1297 745 ad
1314 679 1431 766 ipsum
1446 685 1501 746 Ar-

375 789 621 876 chiepiscopum
641 789 790 874 pertinet,
807 787 965 856 iacientes
976 807 1214 874 percensuram
1226 789 1504 872 ecclesiasticam,

375 897 598 983 appellatione
614 903 749 981 remota,
766 897 899 964 firmiter
915 897 1101 982 observari,
1128 897 1306 982 iniungatis
1326 897 1506 984 Capitulis,

379 1005 475 1073 Clero
492 1013 525 1072 et
541 1005 701 1072 universis
727 1005 866 1072 subditis
882 1003 1258 1090 Quinque-Ecclesiensis
1275 1006 1431 1074 Ecclesia
1440 1058 1450 1091 ,
1474 1013 1508 1073 ut

378 1115 653 1200 procuratoribus,
680 1133 761 1199 quos
777 1113 864 1181 idem
880 1114 1062 1200 Episcopus
1078 1113 1111 1180 in
1127 1115 1354 1200 spiritualibus
1376 1115 1420 1182 de
1436 1137 1507 1182 ocn-

376 1221 521 1288 niventia
536 1228 648 1290 nostra
664 1221 814 1308 providit,
844 1227 877 1287 et
892 1223 954 1288 sibi
973 1243 1012 1288 ao
1027 1223 1104 1306 illis,
1121 1243 1201 1307 quos
1222 1230 1461 1310 procuratores
1477 1223 1507 1288 iu

377 1331 612 1416 temporalibus
637 1329 766 1396 duxerit
790 1329 1027 1416 providendos,
1053 1331 1256 1398 intendentes
1282 1331 1459 1398 humiliter
1478 1337 1510 1394 et

380 1437 496 1503 devote
505 1486 514 1520 ,
540 1435 582 1500 de
607 1435 739 1502 iustitiis
755 1435 1005 1521 Episcopalibus
1030 1437 1078 1503 eis
1094 1441 1205 1502 curent
1221 1437 1290 1502 sine
1306 1435 1505 1504 difficultate

356 1545 525 1630 ‘qualibet
541 1545 746 1631 respondere.
765 1546 884 1611 Datum
901 1546 989 1630 apud
1000 1546 1262 1612 Urbomveterem
1279 1547 1374 1613 VIII.
1394 1547 1505 1613 kalen·

382 1653 443 1720 das
460 1653 670 1740 Septembris,
691 1654 902 1720 Pontificatus
918 1654 1022 1721 nostri
1038 1673 1124 1722 anno
1140 1655 1260 1740 quinto.

381 1853 517 1918 (Theiuer,
541 1854 641 1905 Vetera
659 1853 833 1905 Monumenta
853 1853 992 1904 Historica
1013 1853 1183 1920 Hungariam
1204 1855 1313 1906 Sacram
1338 1855 1505 1906 illustrantia

384 1945 407 1995 1.
421 1943 477 1996 ket.
491 1945 534 1996 it.
550 1943 576 2006 l.‚
590 1959 615 1992 v.
627 1948 651 1994 o.
665 1959 681 1994 a
693 1939 822 2010 pipinalr
835 1958 852 1994 a
865 1940 938 2009 pecsi
952 1943 1106 2010 pllspttlrlren
1119 1941 1230 1994 lutiaett
1248 1943 1403 1997 renrlsletet
1416 1941 1504 2010 Fajer-

697 2031 741 2084 nel
754 2033 818 2086 eod.
831 2033 903 2100 Dipl.
917 2035 968 2085 111.
982 2033 1009 2084 k.
1024 2035 1047 2082 l.
1060 2047 1081 2082 r.
1095 2033 1155 2084 295.
1169 2029 1199 2102 l.)

790 2815 792 2818 ·
910 2794 987 2865 253.

385 2970 537 3040 Acontius
558 2975 663 3058 popei
687 2971 842 3060 ΙοδυοιηοΙιζ
857 2975 1050 3062 batanaeae,
1075 2980 1156 3068 bopy
1172 3003 1193 3043 a
1216 2981 1357 3067 epularet
1377 2989 1500 3073 papatu

386 3078 458 3146 aeti
483 3081 601 3165 torpet
624 3079 758 3166 cajetan
784 3083 898 3148 bahent
922 3089 1058 3171 aycjtott
1082 3090 1252 3175 ecpitaepet.
1280 3094 1377 3158 1221.
1405 3091 1500 3157 ncrct

489 3276 642 3344 Acontius
657 3277 780 3344 domiui
799 3280 911 3366 Papae
930 3279 1153 3352 Subdicconus
1171 3291 1204 3352 et
1214 3287 1422 3375 Capelianus,
1440 3290 1498 3354 Dei

386 3383 495 3468 gratia
511 3383 720 3470 Apostolioao
744 3385 839 3453 Sedis
863 3389 1007 3472 Legatos
1023 3391 1182 3460 universis
1206 3407 1398 3480 praesentes
1425 3397 1502 3464 litte·

386 3510 440 3556 ras
456 3490 647 3576 inspecturis
669 3494 808 3560 salutem
824 3495 857 3562 in
872 3496 1022 3564 Domino.
1048 3501 1221 3587 Noveritis,
1238 3523 1298 3570 nos
1314 3515 1448 3592 propter
1461 3507 1503 3572 iu·

386 3604 523 3664 stantem
549 3599 776 3669 necessitatem
791 3624 926 3690 guerrae
952 3606 1195 3692 nephandorum
1211 3608 1437 3698 Gazethorum,
1453 3611 1502 3698 qni

257 3797 264 3813 ²
384 3724 442 3792 pro
469 3702 610 3790 ipsorum
634 3727 730 3793 posse
745 3711 839 3776 nobis
864 3710 1003 3779 insidias
1019 3712 1063 3778 ad
1087 3715 1264 3784 nocendum
1290 3723 1462 3806 parabant,
1485 3739 1504 3783 a

388 3811 540 3900 Capitulo
557 3819 589 3880 et
605 3813 699 3882 (llere
716 3823 782 3885 toto
808 3818 951 3887 civitatis
967 3821 1173 3907 Spalatensis
1189 3827 1350 3912 exegisse,
1367 3838 1404 3896 ut
1419 3830 1502 3914 ligna

387 3921 482 3988 uobis
497 3929 658 4010 pararent,
685 3944 758 3992 oum
773 3925 890 4008 quibus
906 3946 1020 3996 secure
1034 3950 1203 4017 possemus
1225 3932 1381 4002 Jaderam
1398 3955 1502 4024 perve-

388 4030 468 4098 nire.
485 4030 580 4110 Quod
594 4037 662 4098 tam
686 4031 802 4100 devote
816 4054 914 4118 quam
929 4037 1074 4104 hilariter
1088 4039 1195 4108 facere
1213 4054 1436 4130 procurarunt,
1451 4065 1501 4132 po-

387 4138 548 4204 stulautes
573 4159 594 4204 a
618 4139 712 4206 nobis
724 4189 732 4224 ,
756 4159 797 4206 ne
815 4139 849 4206 id
874 4141 958 4227 illis,
986 4143 1040 4227 qui
1065 4165 1129 4213 non
1154 4159 1389 4219 consueverunt
1413 4172 1502 4239 super

390 4247 538 4313 vectione
553 4248 749 4332 Legatorum
765 4249 921 4316 auxilium
937 4251 1098 4340 exhibere,
1125 4254 1168 4321 ad
1183 4259 1419 4343 praejudicium
1437 4281 1500 4350 pro

390 4354 525 4424 veniret.
541 4358 611 4426 Nos
627 4365 735 4425 autem
750 4356 904 4442 nolentes,
920 4365 956 4426 ut
972 4361 1058 4444 quod
1074 4363 1167 4430 nobis
1183 4365 1218 4431 fit
1232 4368 1398 4437 voluntate
1414 4389 1498 4456 spon·

388 4466 497 4550 tanea,
522 4463 640 4534 debeat
655 4464 817 4552 aliquibus
841 4466 1075 4552 praeiudicium
1091 4491 1255 4560 generare,
1282 4477 1497 4562 praesentibus

389 4567 443 4640 his
458 4569 574 4640 litteris
591 4573 805 4662 declaramus,
829 4593 870 4644 ue
885 4575 1119 4664 praeiudicium
1134 4579 1265 4667 aliquod
1281 4601 1321 4652 ex
1337 4582 1400 4654 hoc
1414 4581 1493 4652 nobis
