3164 5192
631 903 707 971 146.

115 1097 173 1163 Ill.
192 1101 280 1164 [ποτε
303 1103 457 1187 pctpdoulc
471 1101 600 1165 odlasza
617 1103 810 1186 Jouunr'ticc,
826 1127 847 1168 a
863 1103 1011 1190 bolpctrok
1027 1107 1233 1194 urulkodu'jd·

409 1211 474 1274 aule
491 1213 566 1274 145.
583 1233 624 1276 aa.
641 1235 671 1277 a.
689 1213 825 1281 leucldre.
847 1216 941 1278 1202.

214 1410 425 1476 Innocentius
442 1409 625 1496 Episcopus
650 1429 765 1476 seruus
782 1431 945 1478 seruorum
963 1415 1025 1479 Dei
1050 1415 1152 1482 nobili
1168 1416 1238 1483 viro

114 1515 326 1584 Galoiohanni
351 1518 490 1584 Domino
507 1517 721 1602 Bulgarorum
747 1525 779 1585 et
795 1519 999 1586 Blacborum.
1027 1522 1189 1588 Gaudium
1206 1529 1238 1588 et

6 1631 8 1684 i
112 1625 249 1690 salutem
266 1624 384 1690 mando
401 1625 469 1690 tibi.
494 1624 685 1709 Apostolica
700 1624 811 1709 Sedes,
839 1627 890 1692 cui
906 1627 982 1694 licet
997 1628 1148 1694 immeriti
1164 1649 1237 1716 pre·

112 1732 263 1814 ridemus,
281 1731 463 1815 euangelici
479 1732 571 1797 verbi
586 1751 719 1815 memor,
746 1753 808 1816 quo
825 1733 926 1798 Beato
942 1735 1049 1818 Petro,
1066 1735 1237 1820 Apostolo-

112 1861 178 1906 rum
193 1839 350 1926 Principi,
378 1847 411 1906 et
427 1838 560 1904 cuilibet
576 1857 798 1906 successorum
817 1842 887 1907 eius
910 1841 1070 1926 intelliget
1084 1861 1158 1909 esse
1174 1842 1237 1908 dic-

6 1971 7 2022 }
112 1959 196 2016 tum:
228 1948 284 2032 „Si
300 1947 410 2032 diligis
426 1969 497 2030 me,
523 1967 623 2032 pasce
639 1968 717 2014 oves
743 1949 866 2035 meas“;
891 1955 926 2014 ut
949 1970 1030 2037 pure
1055 1951 1236 2018 dilectionis

6 2075 7 2098 ³
111 2056 259 2124 affectum
276 2055 397 2122 babere
413 2056 499 2121 circa
508 2057 681 2122 Dominum
697 2076 733 2123 se
749 2056 910 2151 ostendat,
927 2077 1004 2124 oves
1020 2058 1090 2125 eius
1100 2077 1236 2145 pascere

6 2217 7 2224 ,
111 2165 251 2248 satagit,
277 2163 365 2230 etin
390 2163 485 2229 unius
501 2163 646 2230 Ecclesie
671 2165 796 2248 gremio
814 2173 958 2233 remotas
983 2166 1081 2232 etiam
1107 2185 1236 2250 congre-

111 2292 186 2356 gare
196 2321 205 2354 ,
232 2279 269 2336 ut
285 2271 328 2336 sit
343 2291 442 2336 unum
458 2271 544 2337 ovile
560 2278 591 2337 et
615 2289 698 2336 unus
713 2279 836 2357 pastor.
863 2271 944 2338 Cum
964 2272 1049 2338 enim
1074 2281 1177 2339 mater
1194 2272 1236 2339 sit

6 2389 7 2478 j
110 2379 251 2445 omnium
267 2379 452 2462 generalis,
471 2385 515 2443 'ut
529 2379 617 2444 circa
631 2379 715 2446 filios
742 2381 855 2445 matris
882 2379 1035 2446 exhibeat
1057 2380 1234 2464 lenitatem,

109 2505 288 2554 convocare
311 2485 402 2570 ipsos
418 2491 450 2551 et
466 2503 666 2569 congregare
683 2493 818 2552 conatur
832 2485 866 2552 in
882 2505 991 2571 unum,
1008 2487 1092 2553 sicut
1107 2487 1235 2571 gallina

6 2633 7 2672 ;
109 2601 288 2680 congregat
303 2594 412 2679 pullos
422 2613 509 2677 suos,
527 2601 559 2659 et
574 2612 630 2660 eos
646 2599 714 2659 tum
730 2613 788 2679 per
803 2595 941 2678 legatos,
958 2602 1025 2660 tum
1035 2615 1094 2682 per
1109 2595 1234 2661 litterar

6 2707 7 2724 ³
109 2722 185 2768 suas
201 2703 334 2786 visitat,
362 2708 397 2766 ut
412 2707 444 2767 et
458 2707 573 2786 pastor
590 2718 668 2767 suas
693 2720 770 2768 ores
788 2708 964 2785 agnoscat,
992 2708 1023 2767 et
1038 2709 1235 2786 cognoscant

6 2889 7 2896 ἵ
107 2829 182 2876 oves
192 2809 281 2877 ovile
295 2809 420 2896 pariter
435 2815 468 2874 et
482 2813 657 2892 pastorem.
673 2807 743 2875 Hoc
751 2808 850 2893 igitur
867 2809 1078 2893 attendentes,
1089 2809 1154 2874 iam
1170 2808 1233 2892 pri·

109 2921 180 2988 dem
205 2919 412 2988 nobilitatem
429 2925 519 2983 tuam
533 2937 593 3002 per
618 2919 769 2984 nuncium
786 2926 818 2984 et
841 2917 966 2984 litteras
991 2924 1120 2986 nostras
1146 2915 1235 2982 duxi·

108 3049 177 3096 mus
192 3027 415 3108 visitandum,
441 3033 476 3091 ut
490 3025 654 3092 intellecto
670 3026 852 3093 devotionis
868 3025 994 3107 affectu,
1021 3042 1115 3107 quem
1131 3023 1234 3089 babes

6 3143 7 3146 ’
108 3138 149 3203 ad
163 3139 349 3204 Romanam
365 3133 547 3200 Ecclesiam
564 3139 699 3198 matrem
716 3139 814 3216 tuam,
833 3131 971 3198 maiores
992 3131 1037 3196 ad
1051 3137 1082 3195 te
1098 3129 1234 3196 nuncios

108 3243 315 3330 postmodum
331 3243 541 3324 mitteremus,
559 3241 614 3325 qui
630 3248 697 3305 tam
713 3248 754 3324 te,
772 3239 827 3324 qui
844 3258 883 3304 ex
899 3237 1000 3304 nobili
1016 3237 1233 3303 Romanorum

106 3353 263 3440 prosapia
278 3351 396 3419 diceris
412 3349 630 3432 descendisse,
653 3369 750 3432 quam
766 3347 937 3432 degentem
957 3344 1017 3410 sub
1033 3351 1064 3410 te
1080 3343 1233 3430 populum

105 3462 204 3530 verbo
221 3465 395 3546 pascerent
410 3467 444 3524 et
459 3457 629 3544 exemplo,
655 3463 687 3523 et
703 3455 743 3522 de
758 3453 986 3522 benevolentia
1011 3457 1044 3518 et
1059 3451 1169 3535 gratia
1181 3453 1233 3516 Se·

6 3603 7 3606 ¹
79 3629 82 3636 .
110 3570 159 3636 dis
174 3567 368 3655 Apostolice
382 3564 555 3631 redderent
578 3564 758 3630 certiorem.
786 3564 825 3627 llt
840 3562 915 3628 licet
931 3561 972 3626 de
995 3560 1107 3626 nuntio
1123 3564 1234 3626 nostro

6 3699 7 3702 ’
105 3679 246 3764 primum
263 3681 322 3740 tua
337 3671 493 3740 nobilitas
509 3670 683 3752 dubitaret,
701 3669 817 3752 sciens,
835 3667 922 3751 quod
932 3668 1071 3748 angelus
1087 3665 1234 3733 Satbana

105 3785 270 3852 interdum
284 3801 321 3847 sc
339 3781 373 3845 in
398 3779 481 3846 lucis
508 3780 663 3861 angelum
680 3777 909 3860 transfigurat,
934 3775 1101 3842 intellecta
1125 3779 1234 3840 tamen

105 3892 316 3980 postmodum
330 3909 389 3975 per
413 3887 534 3956 nobilis
558 3887 621 3954 viri
636 3885 819 3952 Pretaxtati
842 3882 1062 3950 testimonium
1087 3881 1235 3962 veritate,

106 4001 247 4086 benigne
263 4019 304 4066 ac
318 3997 494 4066 honorifice
510 3995 619 4079 ipsum
645 3992 791 4076 recipere
807 3990 1007 4076 procurasti,
1034 3989 1118 4054 sicut
1133 3994 1237 4052 trans-

107 4111 207 4177 misse
223 4107 268 4174 ad
283 4125 344 4173 nos
359 4112 415 4172 tue
430 4105 538 4170 littere
555 4101 772 4167 continebant.
789 4096 995 4182 Rescripsisti
1017 4099 1126 4160 autem
1142 4093 1236 4159 uobis

106 4237 163 4303 per
178 4235 255 4282 eum
271 4220 304 4280 et
319 4212 484 4278 humiliter
498 4207 678 4290 intimasti,
705 4207 792 4290 quod
808 4205 936 4271 litteras
963 4207 1092 4268 nostras
1109 4204 1236 4284 reputa-

107 4341 203 4388 veras
222 4319 386 4406 pretiosas
410 4337 508 4402 super
524 4335 618 4384 omne
634 4333 748 4380 curum
764 4321 796 4378 ct
811 4310 988 4395 quemlibet
1006 4307 1150 4392 lapidem
1165 4325 1236 4389 pre-

106 4431 236 4510 tiosum,
263 4433 296 4494 et
310 4427 382 4492 Deo
399 4425 578 4509 gratiarum
603 4421 774 4488 exciveras
791 4418 945 4499 actiones,
973 4413 1060 4498 quod
1074 4421 1108 4480 te
1124 4411 1235 4496 digna·

106 4543 158 4602 tus
173 4535 281 4601 ruerat
297 4533 443 4598 visitare.
460 4529 625 4596 Addidisti
642 4527 752 4612 etiam,
769 4525 856 4610 quod
871 4523 948 4588 licet
962 4520 1073 4586 inclite
1087 4517 1236 4584 recorda-

108 4643 208 4712 tionis
231 4642 368 4708 fratrum
384 4647 513 4706 tuorum
540 4641 669 4704 secutus
685 4635 880 4722 exemplum,
898 4630 1010 4720 semel,
1035 4625 1188 4718 seeundo,
1205 4629 1238 4696 et
