3218 5192
678 954 733 1023 28.

134 1155 315 1218 Zvoiuiruir
325 1152 623 1218 durarit-dalmatiai
637 1153 746 1238 kirotp
757 1174 778 1214 a
788 1151 927 1239 spalatoi
941 1161 1025 1216 secat
1035 1151 1181 1218 bcaclclci
1190 1155 1269 1238 apci-

199 1263 371 1327 czazcirddt
386 1261 685 1348 mepadomo‘oyozzu
702 1262 852 1324 Pustr'azu
872 1263 953 1323 creuit
960 1256 1090 1344 s'o'lddol
1110 1262 1208 1325 1084.

250 1459 287 1524 ln
303 1457 424 1525 Christi
448 1457 587 1524 nomine.
613 1459 684 1542 Ego
701 1457 855 1524 Svinimir
880 1463 957 1522 nutu
974 1457 1036 1522 Dei
1057 1455 1269 1523 chroatorum

137 1571 171 1631 et
188 1565 449 1632 Dalmatiuorum
465 1567 553 1650 Rex;
580 1566 674 1633 nobis
690 1565 811 1630 Divina
836 1565 1006 1630 clementia
1022 1565 1219 1631 concedente
1236 1565 1269 1630 in

136 1673 258 1756 Regali
273 1672 355 1741 solio
382 1673 582 1739 inviolabilis
598 1672 834 1756 residentibuS,
862 1671 1004 1754 undique
1020 1680 1154 1755 uterque
1170 1691 1269 1738 sexus

137 1779 289 1863 militnm,
306 1777 459 1845 videlicet
474 1781 640 1862 utriusque
656 1778 753 1862 ritae,
770 1779 937 1861 laicorum,
954 1796 1139 1861 serrorum,
1167 1785 1200 1843 et
1216 1799 1269 1844 an-

138 1886 289 1953 cillarum
304 1893 487 1954 nostrarum
503 1887 640 1954 effluens
657 1909 715 1974 pro
732 1889 827 1954 rebus
847 1887 910 1952 sibi
926 1887 1117 1973 opportunis
1136 1888 1268 1970 curiam,

138 2013 180 2059 ac
205 1995 314 2060 causis
340 1995 404 2062 sibi
429 1996 622 2061 necessariis
647 1995 836 2080 perquirens
862 2013 990 2079 semper
1015 1995 1157 2061 astabat.
1182 1995 1270 2061 Inter

139 2121 225 2185 quos
240 2100 401 2182 quaedam
418 2100 722 2187 sanctimonialium,
740 2106 843 2167 mator
858 2099 963 2165 Maria
982 2099 1132 2166 videlicet
1149 2101 1269 2168 Coeno-

140 2207 188 2275 bii
212 2208 324 2274 Sancti
339 2205 508 2274 Benedicti
532 2208 566 2272 in
590 2205 797 2274 solemnitate
822 2207 1076 2274 consecrationis
1101 2207 1269 2274 Ecclesiae

139 2323 274 2382 nostrae
290 2355 334 2364 -
350 2353 395 2363 —
411 2353 454 2364 -
471 2353 515 2364 -
532 2314 672 2384 Sanctae
687 2314 1003 2398 Mariaevooabu103
1019 2315 1187 2402 auxilium,
1205 2317 1269 2384 imo

139 2423 323 2490 subsidium
350 2422 520 2490 memorati
545 2423 702 2490 Coenobii
728 2421 865 2489 anobis
889 2422 1075 2507 requirens,
1100 2429 1132 2488 et
1154 2425 1270 2509 Regali

138 2535 257 2598 throno
272 2552 345 2599 cum
361 2531 430 2598 suis
445 2529 640 2616 quibusdam
657 2528 822 2597 sororibus
839 2549 949 2596 eoram
966 2529 1059 2596 nobis
1076 2529 1189 2596 astitit.
1206 2531 1269 2598 Un-

140 2641 183 2706 de
208 2641 357 2706 oonsultu
382 2639 525 2706 omnium
550 2659 717 2706 servorum
733 2639 815 2722 Dei,
842 2643 875 2704 et
897 2637 1053 2704 nobilium
1075 2645 1268 2724 nostrorum,

139 2749 197 2833 qui
215 2749 424 2834 supradictae
449 2747 662 2815 solemnitatis
683 2744 883 2812 advemmnt
907 2746 1142 2831 propensione,
1169 2752 1202 2812 et
1217 2769 1269 2816 vo-

138 2860 266 2926 luntate
291 2858 461 2945 praelatae
475 2856 694 2942 Abbatisrae,
722 2855 845 2939 etquis
870 2855 960 2922 locus
986 2858 1141 2924 territorii
1164 2856 1269 2924 eidem

140 2969 341 3034 ltlonasterio
352 2965 728 3051 contiguumvidebatur,
743 2971 855 3032 nostra
865 2964 980 3050 Regali
990 2971 1162 3053 potestate,
1183 2965 1269 3050 quod

140 3074 274 3140 Pastiaa
290 3073 484 3157 nominatur,
510 3079 665 3158 perpetuo
678 3073 752 3156 jure
768 3071 1001 3158 possidendum
1022 3073 1085 3140 sibi
1101 3073 1269 3142 inviolabi-

140 3183 217 3250 liter
230 3183 449 3248 concessimus
468 3181 500 3246 in
518 3181 652 3248 Lazani.

250 3291 366 3356 Actum
391 3297 442 3356 est
466 3289 527 3356 hoc
551 3289 681 3356 invilla
705 3289 840 3374 Regali,
867 3289 978 3372 quoin
1004 3288 1075 3356 loco
1095 3289 1269 3374 jamdicta

139 3399 292 3466 Ecclesia
306 3397 447 3465 Sanctae
463 3398 587 3464 Mariae
604 3399 668 3464 sita
684 3397 830 3482 videtur,
857 3398 907 3464 his
924 3417 1034 3464 coram
1054 3399 1213 3466 testibus:
1230 3398 1268 3462 ln

139 3507 257 3594 primis
273 3527 382 3574 coram
394 3509 570 3576 Laurentio
581 3507 768 3574 Venerabili
778 3507 1043 3595 Archiepiscopo,
1060 3507 1155 3574 Petro
1172 3506 1268 3574 Chro-

139 3615 248 3681 atensi
263 3614 436 3700 Episcopo,
462 3615 627 3702 Stephano
644 3614 796 3682 Jadrensi
817 3615 1000 3703 Episcopo,
1026 3615 1175 3682 Johanne
1191 3617 1263 3682 Tra·

139 3723 287 3808 guriensi
302 3723 476 3809 Episcopo,
503 3723 652 3790 Johanne
669 3722 780 3790 Sancti
795 3721 1036 3790 Bartholomaei
1056 3723 1194 3809 Abbate,
1211 3726 1267 3792 Pe·

138 3834 196 3898 tro'
207 3829 423 3914 Belgradensi
438 3831 586 3914 Abbate,
611 3831 781 3898 Dominico
797 3829 916 3915 Tepsi,
938 3830 1046 3896 Isima
1062 3832 1265 3919 Tenenstico,

138 3939 262 4005 Viseno
278 3937 425 4006 Politico.
453 3937 512 4005 Isti
528 3937 573 4005 ad
588 3943 732 4006 nostram
748 3943 781 4004 et
796 3938 1049 4024 confirmatione,
1076 3945 1109 4007 et
1124 3941 1266 4006 innume-

139 4047 239 4114 rabili
254 4046 460 4114 multitadine
476 4047 596 4114 ibidem
612 4053 741 4115 astante
757 4045 907 4115 sufficiat.
932 4049 952 4116 J
954 4049 1092 4116 acobum
1107 4067 1184 4115 vero
1201 4048 1265 4113 Du·

139 4177 211 4224 cem
227 4155 449 4222 Marianorum
464 4175 505 4222 ex
520 4162 613 4241 parte
633 4162 746 4223 nostra
760 4157 940 4241 Legatum,
966 4164 999 4224 et
1013 4155 1265 4224 introductorem

138 4261 338 4330 Abbatissae
353 4263 425 4330 fieri
440 4263 474 4329 in
490 4263 677 4332 memoratis
692 4263 787 4329 terris
803 4261 1019 4350 permisimus.
1044 4264 1079 4329 Si
1095 4263 1168 4347 quis
1186 4282 1264 4330 vero

138 4373 276 4455 Regum,
292 4367 346 4436 rel
359 4369 554 4455 Principum,
571 4369 773 4456 Jupsnorum
788 4391 928 4458 parrae,
954 4372 1023 4438 sive
1038 4389 1179 4454 magnae
1195 4389 1264 4457 per-

139 4498 251 4560 sonae,
268 4477 343 4546 huic
353 4485 485 4546 nostrae
501 4477 669 4548 donationi
679 4479 901 4546 contravenire
915 4479 1132 4564 temptaverit,
1146 4479 1264 4546 trinum

139 4595 173 4660 ct
188 4607 288 4659 unum
302 4587 477 4658 Dominum
492 4586 613 4658 habeat
627 4587 745 4658 iratum
754 4637 765 4678 ,
790 4594 823 4658 et
839 4589 904 4656 318
921 4586 1112 4658 Sanctorum
1130 4589 1263 4662 Petrum
