3202 5190
865 231 1017 336 ms

373 438 538 514 resouere;
556 432 692 522 speciali
707 469 749 496 -.-
761 469 803 479 -
814 469 857 480 -
868 471 912 480 -
922 439 955 498 et
971 429 1165 518 propensius
1173 427 1314 510 benigno
1325 435 1388 508 (tuo
1404 421 1502 491 debet

372 550 487 616 fauore
503 550 712 628 magnatum,
737 561 872 622 quorum
886 537 1032 623 consiiijs
1048 543 1079 604 et
1096 534 1269 602 uirtutibus
1286 533 1420 618 Corone,
1446 533 1503 598 Re-

375 655 497 740 gniquc
513 658 618 718 status
633 647 765 714 fulcitur
781 647 981 732 inconcusse,
1007 664 1058 712 res
1075 641 1234 731 (illorum)
1250 642 1361 708 usibus
1377 637 1505 706 idoneis

377 794 688 810 ------
704 751 924 842 (petiicicnes,
950 774 1013 837 que
1029 753 1063 819 in
1089 751 1168 818 iuris
1184 750 1314 817 tramite
1330 749 1505 815 informan-

373 876 436 954 tur,
453 867 605 936 decenter
621 861 830 952 ad(uor)tcre.
849 861 990 928 Proinde
1000 859 1199 927 venerabilis
1211 859 1243 924 in
1258 858 1385 925 Christo
1401 857 1506 943 patris

376 995 416 1043 ac
429 972 537 1042 tidelis
552 972 653 1040 nostri
669 970 828 1040 iohannis
844 967 1090 1055 Archiopiecopi
1107 965 1340 1050 strigoniensis
1358 963 1507 1032 deuocio·

359 1103 468 1167 nem,
494 1100 592 1165 quam
605 1117 646 1128 --
656 1116 699 1126 -
711 1115 753 1126 -
763 1115 815 1163 -,
833 1075 939 1160 Regia
955 1080 1129 1162 pensantes
1154 1071 1354 1140 discretione
1377 1079 1413 1138 et
1437 1072 1508 1138 eius

377 1191 594 1278 peticionibus
611 1187 720 1256 debito
737 1193 966 1253 concurrentes
979 1203 1126 1270 assensu,
1144 1183 1184 1251 ob
1201 1183 1261 1250 hcc
1277 1181 1403 1268 pocius,
1420 1179 1508 1264 quod

378 1296 544 1383 primicias
560 1334 603 1343 —
620 1332 663 1344 -
680 1332 722 1342 -
734 1332 777 1342 —
794 1291 938 1381 (sp)onte
954 1291 1106 1378 suscepit,
1123 1290 1287 1373 quandem
1304 1287 1429 1373 uillam,
1446 1305 1508 1371 que

377 1403 496 1485 dicitur
512 1404 652 1488 Goaria,
678 1423 700 1468 a
720 1401 954 1487 jurisdiccione
980 1399 1078 1468 castri
1097 1399 1177 1467 Bors
1202 1405 1408 1485 exemptam,
1436 1415 1509 1462 cnm

377 1519 483 1595 terra,
510 1529 573 1593 que
589 1545 843 1557 -----
864 1508 981 1577 incolis
997 1543 1203 1556 --——
1220 1504 1388 1573 uocabulis
1406 1501 1508 1586 Hrad,

378 1617 505 1704 Voddu,
521 1619 644 1702 Petrus,
662 1617 772 1702 Velsa,
784 1617 945 1701 Damone,
963 1615 1081 1702 Erico,
1092 1613 1209 1700 Endre,
1227 1612 1354 1699 Dedin,
1372 1613 1509 1692 Foroos,

379 1727 460 1792 Vros
475 1762 519 1774 -
532 1763 571 1772 -
583 1761 626 1772 -
643 1743 752 1790 eorum
768 1759 813 1773 -·-
825 1761 867 1776 -n
878 1763 916 1772 —
936 1725 1082 1792 Ecclesie
1098 1743 1157 1791 sue
1172 1730 1326 1810 perpetuo
1350 1723 1424 1788 iure
1440 1739 1509 1808 pos·

378 1832 548 1900 sitiendam
564 1831 765 1898 contulimus.
783 1830 940 1898 Dedimus
950 1832 1084 1918 insuper
1099 1839 1131 1898 et
1147 1830 1261 1915 iorum,
1278 1829 1337 1896 tali
1354 1829 1509 1896 libertate

379 1940 544 2024 dotatum,
571 1947 606 2006 ut
621 1959 725 2023 neque
741 1936 945 2026 tr(ibuta)rij,
972 1959 1074 2022 neque
1091 1938 1224 2005 curialis
1241 1937 1375 2022 Comes,
1403 1955 1509 2019 neque

380 2049 483 2134 biioti,
510 2066 614 2130 neque
629 2045 687 2132 aiij
705 2053 873 2112 exactores
889 2047 1001 2130 aliqua
1018 2045 1098 2113 iilud
1114 2044 1206 2114 adire
1221 2045 1346 2132 possint
1365 2043 1510 2110 occasio-

380 2176 430 2240 ne,
446 2156 498 2220 uel
513 2155 659 2238 aliquem
674 2155 708 2220 in
725 2175 764 2222 eo
780 2154 887 2222 facere
904 2154 1123 2222 exaccionem.
1140 2155 1319 2238 Assignata
1331 2160 1383 2220 est
1397 2160 1509 2219 antem

380 2263 440 2329 hec
466 2269 642 2327 memorata
665 2262 815 2348 superius
839 2261 1000 2348 possessio
1024 2261 1278 2347 Archiepiscopo
1303 2279 1362 2345 per
1379 2257 1509 2326 fidelem

380 2376 524 2436 nostrum
534 2369 766 2435 Lucamtiiium
776 2369 894 2455 ipoliti.
911 2369 997 2449 Quia
1007 2389 1084 2434 vero
1094 2367 1508 2435 animaduertimuscuncta

381 2477 521 2542 humane
537 2474 778 2556 negociationis
804 2475 912 2542 studia
927 2477 969 2543 ob
985 2474 1139 2542 indictam
1155 2473 1337 2542 hominibus
1356 2475 1428 2540 uite
1443 2475 1509 2540 bre·

383 2583 517 2648 uitatem
533 2582 746 2668 pertransire,
775 2583 827 2650 uel
843 2583 1005 2651 obliuione
1020 2591 1214 2651 nouercante
1234 2603 1329 2669 posse
1344 2581 1506 2668 deperire,

382 2691 543 2778 prefatam
554 2687 657 2771 Regio
673 2687 866 2756 Serenitatis
882 2689 1137 2757 munificenciam
1154 2689 1187 2755 in
1206 2687 1336 2775 scriptis
1351 2686 1463 2773 redigi
1477 2697 1508 2755 et

382 2797 492 2881 sigillo
517 2802 626 2862 nostro
652 2794 787 2860 fecimus
812 2795 961 2865 eternmi.
987 2800 1107 2864 Datum
1124 2817 1182 2884 per
1204 2817 1318 2864 manus
1335 2794 1507 2864 codefridi

383 2903 574 2972 Orodiensis
590 2902 750 2990 Propositi
766 2912 799 2970 ct
814 2904 889 2971 aule
904 2907 1005 2990 Regis
1017 2907 1222 2993 cancellarij,
1240 2927 1325 2973 anno
1340 2905 1386 2972 ab
1403 2908 1507 2973 Incar-

383 3013 520 3078 nacione
540 3008 672 3077 Domini
691 3011 888 3077 M⁰CC⁰VI⁰.
913 3013 986 3097 Ipso
1011 3014 1191 3080 venerabili
1215 3014 1363 3080 Joiianne
1389 3015 1509 3098 Strigo·

383 3118 486 3186 niensi
497 3117 750 3204 Archiepiscopo
761 3119 930 3205 existente,
945 3118 1098 3186 Pertoido
1109 3120 1277 3186 Colocensi
1290 3119 1507 3206 Archieleeto,

384 3227 507 3293 Caleno
524 3225 905 3314 Quinque-Ecclesiensi,
929 3228 1080 3294 Bolezloo
1096 3229 1258 3315 vaciensi,
1284 3231 1383 3297 Petro
1401 3229 1510 3298 Gouri-

383 3334 462 3417 ensi,
481 3333 630 3400 (lalanda
646 3333 894 3419 Bespremicnsi,
922 3333 1108 3404 Gotchardo
1124 3335 1350 3422 Zagrabiensi,
1367 3337 1509 3422 Symone

384 3439 599 3524 Varadiensi,
632 3437 801 3506 Desiderio
835 3440 1051 3510 Chenadiensi
1063 3495 1071 3530 ,
1104 3444 1254 3511 Villelmo
1285 3443 1509 3512 Ultrasiluano

384 3546 554 3632 Episcopis
570 3544 792 3613 existentibus.
818 3548 975 3617 Mothone
992 3551 1143 3618 Palatino
1166 3559 1199 3618 et
1216 3550 1341 3618 Oomite
1365 3551 1509 3619 Bichcri·

384 3655 462 3742 ensi,
482 3653 635 3739 Chepano
650 3652 717 3719 filio
733 3654 841 3720 Micha
856 3657 957 3744 Bano,
978 3658 1157 3744 smaragdo
1173 3656 1363 3746 vayavoda,
1388 3659 1508 3746 onopr-

384 3782 426 3828 no
441 3759 624 3843 Bachiensi,
641 3759 793 3828 Marcello
810 3761 1039 3851 Chenadiensi,
1056 3801 1099 3813 -
1111 3803 1152 3813 -
1164 3801 1207 3812 ·-
1221 3765 1379 3852 Albensi,
1401 3765 1508 3851 Gyuia

384 3866 620 3951 Budruguiensi
631 3919 640 3954 ,
666 3868 824 3938 Mercurio
847 3873 1055 3959 Posoniensi,
1081 3872 1258 3940 Benedicto
1282 3872 1506 3960 supruniensi,

384 3973 522 4042 Martino
538 3973 579 4040 de
596 3973 716 4040 Ferreo
728 3975 852 4067 Castro,
868 3981 1019 4048 Bancone
1035 3977 1076 4046 de
1086 3983 1180 4048 Nouo
1191 3981 1304 4049 Castro
1315 3979 1505 4048 Comitibus.

484 4171 533 4238 (As
547 4172 647 4224 eredsti
660 4168 727 4226 utin
739 4177 834 4230 Knarm
847 4173 957 4232 Nindor
970 4179 1084 4247 Megyar
1097 4180 1161 4232 Sion
1173 4181 1210 4232 11.
1223 4178 1279 4236 itt.
1296 4179 1354 4236 127.
1369 4176 1400 4248 l.)

943 4457 1055 4478 ..
