3202 5190
846 333 1004 435 Q

363 531 509 598 Thamar
524 551 627 618 prope
643 529 775 596 fluuium
792 531 948 613 Sytrram,
973 529 1086 596 eodem
1104 531 1234 596 Basurm
1250 532 1412 596 existente
1427 531 1491 616 pri·

362 639 490 723 staldo,
519 639 574 722 qui
598 639 690 704 iuxta
715 646 903 723 preceptum
930 637 1053 704 domini
1078 638 1178 722 Regis
1204 637 1341 704 mndenr
1368 646 1491 704 terram

364 744 474 813 maltis
490 746 585 810 metis
600 743 758 828 distinxit,
776 751 808 808 et
823 741 1010 808 distinctam
1027 743 1132 810 eidem
1144 743 1299 828 Ecclesia,
1311 743 1402 810 nnilo
1417 765 1492 811 aon·

362 851 539 920 tradietore
565 857 765 937 apparente,
791 871 901 918 coram
927 850 1022 918 bonis
1047 851 1184 918 testibus
1211 853 1406 936 assignanit.
1438 852 1493 917 Di·

364 960 500 1028 stincoio
525 967 633 1026 autem
658 969 815 1026 metarum
832 961 892 1026 hec
910 971 978 1027 est:
1006 962 1112 1046 prima
1136 967 1222 1028 meta
1245 969 1353 1027 terrea
1379 962 1494 1048 incipit

364 1069 455 1135 iaxta
471 1087 625 1151 magnam
640 1068 728 1134 viam
744 1067 787 1135 ad
803 1067 1025 1152 occidentem,
1051 1089 1116 1152 qna
1132 1067 1195 1136 itur
1212 1070 1245 1134 in
1260 1068 1387 1152 Heeze;
1416 1067 1495 1135 inde

365 1176 397 1240 in
414 1175 516 1261 plaga
531 1174 725 1243 occidentali
736 1195 795 1261 per
812 1177 949 1243 eandem
960 1177 1047 1242 viam
1062 1177 1163 1242 currit
1178 1177 1221 1242 ad
1238 1177 1390 1244 arborem
1401 1196 1495 1261 quer·

364 1301 474 1368 ceam,
500 1281 555 1349 vbi
571 1284 632 1350 enh
658 1285 776 1351 arbore
791 1291 842 1350 est
866 1293 953 1351 meta
978 1292 1102 1368 terrea;
1130 1284 1204 1351 inde
1226 1281 1492 1350 transcendendo

365 1390 472 1475 ipsam
487 1391 575 1457 riam
591 1391 624 1456 in
640 1391 742 1477 plaga
757 1391 920 1478 aquilonis
936 1411 1049 1458 versus
1070 1391 1189 1459 vallem
1212 1391 1255 1458 ad
1270 1391 1424 1457 dextram
1440 1409 1496 1456 re·

366 1496 413 1564 nit
429 1499 473 1565 ad
488 1517 586 1564 vnam
603 1505 722 1564 metam
738 1506 897 1584 terream;
918 1498 994 1565 inde
1010 1501 1095 1564 vltra
1107 1499 1224 1565 vallem
1241 1515 1355 1564 versus
1371 1505 1495 1563 terram

367 1606 526 1673 arabilem
546 1613 596 1673 est
613 1613 699 1672 meta
714 1612 829 1690 terrea,
847 1628 910 1692 que
932 1607 1102 1691 distinquit
1118 1609 1202 1673 inter
1223 1606 1364 1693 populos
1380 1605 1496 1672 Sancti

366 1712 535 1780 Benedicti
560 1712 600 1778 de
617 1714 763 1780 Thamar
778 1719 810 1779 et
826 1715 952 1782 nobiles
970 1715 1010 1780 de
1026 1716 1133 1781 Paruo
1156 1715 1279 1798 Heoze;
1309 1719 1340 1778 et
1357 1713 1445 1778 vltra
1460 1712 1496 1776 in

367 1819 482 1885 eadem
497 1819 584 1884 valle
608 1820 758 1904 superius
774 1821 994 1906 procedendo,
1018 1823 1135 1888 iterum
1152 1821 1240 1888 venit
1256 1820 1300 1886 ad
1316 1839 1415 1886 snam
1431 1838 1495 1884 me-

366 1933 434 1993 tam
450 1935 611 2012 terream;
627 1927 700 1993 inde
718 1927 833 1994 itemm
850 1931 883 1994 in
901 1930 1016 1996 eadem
1026 1929 1112 1995 valle
1127 1927 1345 2011 ascendendo,
1363 1925 1495 1992 venitnr

367 2033 411 2100 ad
421 2055 517 2101 vnam
535 2054 688 2119 magnam
698 2041 817 2102 metam
827 2042 976 2121 terream,
1000 2057 1063 2122 que
1078 2043 1128 2104 est
1137 2037 1219 2102 inter
1229 2035 1370 2123 populos
1379 2033 1495 2101 Sancti

367 2139 535 2209 Benedicti
551 2143 593 2208 de
609 2143 758 2210 Thamar
772 2153 805 2211 et
820 2146 932 2230 Magni
948 2147 1065 2234 Hecze,
1088 2154 1121 2212 et
1137 2144 1178 2211 de
1193 2144 1252 2210 illa
1268 2163 1388 2228 magna
1404 2147 1494 2207 meta

366 2271 425 2335 per
441 2251 579 2318 eandem
597 2251 717 2318 vallem
742 2253 850 2319 adhuc
866 2273 966 2342 supra
991 2251 1194 2340 procedendo
1211 2270 1325 2317 versus
1340 2249 1493 2332 Zeleaen,

367 2357 493 2424 venitur
509 2358 552 2424 ad
578 2379 733 2444 magnam
749 2359 856 2443 riam,
883 2359 938 2424 vbi
954 2360 1038 2424 ultra
1055 2361 1142 2426 viam
1167 2367 1216 2425 ert
1240 2357 1344 2424 eciam
1371 2375 1493 2440 magna

367 2473 454 2531 meta
470 2471 586 2548 terrea,
603 2486 666 2549 que
682 2465 853 2551 distinquit
869 2467 953 2532 inter
968 2467 1106 2552 populos
1122 2466 1285 2552 predictos
1300 2463 1415 2532 Sancti
1435 2465 1494 2528 Be·

368 2571 490 2638 nedieti
507 2577 539 2638 et
552 2573 708 2657 Zelesen;
735 2572 811 2639 inde
828 2575 1025 2641 transeundo
1041 2595 1099 2660 per
1114 2575 1202 2640 viani
1217 2572 1364 2654 eandem,
1385 2570 1493 2636 adhuc

367 2681 400 2746 in
415 2679 518 2747 latere
528 2681 691 2765 aquilonis
701 2701 815 2748 versus
832 2683 987 2749 orientem
1004 2655 1131 2749 v‘enitur
1142 2682 1185 2747 ad
1196 2701 1349 2765 magnam
1370 2685 1493 2744 metam

366 2795 516 2875 terream,
533 2807 596 2874 que
611 2789 717 2856 eciam
732 2795 783 2856 est
798 2789 882 2856 inter
898 2789 1037 2876 populos
1053 2789 1218 2875 predictos
1239 2789 1280 2854 de
1295 2787 1446 2852 Thamar
1462 2795 1494 2850 et

368 2898 525 2984 Zelasen5
542 2899 660 2966 deinde
676 2898 845 2966 descendit
860 2919 919 2984 per
929 2899 1047 2966 vallem
1062 2919 1176 2966 versus
1187 2897 1320 2964 fluuium
1336 2897 1493 2979 Stranya‚

368 3005 424 3072 vbi
449 3004 541 3072 iuxta
565 3005 698 3072 fluuium
724 3011 774 3072 est
792 3025 857 3072 rna
881 3025 1001 3090 magna
1027 3013 1113 3072 meta
1136 3011 1262 3089 terrea;
1289 3002 1365 3068 inde
1390 3019 1495 3087 prope

368 3111 501 3179 fluuium
526 3112 772 3197 descendendo,
805 3113 933 3180 venitur
957 3114 1000 3180 ad
1024 3113 1187 3199 quoddam
1211 3112 1360 3178 imtetem
1386 3108 1495 3196 (taltn

367 3218 534 3307 senatum),
561 3219 648 3304 quod
664 3219 780 3285 dieitur
796 3219 1005 3304 Hizerberek,
1032 3219 1087 3285 vbi
1104 3225 1178 3285 snat
1195 3219 1257 3285 dne
1274 3223 1359 3284 mete
1376 3223 1495 3298 terrea,

368 3350 430 3414 qne
446 3327 648 3412 distinquunt
671 3327 756 3394 inter
770 3328 909 3413 populos
922 3327 963 3395 de
978 3325 1086 3413 Hyzer
1102 3333 1134 3394 et
1149 3327 1288 3414 populos
1306 3326 1418 3392 Sancti
1436 3325 1494 3390 Be-

368 3436 488 3503 nedicti
503 3433 544 3500 de
564 3433 730 3518 Thamar3
748 3434 823 3502 inde
839 3433 968 3501 venitur
983 3435 1068 3500 ultra
1084 3433 1261 3518 Sythwam‚
1279 3431 1334 3498 nbi
1350 3431 1494 3499 inlitora

368 3541 500 3626 Sythwe
525 3545 576 3605 est
599 3547 686 3606 meta
708 3545 833 3624 terrea;
861 3539 936 3605 inde
963 3539 1123 3638 modicum
1148 3539 1362 3626 procedendo,
1389 3559 1495 3624 prope

368 3649 456 3714 viam
472 3652 522 3712 est
538 3651 625 3711 meta
639 3653 756 3730 terrea,
775 3647 828 3713 vbi
841 3647 1027 3714 ascenditur
1043 3649 1235 3734 pervellem
1251 3647 1358 3714 adhuc
1374 3647 1406 3712 in
1422 3647 1494 3731 pla-

368 3771 413 3838 ga
427 3749 590 3838 aquilonis
604 3771 718 3819 versus
734 3737 900 3838 orientem}
926 3753 1051 3820 venitur
1068 3753 1111 3820 ad
1128 3773 1282 3836 magnam
1298 3760 1417 3820 metam
1433 3759 1495 3819 ter·

368 3879 479 3945 ream,
504 3879 568 3943 qne
583 3865 633 3925 est
647 3859 752 3926 eciam
768 3859 853 3927 inter
868 3861 1007 3947 populos
1023 3861 1064 3926 de
1079 3861 1226 3928 Thamar
1245 3865 1278 3925 et
1294 3860 1436 3944 populos
1453 3859 1496 3925 de

367 3967 494 4055 Hyner;
511 3967 629 4034 deinde
645 3966 839 4036 declinando
857 3969 1017 4038 modicum
1034 3969 1076 4036 ad
1092 3969 1276 4054 sinistram,
1305 3967 1434 4034 venitur
1450 3967 1496 4034 ad

368 4078 466 4162 marn,
482 4095 548 4160 qua
562 4075 626 4141 itur
642 4075 684 4140 de
699 4075 816 4161 Hyzer,
833 4083 866 4140 et
881 4078 1009 4143 venitur
1024 4073 1163 4142 adriam
1179 4093 1343 4160 magnam,
1360 4093 1423 4159 qne
1439 4073 1497 4139 dn·

369 4185 413 4250 cit
428 4183 469 4249 de
478 4183 651 4250 Herestien
661 4201 775 4249 versus
786 4183 940 4250 Sanctum
950 4181 1169 4270 Benediotnm,
1192 4201 1254 4266 que
1264 4183 1319 4248 via
1334 4187 1494 4266 ammeta,

368 4289 573 4376 procedendo
599 4311 714 4358 versus
736 4291 894 4358 orientem
909 4311 1010 4375 voque
1036 4291 1079 4358 ad
1096 4290 1195 4356 aliam
1218 4290 1306 4355 riam
1331 4288 1495 4374 gremino

369 4415 449 4484 sam,
466 4418 529 4484 que
544 4398 600 4465 via
615 4406 665 4466 est
680 4419 739 4484 per
754 4407 975 4468 transversum
988 4397 1133 4467 eiusdem
1144 4398 1204 4484 vie,
1226 4403 1258 4463 et
1273 4398 1336 4468 hae
1351 4397 1407 4464 ria
1422 4415 1503 4481 gran

369 4505 497 4574 minosa
520 4505 646 4591 aliquid
670 4507 713 4574 ad
729 4509 896 4575 sinistram
920 4507 1069 4574 aseendit
1085 4511 1118 4572 et
1144 4505 1262 4572 transit
1287 4505 1320 4572 in
1336 4507 1493 4574 verticem

368 4613 496 4700 montis,
513 4613 569 4697 qni
583 4613 714 4700 respicit
733 4635 845 4684 versus
861 4615 1035 4702 Weaeken,
1056 4613 1088 4680 in
1105 4613 1206 4702 plaga
1223 4613 1356 4681 orientis
1374 4631 1489 4682 versos
