3218 5192
631 351 787 459 *99-

135 531 278 601 tholioae
303 541 543 627 praecipimus,
569 551 605 612 nt
620 547 664 614 ad
679 550 818 618 eandem
845 555 969 622 curiam
989 558 1059 626 sire
1074 569 1268 632 conventum

133 641 286 727 veniatis,
314 648 613 718 ecclesiasticarum
628 675 841 739 personarum
865 665 1060 733 sententiam
1076 670 1217 736 audituri
1234 679 1267 739 et

132 753 306 836 recepturi.
332 754 442 823 Testis
458 747 544 826 enim
561 761 656 830 nobis
671 773 722 832 cst
737 767 847 852 Deus,
875 771 952 855 quia
967 773 1001 839 in
1017 775 1080 841 hac
1099 778 1190 844 curia
1206 800 1267 845 neo

131 875 255 942 amore,
272 880 335 926 nec
350 863 426 930 odio
442 865 580 934 alicuius
596 890 759 954 personae
769 877 942 962 quicquam
962 880 1054 946 aliud
1070 885 1264 968 quaerimus,

131 983 233 1046 quam
258 968 413 1037 honorem
429 973 510 1058 Dei,
536 983 570 1041 et
585 978 754 1047 Ecclesiae
772 1003 853 1050 suae
871 985 1039 1054 unitatem.
1067 989 1205 1067 Quodsi
1222 993 1266 1058 ad

128 1077 199 1137 tam
224 1075 387 1144 celebrem
403 1079 573 1166 Ecclesiae
599 1094 792 1155 conventum
818 1092 1069 1170 examinationis
1095 1115 1197 1164 causa
1211 1117 1264 1165 ve-

128 1179 200 1244 nire
215 1182 396 1268 volueritis,
414 1187 599 1257 charissimi
610 1193 778 1280 Principes
797 1199 902 1264 nostri
918 1207 951 1266 et
961 1201 1130 1270 Ecclesiae
1147 1203 1263 1272 Catho-

128 1287 226 1374 licae,
244 1291 453 1362 Hermannns
464 1298 650 1386 ilerdensis,
667 1304 786 1370 Daniel
797 1308 983 1394 Pragensis,
1001 1315 1112 1396 patres
1128 1320 1159 1378 et
1169 1315 1261 1400 Epis·

127 1399 204 1482 copi
219 1402 437 1488 venerabiles,
456 1425 536 1490 quos
554 1409 595 1475 de
610 1411 734 1496 palatio
750 1420 861 1482 nostro
878 1416 994 1484 advos
1010 1421 1259 1508 transmisimus,

126 1523 194 1569 una
211 1525 284 1572 enm
299 1509 424 1576 Gemite
438 1515 600 1602 Palatino,
617 1522 859 1606 consanguineo
881 1531 1001 1610 nostro,
1019 1528 1157 1614 aliisque
1172 1530 1259 1616 lega·

123 1611 169 1676 tis
197 1617 337 1702 nostris,
363 1640 514 1691 securum
537 1628 631 1695 vobis
656 1630 849 1698 conductum
874 1636 1097 1718 praestabunt.
1121 1638 1156 1702 Si
1180 1659 1258 1706 vero

124 1720 288 1790 iustitiam
304 1727 367 1793 Dci
384 1737 416 1795 et
431 1732 600 1801 Ecclesiae
626 1735 660 1802 in
678 1745 746 1805 tam
765 1739 903 1806 solemni
929 1749 1088 1809 conventu
1114 1745 1258 1830 recipere

122 1829 317 1915 nolueritis,
345 1834 457 1902 videat
472 1839 561 1906 Dens
586 1849 619 1908 et
635 1842 764 1910 indicet.
792 1846 861 1913 Nos
876 1851 983 1913 autem
1007 1849 1111 1934 ipsius
1127 1850 1257 1917 favente

122 1937 245 2023 gratia,
263 1941 319 2024 qni
336 1943 395 2009 dat
410 1945 549 2015 salntem
568 1951 732 2037 Regibus,
757 1953 920 2022 iusticiam
936 1955 1008 2040 Dei,
1026 1977 1110 2040 quae
1133 1959 1255 2023 nullum

121 2045 233 2128 magis
252 2067 350 2131 quam
364 2051 597 2136 Imperatorem
614 2057 795 2127 Romanum
815 2061 917 2147 decet,
934 2082 1176 2148 prosequemur.

288 2244 378 2310 (Perta
392 2250 566 2306 Monumouta
580 2255 751 2322 Carmaniae,
766 2260 854 2325 Leges
867 2261 905 2312 11.
918 2261 974 2314 kut.
990 2264 1048 2314 118.
1063 2262 1092 2330 l.)

552 2541 814 2555 -α--ι--ῆ

659 3095 715 3169 54.

309 3273 337 3339 A
350 3278 468 3364 pdm'us'
482 3278 610 3365 syylsdzt‘
624 3281 728 3345 calcat
743 3280 956 3352 dutdrozatui.
975 3285 1072 3362 1160.

227 3452 263 3518 P.
281 3455 343 3521 Dei
359 3455 718 3542 gratiaAquilegiensis
734 3460 936 3549 Patriarcha,
954 3465 1011 3530 Ar.
1028 3465 1246 3552 Moguntinus,

113 3564 153 3629 R.
173 3561 380 3630 Coloniensis
391 3614 400 3648 ,
426 3565 477 3630 W.
493 3565 786 3652 Magdeburgensis
810 3577 843 3636 et
864 3572 905 3636 Η.
929 3572 1113 3640 Bremensis
1137 3575 1247 3642 Archi-

114 3668 287 3756 cpiscopi,
314 3678 345 3736 et
361 3669 504 3738 universi
518 3671 675 3760 Episcopi
701 3683 733 3742 et
747 3676 893 3744 Abbates
919 3685 952 3746 et
966 3680 1027 3747 riri
1048 3681 1197 3767 religiosi
1212 3683 1246 3750 in

113 3775 264 3844 Concilio
289 3777 415 3862 Papiae
440 3781 650 3866 congregati,
677 3781 840 3867 Regibus,
864 3784 1138 3874 Archiepiscopis,
1154 3791 1247 3876 Epis·

112 3884 219 3970 copis,
236 3883 433 3968 Abbatibus,
459 3885 616 3972 Ducibus,
635 3885 823 3972 Comitibus,
840 3891 1083 3961 Marchionibus
1099 3901 1132 3961 et
1147 3897 1245 3963 omni-

112 3994 175 4060 bus
192 3990 317 4058 Christi
327 3991 478 4060 fidelibus
495 3994 538 4060 ad
554 4014 634 4078 qnos
645 3995 773 4062 litterae
788 3997 1086 4083 istacperuenerint
1105 4003 1245 4068 salutem

111 4107 145 4168 et
160 4099 328 4167 orationes
344 4099 378 4165 in
393 4101 544 4168 Domino.
565 4102 650 4180 Quia
664 4104 759 4170 Sedis
775 4106 984 4190 Apostolicae
999 4109 1140 4176 turbatio
1157 4109 1244 4174 Chri·

111 4181 443 4274 stianorum'animos
459 4207 635 4275 admodum
651 4210 830 4295 sauciavit,
855 4232 915 4278 nos
932 4213 988 4296 qui
1004 4213 1046 4278 ad
1063 4216 1243 4281 resecanda

111 4316 296 4382 schismata
311 4315 436 4398 Papiae
452 4313 572 4381 fuimns
588 4317 797 4402 congregati,
825 4319 1016 4402 qualitatem
1042 4339 1162 4386 causae
1178 4341 1242 4386 mo·

111 4424 256 4507 dumque
273 4421 396 4506 negotii
412 4429 445 4487 et
458 4424 550 4489 Sacri
564 4422 701 4490 Consilii
717 4432 872 4492 statutum
885 4427 1096 4494 Universitati
1111 4435 1241 4494 rosnae
1336 4453 1339 4460 ¹

111 4532 261 4618 plenarie
278 4531 430 4596 duximus
447 4531 661 4598 intimandum
677 4535 740 4599 stb.
767 4535 810 4599 Ut
826 4543 933 4601 autem
950 4535 1054 4602 omnis
1074 4535 1158 4602 actio
1174 4537 1240 4619 ple·

109 4641 184 4704 nius
201 4639 388 4724 legentibus
404 4641 570 4707 elucescat
578 4693 587 4725 ,
614 4641 747 4726 dignum
763 4643 932 4727 duximus,
958 4651 993 4710 ut
1009 4645 1150 4711 omnium
1167 4664 1239 4738 con·

1037 4764 1078 4824 7*

1153 5077 1464 5190 369902Α
