3164 5192
861 299 1015 405 ,Q-

376 495 608 586 triumphandi.
635 497 829 584 Recepimus
845 497 932 564 snim
957 499 1085 565 litteras
1108 497 1346 566 venerabilium
1373 495 1511 566 fratrum

376 612 583 676 nostrorum.
609 655 616 671 .
641 653 649 670 .
673 604 866 672 Antiocheni
883 611 939 670 et.
965 655 973 671 .
1000 653 1007 670 .
1031 607 1287 673 ierosolimitani
1302 607 1510 674 Patriarcba-

376 733 458 796 rum,
474 709 802 796 Arcbiepiscoporum
819 711 929 796 etiam,
946 717 978 778 et
994 712 1229 798 Episcoporum
1245 711 1412 796 utriusque
1431 717 1510 782 Pro·

344 819 349 830 '
378 819 526 905 vinciae,
558 817 707 884 similiter
733 824 764 884 et
790 818 1035 886 carissimorum
1060 819 1093 884 in
1120 818 1249 887 Christo
1280 821 1421 888 filiorum
1452 843 1509 890 no-

377 937 516 996 strorum
532 925 571 992 A.
598 927 946 1012 Jerosolimitanorum,
972 933 1004 993 et
1023 929 1059 992 L.
1076 927 1303 994 Armeniorum
1330 931 1457 1014 Regum
1472 931 1511 996 il·

376 1039 526 1104 lustrium
535 1087 544 1122 ,
571 1043 604 1103 et
629 1035 820 1104 dilectorum
843 1037 983 1105 filiorum
1001 1087 1008 1102 .
1031 1087 1038 1103 .
1058 1043 1114 1103 .ct
1131 1089 1138 1103 .
1155 1087 1163 1103 .
1181 1087 1189 1103 .
1206 1039 1440 1122 Magistrornm
1455 1039 1509 1106 Je

378 1143 675 1213 rosolimitanorum
699 1144 881 1231 Hospitalis
909 1154 941 1212 et
968 1146 1105 1212 militiae
1128 1147 1276 1233 Templi,
1304 1147 1511 1230 aliorumque

378 1252 552 1320 multorum
567 1251 672 1337 ipsius
688 1258 795 1319 terrae
821 1253 970 1321 miserias
986 1261 1020 1320 et
1035 1253 1248 1320 necessitates
1265 1254 1394 1340 plenius
1410 1274 1512 1340 expo

377 1367 511 1445 nentes,
537 1365 569 1424 et
584 1359 787 1444 postulantes
814 1359 998 1426 subsidium
1021 1359 1143 1427 diutius
1163 1366 1405 1446 exspectatum,
1433 1380 1511 1426 cum

377 1467 451 1554 plus
466 1466 512 1532 ibi
537 1472 669 1553 sperent
693 1467 792 1534 dante
808 1468 949 1534 Domino
965 1487 1087 1554 paucos
1115 1469 1176 1537 hcc
1201 1477 1349 1554 tempore
1371 1473 1511 1554 propter

376 1578 612 1643 Saracenorum
629 1573 826 1640 discordiam
842 1574 1040 1660 profuturos,
1065 1594 1163 1660 quam
1178 1577 1335 1642 hactenus
1351 1577 1511 1663 copiosus

379 1683 540 1750 exercitus
556 1681 740 1768 profuisset.
765 1681 937 1768 Adjectum
953 1689 1004 1749 est
1020 1682 1129 1768 etiam,
1147 1684 1235 1768 quod
1251 1703 1323 1750 cum
1334 1685 1405 1768 jam
1421 1683 1511 1750 inter

377 1793 559 1858 Saracenos
585 1791 625 1856 de
640 1809 722 1876 pace
738 1796 913 1875 tractetur,
938 1791 967 1856 si
983 1791 1171 1877 priusquam
1188 1791 1399 1858 subveniatur
1414 1791 1510 1859 Jero

379 1899 585 1968 solimitanae
601 1896 805 1982 Provinciae,
830 1897 914 1964 inter
930 1919 986 1966 ecs
1004 1899 1100 1965 fucrit
1116 1901 1290 1968 concordie
1305 1899 1509 1986 reformata,

378 2006 443 2074 nisi
458 2007 547 2075 Deus
563 2009 652 2072 solus
669 2007 810 2092 resistat,
837 2025 909 2072 cum
925 2007 967 2072 sit
982 2007 1063 2074 viris
1080 2013 1111 2073 et
1127 2008 1250 2074 viribus
1275 2028 1358 2094 pene
1373 2007 1508 2094 penitus

379 2113 545 2200 destituta,
561 2134 625 2181 non
642 2113 713 2198 erit,
736 2113 792 2198 qui
808 2134 918 2180 eornm
934 2115 1038 2200 possit
1053 2103 1241 2182 violentiam
1258 2116 1417 2182 cohibere.
1433 2116 1509 2182 Nos

379 2243 458 2308 crgo
473 2242 546 2290 cum
571 2221 726 2288 fratribus
741 2223 862 2290 nostris
872 2272 882 2308 ,
909 2223 1021 2290 ascitis
1047 2224 1147 2290 ctiam
1163 2223 1336 2309 Episcopis
1346 2273 1355 2306 ,
1380 2229 1412 2290 et
1427 2224 1508 2289 aliis

378 2331 457 2398 viris
470 2331 634 2416 religiosis
644 2331 733 2416 apud
745 2329 863 2398 Sedem
872 2332 1098 2418 Apostolicam
1109 2333 1332 2417 existentibus,
1350 2332 1390 2398 de
1400 2330 1508 2416 ipsius

347 2435 350 2442 ’
377 2443 484 2506 terrae
500 2439 712 2507 subventione
728 2445 924 2525 tractantes,
946 2461 987 2507 nc
1003 2441 1188 2508 videremur
1203 2461 1303 2509 onera
1318 2440 1434 2525 grevia
1450 2441 1507 2506 hu·

379 2546 477 2614 meris
494 2546 659 2632 imponere
684 2547 906 2632 subditorum,
933 2567 1018 2632 quae
1035 2547 1138 2634 digito
1156 2550 1255 2618 ctiam
1270 2567 1401 2616 movere
1415 2547 1506 2613 nolu·

379 2673 460 2740 mos,
478 2655 622 2721 dicentes
637 2659 774 2739 tantum,
791 2662 824 2721 et
840 2661 896 2722 aut
911 2656 1003 2741 nihil,
1021 2661 1077 2722 aut
1094 2656 1254 2723 modicum
1270 2656 1448 2736 facientes,
1473 2660 1508 2720 ut

379 2763 508 2832 anobis
524 2763 568 2830 ad
592 2784 670 2848 vos,
697 2769 729 2830 et
744 2784 766 2828 a
781 2763 875 2830 vobis
891 2763 935 2830 ad
959 2763 1061 2831 laicos
1086 2763 1311 2832 benefaciendi
1337 2761 1504 2828 derivetur

379 2869 573 2958 exemplum,
591 2871 661 2956 ejus
673 2873 833 2957 exemplo,
845 2872 901 2956 qui
913 2871 1020 2958 coepit
1032 2871 1327 2956 faccrcetdocerc;
1345 2871 1506 2936 decimam

378 2983 504 3065 partem
521 2977 663 3044 omnium
679 2977 882 3062 reddituum,
900 2984 932 3042 et
947 2983 1162 3065 proventuum
1182 2985 1368 3046 nostrorum
1383 2975 1507 3042 curavi-

378 3106 450 3152 mus
466 3085 672 3153 subventioni
688 3085 868 3154 Orientalis
884 3086 1075 3154 Provinciae
1091 3087 1260 3174 deputare,
1276 3085 1507 3152 subtrahentes

377 3215 442 3262 uon
458 3193 618 3260 modicum
641 3193 892 3260 necessitatibus
916 3195 1055 3280 nostris,
1080 3194 1218 3279 quibus,
1245 3213 1317 3260 cum
1333 3193 1505 3279 graviores

378 3301 443 3369 sint
459 3300 565 3388 solito,
583 3307 615 3367 et
631 3301 673 3370 ob
689 3301 750 3369 hoc
767 3303 901 3386 exigant
916 3301 1086 3387 graviores
1099 3321 1272 3389 expensas,
1288 3310 1422 3368 nostrae
1441 3319 1506 3368 non

379 3407 543 3476 sufficiant
567 3408 759 3495 facultates,
786 3417 822 3476 ut
837 3411 868 3478 ei
883 3411 944 3478 etsi
969 3411 1052 3477 nihil
1076 3411 1271 3496 largiremur
1295 3409 1336 3476 dc
1362 3409 1505 3495 proprio,

379 3517 540 3586 modicum
557 3516 673 3584 saltem
697 3519 945 3586 retribueremus
964 3518 1005 3585 de
1021 3539 1090 3604 suo,
1108 3518 1163 3603 qui
1178 3518 1273 3586 nobis
1298 3537 1359 3583 sua
1376 3517 1506 3582 misera·

378 3621 467 3692 tione
482 3623 594 3690 tribuit
605 3627 769 3694 universa.
787 3629 829 3694 Et
844 3633 880 3693 ut
894 3649 959 3696 non
971 3628 1076 3694 solum
1091 3627 1124 3694 in
1141 3627 1259 3711 rebus,
1276 3645 1391 3692 verum
1407 3623 1506 3704 etism
1575 3699 1580 3706 ,

378 3734 412 3798 in
429 3730 578 3818 personis
588 3734 809 3801 necessarium
824 3741 931 3802 terrae
942 3735 1124 3802 subsidium
1140 3734 1350 3818 destinemus,
1368 3732 1505 3800 dilectos

261 3853 265 3862 ’
378 3840 462 3908 filios
479 3845 609 3908 nostros
626 3841 659 3908 S.
677 3843 725 3908 tit.
741 3843 883 3911 Sanctae
898 3843 1057 3910 Praxcdis
1074 3843 1313 3928 Presbyterum,
1332 3847 1365 3906 ct
1379 3841 1416 3906 P.
1428 3839 1507 3905 San·

378 3954 451 4015 ctae
461 3949 587 4016 Mariae
603 3950 638 4016 in
648 3951 712 4019 Via
727 3953 812 4018 Lata
824 3953 1006 4020 Diaconum
1017 3951 1211 4020 Cardinalcs
1221 3948 1434 4035 Apostolicae
1453 3951 1505 4014 Se·

377 4057 429 4124 dis
445 4057 606 4144 Legatos,
634 4059 752 4144 quibus
772 4059 970 4147 jampridem
996 4060 1209 4145 imposuimus
1234 4060 1362 4143 signum
1379 4055 1504 4140 Crucis,

377 4163 454 4232 illuc
469 4167 698 4252 proposuimus
714 4166 901 4253 destinare,
928 4167 983 4252 qui
998 4166 1175 4234 exercitum
1190 4165 1322 4232 Domini
1346 4162 1437 4228 vices
1453 4183 1504 4230 no·

378 4280 464 4342 strae
480 4275 670 4360 exequendo
686 4276 903 4362 praecedant,
929 4276 1020 4344 etad
1036 4295 1092 4343 eos
1108 4282 1264 4360 tanquam
1281 4272 1324 4338 ad
1340 4293 1440 4340 unum
1456 4293 1504 4340 ca·

378 4389 436 4466 put
451 4381 596 4449 universi
621 4392 796 4450 recurrant.
823 4385 941 4450 Verum
958 4384 1035 4468 quia
1060 4383 1095 4450 id
1111 4385 1204 4468 quasi
1230 4381 1414 4466 modicum,
1441 4381 1504 4448 imo

378 4506 455 4554 vere
472 4489 632 4558 modicum
659 4491 703 4558 ad
718 4498 766 4559 tot
781 4491 994 4559 necessitates
1019 4491 1124 4578 ipsius
1139 4491 1332 4560 Provinciae
1356 4489 1504 4555 sufficere

379 4595 566 4666 nullatenus
596 4606 804 4690 reputamus,
836 4600 1040 4668 universitati
1071 4605 1199 4668 vestrae
1230 4617 1289 4688 per
1313 4600 1505 4688 Apostollcs
