3202 5190
872 309 1023 406 Q

383 501 642 584 Ecclesiensem,
670 499 821 568 Bolezlso
838 501 1060 584 Wseienscm,
1088 502 1285 588 Kcthspnno
1305 503 1514 588 Agriensem,

381 613 512 676 Simone
521 607 779 690 Worndiensem,
797 609 966 676 Desiderio
982 608 1248 693 Chencdiensem,
1267 611 1417 676 Kolenda
1425 612 1515 676 ‘Bee-

382 717 608 804 primiensem,
638 715 799 781 Willelmo
817 716 1095 802 Ultrusiluancm,
1117 717 1284 784 Gotbsrdo
1311 717 1515 802 Zogrnbieu·
1546 764 1550 771 -

381 844 469 908 sem,
503 827 597 892 Petro
624 821 838 890 Gouriensem
863 825 1044 892 Ecclesiam
1067 824 1204 892 feliciter·
1229 825 1514 909 gubernantibus,

382 931 537 1018 chepano
563 931 629 998 lilio
653 930 813 1018 Stephani
830 931 1003 998 Bccbiensi
1028 941 1061 999 et
1075 933 1226 1000 Palatino
1248 933 1393 1018 (inmite,
1420 935 1516 1000 Bane

381 1039 483 1124 Bono,
505 1039 681 1106 benedicto
698 1039 882 1105 Wuiouodc
905 1039 1130 1124 existentibus,
1146 1041 1224 1106 Julc
1240 1041 1516 1128 Budrngiensem,

382 1145 563 1229 Smcregdo
591 1146 820 1232 Byoriensem,
849 1147 944 1213 Petro
961 1147 1085 1213 Ceriali
1110 1146 1235 1215 Comite
1258 1149 1382 1233 Regine
1409 1149 1516 1215 Chen·

380 1255 524 1321 diensem
541 1251 638 1340 (lgy),
656 1254 816 1322 Nicholoo
828 1253 952 1320 Gurieli
968 1253 1342 1340 ComiteKeweiensern,
1354 1257 1517 1324 llorcello

379 1363 651 1448 Supruniensem,
678 1364 755 1446 Mog
770 1364 1023 1447 Posoniensem,
1041 1364 1129 1430 Poob
1144 1364 1388 1430 Musuniensem
1404 1363 1518 1431 Conri-

379 1479 467 1538 tatus
484 1471 676 1556 tenentibus,
694 1473 798 1554 Regni
815 1471 917 1540 nostri
934 1493 1020 1540 anno
1038 1480 1164 1557 quarto.

360 1727 366 1742 ι
380 1651 518 1718 (Eredetie
532 1649 713 1718 bdrbirtydn,
734 1668 750 1704 n
763 1652 857 1719 pectet
869 1651 927 1706 mdr
939 1651 1081 1706 elmslllott.
1100 1655 1125 1706 Α
1138 1651 1210 1704 mett.
1224 1651 1290 1704 btrd
1304 1651 1400 1720 Rersy
1414 1653 1515 1705 cssldrl

844 1740 1050 1808 leveltdrtbsu.)

817 2029 1077 2040 -..n-...ffl—

903 2515 981 2582 utto.

377 2699 422 2766 II.
435 2693 544 2762 nadre
559 2695 667 2781 kirdly
680 2695 761 2760 Poclr
780 2695 1017 2762 oddorthalld
1032 2695 1300 2781 rrendjdozdpuok
1317 2693 1509 2761 tirtoknban

786 2805 971 2890 maperteto.
993 2805 1090 2868 1209.

483 2999 666 3066 innomine
692 2999 809 3065 Sancte
825 2998 993 3064 Trinitatis
1020 3005 1050 3065 et
1076 2997 1244 3065 Indiuidue
1260 2999 1413 3064 Unitutis.
1442 2999 1507 3064 An-

375 3109 469 3176 dress
486 3106 548 3172 Dci
565 3106 676 3188 grecia
692 3106 870 3190 ilungario,
899 3105 1072 3188 Dolrnatie,
1089 3105 1229 3190 Crootic,
1248 3107 1357 3188 Rome,
1375 3107 1508 3188 Seruio,

377 3214 516 3284 Gallicis
526 3266 534 3298 ,
552 3212 807 3296 Lodomerieque
825 3214 892 3277 llcx
911 3211 944 3277 in
961 3217 1159 3298 perpetuum.
1186 3211 1267 3276 Cum
1283 3231 1323 3277 ex
1343 3210 1508 3278 uarietate

373 3333 554 3408 temporum
578 3318 745 3386 uuricntur
770 3325 864 3402 gesto
881 3320 1084 3403 mortalium,
1111 3321 1245 3405 dignum
1267 3327 1316 3386 cst
1332 3327 1364 3384 et
1380 3321 1508 3385 rationi

374 3434 644 3508 consentaneum,
671 3423 757 3508 quod
774 3425 917 3506 quelibet
935 3427 1118 3512 possessio,
1146 3427 1222 3492 licet
1245 3428 1330 3491 iusto
1355 3425 1507 3508 gaudeat

375 3531 626 3621 comparationis
641 3531 753 3614 titulo,
780 3537 814 3595 ut
830 3531 906 3596 iude
930 3532 972 3597 lis
989 3541 1021 3599 et
1045 3532 1268 3599 controuersia
1294 3532 1445 3618 sopietur
1473 3535 1508 3598 in

373 3649 556 3729 posterum,
578 3637 678 3722 Regio
703 3637 957 3706 confirmationis
980 3638 1156 3724 priuilegio
1180 3639 1313 3704 tutelam
1336 3639 1505 3724 percipiet

374 3757 407 3817 et
422 3751 578 3834 perpetue
595 3745 777 3813 securitatis
794 3753 1026 3830 argumentum.
1053 3747 1134 3812 Inde
1150 3751 1207 3830 cst,
1226 3743 1313 3828 quod
1333 3743 1454 3811 dilecto
1473 3759 1507 3814 et

373 3857 461 3924 tidcli
486 3861 594 3920 nostro
612 3853 697 3919 Pocb
714 3853 865 3920 Palatino
892 3861 924 3918 et
940 3853 1156 3920 blussuniensi
1173 3850 1290 3918 comiti
1316 3852 1357 3918 ob
1376 3853 1507 3919 eximis

373 3985 431 4034 sue
447 3961 613 4030 fidelitatis
629 3959 755 4043 merito,
772 3967 893 4025 terram
906 3959 1080 4042 qtramdom
1090 3956 1227 4024 Obullov
1242 3957 1381 4042 nomine,
1402 3979 1506 4041 quam

373 4079 496 4142 emeret
511 4091 532 4135 a
547 4067 687 4153 quodam
703 4065 877 4150 iobagione
893 4067 1001 4133 Castri
1017 4065 1234 4133 Mussuniensi
1251 4065 1429 4132 llooboricl
1447 4087 1506 4134 no-

255 4257 260 4270 ,
374 4183 481 4265 mine,
507 4179 572 4245 sibi
588 4186 620 4244 et
635 4194 694 4263 per
710 4195 782 4241 eum
799 4175 973 4241 heredibus
989 4176 1056 4240 sois
1072 4177 1105 4241 in
1122 4181 1311 4260 perpetuum
1335 4174 1505 4240 confirme-

372 4291 489 4356 uimue.
505 4287 615 4353 Primo
632 4289 719 4350 meto
734 4282 830 4348 huius
847 4291 931 4348 terre
947 4281 1062 4368 incipit
1077 4303 1097 4346 a
1114 4281 1254 4366 quedam
1270 4281 1390 4368 palude
1407 4283 1503 4348 iuxta

372 4399 433 4464 Sor
448 4415 489 4461 ex
507 4391 711 4459 meridionali
738 4397 830 4475 parte
846 4387 1111 4456 communicando
1135 4397 1237 4454 metas
1255 4409 1328 4453 cum
1344 4397 1429 4454 terre
1445 4391 1501 4456 Je-

371 4523 452 4588 nus;
469 4506 501 4568 et
517 4499 592 4566 inde
609 4496 754 4584 procedit
770 4516 885 4563 uersos
902 4497 1100 4564 occidentem
1115 4495 1158 4562 ud
1176 4502 1325 4580 montem,
1353 4497 1500 4567 obinunt

371 4619 437 4678 tres
452 4615 536 4678 mete
550 4606 591 4675 dc
607 4611 714 4692 ternu,
732 4611 763 4672 et
780 4605 855 4671 inde
872 4603 962 4670 uadit
977 4603 1021 4671 nd
1035 4623 1187 4691 magnum
1206 4603 1312 4690 niam,
1332 4603 1409 4672 inde
1425 4625 1499 4695 pro-
