3202 5190
826 373 980 476 Q-

338 581 489 652 duximus
499 573 736 656 admittendam
755 572 842 659 quia,
858 566 1048 651 comeriis,
1065 585 1150 652 quae
1160 585 1219 652 per
1234 587 1293 634 vos
1311 571 1467 634 actasunt

340 693 453 760 contra
468 685 644 768 iaderam,
669 679 767 748 nimis
792 685 905 747 contra
927 695 986 744 vos
1002 673 1243 742 scandalizatus
1269 673 1312 740 sit
1327 673 1466 760 populus
1573 745 1574 776 ᾖ

341 795 555 881 Christianus,
567 790 730 860 noluimus
740 792 874 877 propter
882 803 941 853 vos
957 781 1081 869 aliquid
1092 801 1192 868 agere
1203 781 1290 848 circa
1299 780 1466 867 iaderam,

341 925 402 994 per
416 903 503 988 qnod
514 899 654 989 amplius
669 903 850 968 contranos
863 891 1081 962 scandalizari
1098 889 1231 958 deberet
1245 889 1398 959 Ecclesia
1413 911 1467 977 ge·
1575 901 1576 918 ²

341 1011 474 1098 nerslis,
492 1009 580 1097 quod
595 1009 705 1092 utique
720 1005 830 1091 lieret,
856 1002 884 1069 si
901 1001 944 1069 ad
963 1000 1152 1088 petitionem
1166 1004 1329 1078 vestrum,
1353 999 1385 1065 ei
1400 998 1468 1085 pal-

341 1119 427 1188 leum
442 1115 634 1203 largiendo,
661 1101 786 1199 absque
803 1111 889 1179 omni
906 1107 1131 1176 satisfactione
1153 1111 1279 1172 unam
1300 1104 1468 1174 remisisse

342 1227 526 1296 videremur
541 1225 720 1308 offensam5
739 1241 822 1306 cum,
833 1221 932 1306 juxta
944 1215 1138 1284 sententiam
1148 1213 1344 1300 Salomonis,
1360 1214 1395 1281 in
1405 1235 1470 1299 quo

346 1335 420 1421 quis
431 1341 556 1424 peccat,
573 1333 655 1401 ineo
672 1331 714 1398 sit
724 1327 923 1418 puniendus;
940 1323 1090 1412 quamvis
1105 1323 1187 1390 haec
1197 1321 1311 1390 dilatio
1321 1343 1386 1392 non
1402 1331 1473 1392 tam

342 1435 528 1532 poena‘sit‚
546 1461 643 1528 quam
660 1438 800 1523 cautela,
824 1456 885 1524 per
901 1455 999 1522 quam
1015 1439 1047 1500 ct
1062 1430 1156 1500 nobis
1171 1437 1204 1499 ct
1222 1430 1317 1500 vobis
1333 1429 1472 1498 intendi-

343 1569 416 1618 mus
439 1547 622 1636 providere.
649 1546 741 1613 Licet
757 1544 842 1612 enim
866 1543 899 1610 in
917 1543 980 1610 trac
996 1547 1089 1628 parte
1114 1557 1178 1606 non
1194 1539 1403 1626 peccaverint
1416 1537 1474 1605 Ja-

345 1653 482 1740 dertini,
510 1655 588 1741 quia
611 1661 720 1721 tamen
744 1649 985 1738 Metropolitica
1009 1646 1153 1734 dignitas
1178 1653 1311 1734 propter
1327 1653 1474 1714 vestrum

343 1765 497 1832 honorem
514 1761 701 1848 specialiter
717 1759 776 1826 suit
791 1758 858 1826 illis
874 1759 917 1826 ab
935 1755 1127 1844 Apostolica
1145 1755 1229 1824 Sede
1246 1775 1402 1824 concessa
1412 1806 1421 1839 ,
1437 1759 1479 1822 ut

345 1869 497 1938 videlicet
512 1867 661 1936 Ecclesia
676 1873 787 1933 restra
803 1887 868 1936 non
884 1865 954 1936 solo
970 1865 1119 1950 nominc,
1141 1863 1201 1931 sed
1216 1863 1311 1952 pleno
1324 1865 1399 1950 jure
1413 1863 1475 1928 Pa-

345 1977 556 2048 triarchalem
572 1975 765 2060 dignitatem
781 1974 924 2060 haberet,
950 1972 1068 2040 cumei
1085 1973 1233 2058 subjecta
1248 1972 1341 2038 tieret
1356 1972 1476 2038 Metro·

346 2087 432 2176 polis
450 2084 639 2168 tudertina,
658 2081 763 2166 magis
779 2083 813 2148 in
828 2083 891 2149 hoc
906 2087 1047 2148 vestram
1065 2081 1204 2167 cuipam,
1224 2100 1323 2165 quam
1340 2079 1474 2146 illorum

346 2215 486 2282 poenam
496 2193 645 2262 volumus
662 2190 835 2274 denotare3
853 2209 925 2258 cum
940 2209 1000 2257 nec
1014 2202 1133 2259 novum
1149 2190 1191 2258 sit
1206 2208 1266 2262 neo
1281 2187 1474 2274 absurdum,

347 2299 523 2386 siquando
546 2297 720 2385 puniantur
744 2295 866 2364 subditi
882 2319 940 2383 pro
956 2297 1138 2382 Praelatis,
1162 2295 1245 2365 sicut
1259 2295 1384 2381 absque
1401 2317 1478 2382 pro-

348 2409 422 2498 pria
432 2407 529 2494 culpa
544 2407 676 2492 punitus
686 2409 736 2471 est
750 2404 891 2490 populns
904 2403 1048 2490 Israelis,
1064 2405 1192 2490 qnando
1203 2403 1312 2470 David
1326 2403 1358 2468 in
1370 2403 1476 2488 ipsius

349 2513 591 2583 enumeratione
606 2515 765 2600 peccavit.
792 2513 861 2581 Hoc
877 2513 989 2600 itaque
1006 2516 1099 2584 vobis
1115 2536 1173 2603 per
1192 2515 1322 2584 nuntios
1337 2522 1477 2598 vestros,

238 2649 240 2654 ’
350 2628 383 2690 et
397 2641 455 2709 per
471 2626 599 2690 nostras
615 2621 741 2691 litteras
756 2621 1009 2709 respondemus,
1027 2631 1062 2690 ut
1076 2643 1136 2692 vos
1154 2624 1196 2690 ad
1216 2622 1477 2692 satisfactionem

351 2731 433 2814 Deo,
449 2735 482 2796 et
497 2728 591 2796 nobis
605 2729 815 2814 efferendam,
841 2736 874 2796 ct
891 2729 1109 2797 exhibendam
1124 2731 1287 2798 humiliter
1301 2729 1476 2813 inclinetis,

350 2836 468 2904 saltem
484 2833 614 2903 illorum
632 2837 790 2925 exemplo,
812 2837 867 2922 qui
884 2835 961 2904 licet
976 2835 1082 2904 minns
1091 2836 1306 2922 peccaverint,
1322 2837 1477 2922 quoniam

350 2943 394 3011 ad
410 2943 472 3012 hoc
487 2941 615 3011 lacinus
631 2943 883 3032 perpetrandum
899 2963 958 3030 per
973 2963 1033 3011 vos
1049 2942 1144 3010 tracti
1159 2941 1298 3028 inerunt,
1323 2943 1367 3010 ad
1382 2944 1477 3011 satis-

351 3051 536 3120 faciendum
552 3059 662 3120 tamen
678 3073 714 3120 se
729 3051 825 3120 nobis
841 3049 974 3117 firmiter
990 3051 1194 3136 obligamnt,
1215 3059 1386 3136 quatenus,
1403 3073 1478 3117 cum

352 3181 417 3228 non
435 3159 633 3244 excusando,
656 3158 714 3225 sed
731 3157 915 3225 accusando
931 3163 1074 3224 vestram
1090 3156 1248 3224 offensam
1264 3157 1428 3242 Divinam,
1446 3167 1481 3225 et

352 3273 497 3338 nostram
522 3264 775 3353 imploraveritis
800 3263 1055 3349 indulgentiam,
1081 3263 1124 3330 ad
1145 3263 1403 3331 satisfactionem
1418 3285 1480 3334 vos

350 3393 528 3460 congruam
544 3379 762 3461 exponentes3
779 3391 851 3456 nos,
870 3372 926 3457 qui
943 3379 1085 3440 vestram
1106 3371 1215 3458 quoad
1230 3371 1335 3438 Deum
1352 3372 1480 3441 deside·

352 3499 463 3548 ramus
479 3479 639 3565 salutem,
665 3486 697 3546 et
712 3485 855 3546 vestrum
872 3477 980 3563 quoad
996 3477 1144 3547 homines
1169 3477 1359 3547 affectamus
1382 3480 1480 3550 hono-

324 3581 343 3604 “
354 3607 443 3674 rem,
470 3591 503 3653 et
517 3585 550 3651 in
568 3585 631 3670 his,
648 3593 681 3653 et
696 3585 728 3652 in
743 3585 838 3670 aliis,
864 3604 950 3672 quac
965 3584 1063 3671 digne
1089 3583 1247 3652 duxeritis
1271 3587 1481 3674 postulanda,

353 3715 412 3762 vos
428 3691 585 3762 exaudire
600 3711 757 3762 curemus.
783 3691 916 3762 Interim
932 3699 1061 3779 autem,
1086 3693 1317 3761 correctionem
1336 3699 1482 3762 vestram

354 3800 592 3887 aequanimiter
602 3807 839 3889 exspectantes,
849 3821 1020 3868 censuram
1031 3802 1123 3870 illam
1133 3799 1372 3888 suspendimus,
1382 3822 1482 3888 qnam

221 3927 225 3948 ·
354 3907 578 3977 universorum
588 3927 673 3996 pene
683 3908 845 3977 sententia
857 3909 891 3976 in
901 3929 960 3978 ros
971 3909 1090 3978 asserit
1106 3905 1333 3995 exercendam,
1350 3915 1397 3993 ut,
1409 3929 1482 3977 oum

355 4015 496 4084 Domino
512 4013 713 4102 inspirante,
730 4014 880 4081 conversi
896 4013 1041 4100 fueritis,
1067 4035 1132 4083 non
1148 4015 1255 4084 solnm
1277 4015 1482 4085 remittamus

354 4123 542 4206 vindictam,
553 4143 665 4191 verum
676 4121 774 4190 etiam
785 4122 924 4208 gratiam
934 4122 1173 4212 impendamus.
1184 4124 1253 4192 Neo
1264 4143 1300 4193 se
1310 4124 1483 4211 quisquam

356 4235 499 4316 excuset,
516 4228 603 4314 quod
619 4229 670 4294 his
686 4228 838 4314 gerendis
855 4249 989 4317 corpore
1004 4249 1068 4298 non
1084 4231 1240 4319 interluit,
1257 4233 1285 4299 si
1301 4231 1414 4300 lorsam
1429 4233 1483 4301 his

355 4338 458 4424 gestis
483 4337 582 4404 etiam
608 4336 706 4404 corde
722 4338 906 4421 consensit,
931 4341 1009 4423 quia
1024 4339 1183 4407 iacientes
1208 4345 1241 4406 et
1258 4342 1481 4428 approbantes

355 4443 471 4512 similis
488 4446 585 4532 culpa
610 4444 814 4513 condemnat.
841 4445 996 4514 Placeant
1022 4447 1122 4532 igitur
1139 4449 1250 4533 vobis,
1278 4447 1483 4517 dilectissimi

355 4551 426 4638 filii,
442 4551 543 4620 verba
558 4561 680 4637 nostra,
698 4553 775 4622 licet
790 4553 822 4620 in
833 4555 953 4622 cortice
968 4574 1097 4643 aspera,
1114 4561 1223 4622 tamen
1237 4557 1354 4622 suavia
1369 4557 1402 4622 iu
1420 4577 1482 4623 mc-

359 4656 470 4745 dulla3
497 4657 585 4745 quia,
601 4660 686 4731 siout
702 4660 758 4731 illc
773 4666 874 4750 norit,
891 4665 946 4750 qui
961 4663 1044 4736 nihil
1058 4664 1198 4751 ignorat,
1222 4663 1263 4733 de
1278 4664 1375 4736 corde
1390 4684 1482 4753 paro,
