3218 5192
641 365 799 469 ..EQ

149 567 184 634 in
213 565 315 634 alium
330 564 461 632 Clarum
480 564 690 652 percipiendo
707 564 884 632 seeundum
900 565 1005 632 Deum
1018 565 1162 635 habeant
1178 573 1285 635 aueto-

149 676 299 760 ritatem3
325 679 358 740 et
376 673 463 758 quod
488 673 650 740 neminem
670 673 713 740 ad
737 672 884 741 ordinem
908 671 1184 761 drohiepisoopus
1211 699 1284 763 pro·

150 787 300 866 moveat,
326 781 392 847 nisi
415 800 474 866 per
499 779 783 864 Archidiaconum,
809 787 867 847 aut
883 800 941 866 per
966 779 1149 850 canonicos
1173 781 1285 850 Sancti

149 889 283 960 Domnii
304 893 566 977 praesentatum,
591 887 675 954 sicut
699 889 734 955 in
759 888 825 956 alio
849 889 1035 975 privilegio,
1067 890 1156 975 quod
1182 890 1285 959 Oano-

149 1001 233 1068 nicis
259 1019 357 1086 super
381 998 524 1084 antiquis
548 997 780 1065 usualitatibus
797 999 967 1065 servandis
991 999 1125 1067 fecimus
1141 1001 1284 1086 planum,

151 1117 203 1178 est
218 1127 422 1194 expressum.
438 1106 641 1174 Instituimus
658 1106 766 1190 etiam,
791 1113 826 1172 ut
842 1107 983 1174 officium
999 1109 1122 1176 Beatae
1142 1109 1286 1195 Virginis

149 1219 278 1285 Mariae
292 1217 326 1284 in
342 1215 492 1283 omnibus
509 1214 667 1282 Ecclesiis
691 1235 751 1300 per
767 1220 912 1282 nostram
930 1217 1116 1284 Dioecesim
1132 1217 1219 1286 omni
1234 1219 1286 1284 dic

152 1333 314 1394 cantetur.
344 1326 521 1392 Pmetarea
547 1343 620 1389 oum
645 1323 827 1390 Paroohiae
851 1322 1140 1411 Suffraganeorum
1164 1332 1287 1394 nostro·

150 1457 225 1501 rum
251 1434 295 1501 ad
312 1453 350 1500 se
374 1431 513 1499 invicem
539 1436 648 1498 essent
674 1430 848 1515 confusae,
874 1438 907 1498 ιι
932 1432 1029 1499 cartis
1053 1433 1211 1501 limitibus
1233 1453 1287 1500 ne·

149 1563 319 1628 quaquam
346 1541 538 1624 distinctae,
571 1545 603 1604 et
628 1539 728 1610 nullis
752 1538 934 1626 privilegiis
960 1541 1195 1626 communitae,
1229 1541 1285 1624 ita,

150 1659 186 1718 ut
212 1651 278 1737 ipsi
293 1650 451 1738 Episcopi
475 1649 509 1714 in
526 1645 680 1736 :errorem
705 1652 738 1712 et
753 1649 1009 1715 controversiam
1035 1667 1136 1734 saepe
1159 1648 1286 1714 induce-

148 1765 283 1842 rentur,
308 1757 431 1844 placuit
453 1754 548 1824 nobis
575 1755 724 1822 omnibus
752 1761 949 1822 memoratas
975 1755 1151 1823 Paroohias
1177 1757 1286 1824 talitet

152 1867 358 1952 distinguere
373 1885 413 1931 ac
428 1863 611 1950 privilegiis
637 1863 844 1948 communire,
862 1870 897 1929 ut
913 1862 953 1930 de
974 1869 1102 1931 caetero
1118 1865 1286 1948 unnsquis-

151 1995 216 2058 que
225 1974 464 2061 Episcoporum
480 1973 646 2040 attributis
663 1972 727 2038 sibi
737 1971 906 2039 Paroohiis
923 1977 955 2038 et
971 1971 1189 2058 privilegiatis
1206 1991 1284 2057 gau·

153 2083 252 2168 deat,
277 2091 310 2150 et
334 2082 414 2149 nulli
440 2101 585 2165 unquam
609 2081 747 2148 fratrum
773 2100 903 2148 suorum
929 2080 1152 2166 quaestionem
1168 2079 1286 2148 exinde

152 2210 286 2258 morere
301 2198 500 2282 praesumat.
527 2188 740 2256 Definivimus
756 2187 868 2272 itaque
890 2189 962 2275 pari
978 2195 1054 2256 roto
1070 2194 1103 2255 et
1122 2187 1284 2256 communi

150 2299 323 2366 voluntate
339 2298 526 2366 eorumdem
543 2297 844 2382 Suffraganeorum,
860 2303 897 2362 ιιι
915 2295 1190 2382 Arohiepisoopus
1205 2297 1285 2381 Spa-

150 2405 289 2472 latomis
305 2405 365 2471 has
382 2403 504 2472 habeat
523 2403 721 2472 Paroohias:
739 2404 890 2488 Elissam,
908 2405 1013 2487 Scala,
1034 2402 1190 2488 Sminam,
1212 2403 1282 2470 Oet-

149 2515 266 2597 tinam,
283 2518 387 2580 totam
402 2511 578 2597 Cleunam,
603 2517 707 2581 totum
723 2512 905 2596 Massaron,
926 2518 959 2578 ιι
973 2517 1077 2578 totum
1092 2511 1162 2595 Pol,
1179 2530 1284 2596 usque

152 2643 195 2690 ao
212 2621 382 2703 Vrullam5
408 2625 440 2685 ct
452 2619 636 2705 ubicunque
652 2625 727 2686 sunt
741 2624 848 2686 terrae
867 2619 978 2686 Sancti
996 2619 1148 2704 Domnii‚
1165 2620 1285 2686 debent

152 2728 242 2794 dare
262 2727 407 2794 decimas
423 2725 543 2794 Sancto
559 2725 710 2794 Domnio.
736 2725 874 2812 Insuper
896 2726 1017 2794 habeat
1041 2727 1102 2793 has
1118 2725 1285 2794 Ecclesiae

150 2839 289 2903 Santam
304 2835 476 2918 Martham‚
504 2836 661 2901 Sanctum
677 2835 808 2901 Petrum
824 2833 865 2899 de
881 2833 1035 2917 Globuco,
1051 2835 1205 2900 Sanctam
1219 2833 1286 2899 Μι-

153 2945 250 3028 riam,
267 2943 425 3010 Sanctum
441 2941 662 3028 Stephanum,
686 2943 840 3008 Sanctum
855 2943 1011 3028 Moysem,
1038 2942 1192 3009 Sanctum
1207 2942 1285 3008 Bar·

150 3051 385 3118 tholomaeum.

266 3177 430 3244 Tiniensis
441 3176 626 3263 Episcopus
641 3175 763 3242 habeat
778 3174 888 3242 sedem
900 3195 993 3241 suam
1008 3175 1041 3240 in
1051 3173 1165 3258 Τιιιίιι,
1186 3178 1220 3239 ιι
1230 3175 1283 3241 ha·

153 3287 232 3353 beat
248 3287 310 3354 has
326 3286 526 3354 Paroohias:
544 3285 659 3368 Tenin,
677 3287 845 3372 Campum,
862 3285 1108 3369 Verohzeoeam,
1130 3284 1216 3350 Pset.

260 3413 494 3498 Traguriensis
509 3411 692 3499 Episcopus
708 3413 831 3478 habeat
845 3411 906 3477 has
922 3409 1120 3478 Paroohias:
1138 3411 1284 3494 Trangn-

153 3522 247 3607 rium,
263 3521 350 3605 Drit,
369 3521 567 3605 Sibenicum,
585 3527 617 3587 et
632 3527 735 3588 totum
751 3519 947 3586 comitatum
963 3519 1135 3604 Zagoriae.

262 3647 500 3715 Scardonensis
524 3647 707 3733 Episcopus
732 3645 854 3713 habeat
876 3645 1077 3714 Scardonam
1103 3651 1136 3712 et
1159 3643 1283 3728 Briber‚

153 3755 300 3838 Belgrad
316 3775 388 3822 oum
406 3761 476 3824 tota
490 3755 642 3842 Sidraga.

261 3878 427 3948 Nouensis
437 3879 622 3965 Episcopus
638 3878 910 3968 habeatNonam,
925 3884 1028 3950 totam
1038 3879 1159 3948 Lucam
1175 3884 1208 3946 et
1222 3897 1284 3944 me·

152 3987 310 4054 dietatem
330 3987 440 4054 Licae.

260 4111 443 4197 Signiensis
458 4111 643 4198 Episcopus
659 4111 781 4178 habeat
795 4110 906 4180 sedem
931 4130 1025 4178 suam
1041 4109 1076 4178 in
1091 4109 1226 4196 Signia,
1252 4116 1284 4176 ct

153 4221 276 4287 habeat
291 4220 352 4286 has
368 4220 574 4287 Paroohias:
598 4219 764 4304 Signiam,
788 4219 956 4286 Kctsciam
976 4223 1088 4303 totam,
1115 4223 1147 4284 et
1167 4217 1283 4284 medie·

153 4335 256 4394 tatem
276 4327 385 4394 Licae.

264 4455 496 4524 Corbaviensis
513 4455 699 4542 Episcopus
725 4453 847 4521 habeat
871 4451 981 4520 sedem
998 4471 1091 4518 suam
1115 4450 1149 4518 in
1166 4449 1283 4518 Gorba-

158 4561 212 4626 ιιι
220 4613 230 4647 ,
258 4569 290 4630 ιι
306 4565 429 4630 habeat
444 4563 505 4631 has
520 4561 719 4631 Paroohias:
737 4559 952 4645 Oorbaviam,
970 4559 1128 4646 Vinodol,
1145 4559 1282 4644 Bessan,

154 4669 335 4760 Novigrad,
351 4671 495 4758 Premis,
512 4671 590 4742 Plas
611 4675 644 4738 et
658 4668 864 4738 Modressam
