3218 5192
942 373 1005 440 150

405 577 563 664 fatigare,
581 577 640 643 sed
658 579 765 644 omnia
781 577 910 662 integre
926 583 1166 663 conserventur,
1184 599 1304 664 eorum,
1321 601 1380 666 pro
1396 601 1532 665 quorum

406 687 641 774 gubernatione
652 693 684 753 ct
694 687 931 753 sustentatione
943 706 1100 754 concessa
1113 692 1198 770 sunt,
1217 687 1329 754 usibus
1339 689 1534 755 omnimodis

377 825 380 836 ·
405 795 592 884 profutura,
620 795 713 861 salva
730 793 825 860 Sedis
843 793 1055 882 Apostolieae
1072 795 1276 880 auctoritate,
1293 801 1326 862 et
1340 797 1534 864 Dioeeesani

406 905 561 992 Episcopi
578 904 736 970 canoniea
746 903 891 988 justitia.
917 905 1031 989 Siqua
1051 904 1151 988 igitur
1165 904 1198 970 in
1218 904 1360 972 futurum
1385 905 1535 971 eeclesia·

407 1015 489 1079 stica
499 1012 721 1080 saecularisve
731 1031 876 1098 persona
891 1011 976 1078 hane
986 1018 1118 1079 nostrae
1128 1011 1368 1080 constitutionis
1378 1013 1536 1098 paginam

407 1120 523 1206 sciens,
541 1128 655 1190 contra
665 1141 738 1187 eam
755 1126 875 1188 temore
885 1120 997 1187 venire
1013 1123 1228 1206 temptaverit,
1246 1120 1537 1188 secundotertiore

407 1228 622 1311 commonita,
649 1228 714 1294 nisi
730 1233 858 1294 reatum
876 1247 969 1293 suum
986 1247 1130 1312 congrua
1145 1227 1370 1294 satisfactione
1390 1247 1536 1295 correxe-

407 1335 458 1418 rit,
475 1337 647 1422 potestatis
665 1337 862 1421 honorisque
880 1338 930 1404 sui
947 1343 1058 1402 eareat
1074 1336 1243 1421 dignitate,
1260 1357 1416 1420 reamque
1433 1357 1470 1402 se
1486 1337 1537 1403 Di-

407 1443 482 1510 vino
494 1443 619 1528 judicio
645 1446 786 1512 existere
803 1443 844 1511 de
860 1451 1049 1533 perpetrata
1065 1443 1236 1528 iniquitate
1252 1451 1442 1530 eognoscat,
1471 1451 1504 1510 et
1518 1466 1536 1509 a

408 1551 637 1620 Sacratissimo
653 1572 788 1638 corpore
805 1572 845 1618 ae
860 1553 1023 1636 sanguine
1039 1553 1101 1620 Dei
1117 1559 1150 1619 et
1165 1552 1288 1620 domini
1306 1553 1537 1638 Redemptoris

408 1659 512 1726 nostri
527 1658 609 1726 Jesu
625 1658 746 1726 Christi
764 1659 875 1726 aliena
890 1659 966 1743 hat,
993 1665 1091 1745 etque
1107 1660 1139 1726 in
1156 1667 1300 1727 extreme
1325 1661 1480 1727 examine
1496 1661 1537 1725 di·

409 1767 541 1833 strictae
562 1766 677 1833 ultioni
695 1765 876 1850 subjaceat.
901 1765 1033 1834 Cunetio
1050 1775 1157 1834 sutem
1174 1767 1280 1834 eidem
1297 1767 1368 1835 loeo
1387 1787 1454 1834 sua
1465 1769 1538 1852 jura

410 1875 615 1942 servantibus
633 1876 675 1941 sit
690 1897 757 1963 pan
773 1875 907 1942 Domini
932 1875 1035 1942 nostri
1061 1877 1139 1942 Jesu
1164 1873 1303 1960 Christi,
1329 1881 1494 1958 quatenus
1510 1882 1539 1942 et

409 1983 461 2050 hic
476 1983 615 2051 fructum
632 1984 738 2051 bonae
759 1985 897 2051 aetionis
913 1984 1116 2070 percipiant,
1142 1989 1173 2049 et
1189 1984 1277 2069 apud
1294 1983 1481 2050 districtum
1493 1984 1539 2067 ju-

411 2091 514 2158 dicem
531 2092 678 2176 praemia
694 2099 848 2158 aeternae
865 2090 957 2176 pacis
974 2089 1151 2158 inveniant.
1169 2090 1283 2156 Amen.
1296 2090 1408 2158 Arnen.
1425 2091 1537 2156 Arnen.

518 2199 651 2282 †Ego
686 2199 894 2264 Urbanus
927 2196 1199 2264 Catholicae
1231 2195 1475 2264 Ecclesiae

646 2305 910 2390 Episcopus.

517 2412 537 2488 †
559 2413 630 2496 Ego
644 2411 804 2478 Henrieus
821 2410 1020 2479 albanensis
1037 2412 1230 2498 Episcopus.

516 2519 536 2596 †
560 2520 630 2604 Ego
645 2520 766 2586 Paulus
783 2521 1016 2586 Praenestinus
1032 2520 1226 2606 Episcopus.

517 2627 538 2702 †
561 2626 632 2712 Ego
648 2627 857 2694 Theobaldus
873 2628 1058 2694 Hostiensis
1084 2636 1116 2695 et
1135 2627 1325 2695 Velitrensis
1345 2627 1538 2714 Episcopus

518 2734 538 2811 †
561 2735 632 2818 Ego
648 2735 792 2802 Joannes
808 2735 985 2820 Presbyter
1000 2734 1186 2802 Cardinalis
1202 2737 1287 2802 tituli
1300 2736 1411 2804 Sancti
1427 2735 1537 2802 Marci.

518 2843 538 2922 i
562 2844 632 2928 Ego
649 2843 764 2910 Petrus
787 2845 962 2930 Presbyter
986 2843 1172 2913 Cardinalis
1207 2845 1293 2912 tituli
1317 2847 1463 2912 Sanctae
1486 2843 1537 2908 Su·

648 2971 781 3018 sannae.

518 3058 630 3144 iEgo
646 3060 816 3126 Laborans
842 3059 1016 3144 Presbyter
1040 3056 1226 3124 Cardinalis
1250 3057 1392 3125 Sanctae
1411 3057 1539 3126 Mariae

647 3171 738 3232 trans
755 3167 910 3250 Tyberim
927 3165 1012 3232 tituli
1032 3163 1163 3230 Calixti.

519 3273 539 3350 †
562 3274 632 3358 Ego
644 3272 824 3340 Pandulius
837 3273 1012 3358 Presbyter
1023 3271 1209 3339 Cardinalis
1219 3272 1284 3338 ΧΠ
1296 3274 1538 3358 Apostolorum.

518 3381 538 3458 †
563 3382 632 3465 Ego
649 3381 787 3448 Albinus
803 3379 978 3466 Presbyter
994 3379 1182 3447 Cardinalis
1205 3380 1292 3446 tituli
1308 3379 1453 3446 Sanctae
1470 3379 1540 3444 Cru-

649 3489 695 3555 cis
712 3488 745 3554 in
761 3489 955 3556 Jerusalem.
1366 3481 1370 3486 ¹

520 3595 540 3672 †
564 3597 634 3680 Ego
651 3598 766 3665 Melior
788 3597 965 3684 Presbyter
984 3597 1172 3666 Cardinalis
1197 3597 1391 3665 Sanctorum
1408 3595 1540 3665 Joannis

650 3711 681 3770 et
696 3705 790 3771 Pauli
806 3706 891 3772 tituli
911 3707 1113 3791 Pagmaehii.

520 3810 539 3887 †
564 3811 635 3895 Ego
652 3812 838 3880 Adelardus
864 3814 949 3880 tituli
966 3815 1081 3881 Sancti
1099 3814 1246 3882 Marcelli
1269 3814 1446 3898 Presbyter
1472 3813 1540 3878 Car.

650 3919 779 3987 dinalis.

522 4027 541 4103 'r
565 4028 636 4111 Ego
653 4028 798 4096 Jaeohus
814 4029 959 4097 Sanctae
974 4031 1100 4098 Mariae
1115 4032 1149 4098 in
1165 4030 1361 4117 Cossmidyn
1381 4029 1542 4098 Diaconos

652 4133 846 4204 Cardinalis.

525 4241 544 4318 †
568 4241 639 4326 Ego
657 4241 834 4310 Gratianus
850 4247 1045 4312 Sanctorum
1058 4243 1198 4314 Cosmae
1214 4251 1246 4312 ot
1261 4245 1417 4312 Damiaui
1432 4245 1541 4312 Diaco-

649 4368 710 4415 nus
732 4347 928 4418 Cardinalis.

524 4453 543 4530 †
567 4453 638 4538 Ego
655 4455 744 4522 Bobo
762 4455 875 4524 Sancti
891 4459 1012 4545 Angeli
1029 4461 1197 4527 Diaconus
1217 4460 1417 4528 Cardinalis.

523 4559 543 4636 †
567 4561 637 4646 Ego
655 4561 857 4628 Octavianus
874 4563 1067 4634 Sanctorum
1086 4568 1192 4654 Sergii
1215 4575 1248 4634 et
1263 4567 1362 4635 Bachi
1380 4567 1541 4635 Diaconos

651 4668 847 4738 Cardinalis.
