3238 5184
603 307 761 410 „car—

111 505 262 591 expauit.
288 505 325 572 In
353 504 471 588 quibus
490 503 665 572 omnibus.
685 556 692 570 .
711 555 718 570 .
739 505 971 588 Traguriensis
992 505 1148 593 Episcopi
1174 508 1250 576 dici-

112 622 170 680 tur
196 633 270 681 esse
286 632 412 697 manus,
439 613 493 698 qui
509 619 659 700 pretextu
687 613 855 681 cuiusdam
881 615 1068 702 rescriptis
1093 617 1187 684 nobis
1204 617 1247 684 ad

110 722 222 808 ipsum
239 721 272 788 in
289 721 451 789 communi
476 721 581 790 forma
597 722 729 806 obtenti,
754 721 867 806 inquo
885 719 925 790 de
941 723 1112 810 premissis
1133 724 1245 809 aliqua

111 829 237 898 mentio
247 849 311 896 uon
327 830 473 915 habetur,
489 830 649 898 Abbatem
660 838 692 897 et
702 831 785 899 alios
802 831 1008 918 supradictos
1021 833 1173 902 absoluit.
1190 833 1243 901 Ad

111 940 176 1006 hee
190 959 262 1007 cum
279 939 356 1007 olim
383 938 579 1024 quibusdam
600 940 852 1026 suggerentibus
867 941 1042 1027 intellecto,
1069 942 1155 1028 qnod
1172 963 1246 1028 quc-

113 1046 194 1114 dam
219 1047 252 1112 in
277 1048 426 1135 partibus
451 1049 617 1115 Dalmatia
642 1049 726 1116 false
750 1048 857 1116 littere
882 1049 1010 1117 fuerant
1034 1051 1095 1117 sub
1113 1051 1243 1120 nomine

113 1163 228 1222 nostro
238 1157 395 1244 confecto,
413 1155 472 1222 tibi
489 1156 673 1224 dederimus
683 1157 716 1225 in
733 1157 905 1243 mandatis,
924 1165 959 1224 ut
974 1159 1133 1242 inquisita
1147 1179 1245 1246 super

114 1261 178 1329 hoc
203 1262 393 1348 diligentius
420 1265 558 1330 veritate
582 1264 813 1331 fabricatorem
839 1283 951 1331 earuru
976 1286 1064 1352 pena
1089 1268 1245 1333 canonica

114 1371 297 1455 castigares
309 1379 362 1438 :tu
373 1372 519 1440 mandati
532 1372 635 1440 nostri
645 1371 786 1457 diligens
797 1373 1120 1442 executorAbbatem
1132 1374 1245 1441 Sancti

114 1479 289 1546 Michaelis
304 1479 477 1546 Jadrcnsis
501 1479 659 1563 Dioccsis,
686 1478 807 1563 dequo
833 1482 971 1564 suspitio
997 1480 1188 1565 habebatur,
1215 1489 1247 1548 et

114 1587 254 1654 eundem
270 1588 470 1675 Episcopum
486 1587 750 1673 Traguriensem,
776 1587 918 1671 quierat
935 1588 975 1654 de
993 1588 1140 1655 falsitate
1159 1589 1246 1655 bulle

114 1701 226 1762 nostre
251 1696 446 1779 gravissime
472 1695 660 1782 infamatus,
687 1697 923 1783 propterquod
948 1696 1054 1764 fuerat
1080 1698 1122 1763 ab
1139 1696 1245 1765 officio

115 1801 302 1869 Pontificali
327 1811 479 1888 remotus,
506 1811 539 1870 et
555 1803 660 1870 adhuc
676 1803 778 1871 falsas
805 1805 865 1870 sub
889 1810 998 1872 nostro
1024 1804 1153 1872 nomine
1182 1825 1245 1870 non

115 1911 280 1978 erubescit
304 1911 430 1978 litteras
460 1911 642 1995 fabricare,
675 1910 718 1976 ad
743 1917 832 1977 tuam
858 1913 1055 1999 presentiam
1082 1912 1244 1998 citavisti;

117 2039 256 2103 qnorum
272 2020 363 2106 aiter,
391 2020 503 2087 Abbas
522 2019 684 2103 videlicet,
707 2020 894 2087 valetudine
910 2021 1099 2106 prepeditus
1119 2039 1178 2086 nec
1195 2041 1246 2086 ve-

115 2128 174 2211 nit,
192 2146 251 2194 nec
266 2126 373 2207 misit;
399 2127 481 2192 alter
497 2145 584 2211 vero,
602 2125 782 2212 Episcopus
809 2127 950 2206 seilicet,
983 2127 1044 2196 etsi
1061 2126 1105 2194 ad
1128 2135 1240 2214 partes

118 2243 193 2300 tuas
209 2235 343 2318 venerit,
371 2235 571 2320 presentiam
588 2241 677 2300 tuam
692 2240 801 2301 tamen
822 2235 915 2301 adire
931 2241 1173 2322 contempnens,
1199 2256 1246 2302 sc-

115 2341 273 2410 ditionem
300 2347 412 2409 contra
428 2349 460 2408 te
480 2342 662 2409 maximam
688 2341 881 2428 concitavit;
909 2363 1009 2428 quare
1030 2344 1107 2427 quid
1127 2344 1159 2410 in
1176 2364 1245 2430 pre-

117 2451 227 2517 missis
253 2449 415 2535 agendum
442 2450 484 2517 sit
508 2450 644 2518 edocere
671 2471 730 2536 per
756 2457 885 2518 nostras
909 2451 1035 2518 litteras
1060 2453 1244 2538 postulasti.

116 2559 208 2625 Licet
224 2558 323 2643 igitur
340 2559 563 2628 coactionibus
574 2560 606 2624 in
617 2557 758 2626 ferendis
770 2557 923 2644 dignitati
940 2557 1059 2627 deferri
1080 2559 1197 2628 debeat
1213 2569 1244 2628 et

116 2687 267 2753 persone,
291 2667 369 2753 quia
384 2674 493 2734 tamen
509 2666 663 2734 nonnulle
680 2673 755 2732 sunt
771 2667 875 2751 culpe,
899 2666 932 2732 in
949 2667 1065 2750 quibus
1082 2668 1179 2754 culpa
1195 2675 1244 2736 est

116 2777 269 2843 relaxare
279 2775 467 2859 vindictam,
486 2774 689 2858 mandamus,
710 2779 881 2858 quatenus,
899 2773 1105 2858 sipremissis
1121 2774 1243 2842 veritas

115 2883 325 2970 suffragatur,
343 2883 541 2970 Episcopum
557 2881 810 2966 Traguriensem
825 2887 858 2945 et
874 2880 958 2947 alios
974 2881 1123 2966 superius
1140 2882 1241 2949 nomi-

117 2998 213 3060 natos
230 3011 407 3078 suspensos
424 2992 466 3059 ab
478 2993 564 3060 omni
581 2989 685 3060 officio
703 2995 735 3057 et
745 2989 902 3057 beneficio
919 2989 962 3056 ad
977 2999 1121 3058 nostram
1136 2993 1245 3058 venire

116 3100 297 3187 compellas
307 3100 515 3186 presentiam,
528 3098 716 3166 meritorum
727 3117 858 3166 suorum
869 3097 1033 3184 stipendia
1043 3107 1242 3186 recepturos;

116 3205 160 3272 ad
181 3207 414 3276 correctionem
430 3206 615 3273 Conventus
640 3204 778 3292 predicti
796 3207 984 3271 monasterii
1007 3207 1120 3272 Sancti
1137 3207 1244 3274 Grise-

118 3315 196 3401 goni
212 3317 305 3382 iuxta
321 3315 509 3382 mandatum
526 3313 749 3400 Apostolicum
768 3332 998 3398 processurns;
1026 3314 1245 3381 contradicto-

117 3443 170 3490 res
196 3429 305 3490 autem
322 3432 383 3490 etc.
408 3423 516 3490 Nullis
539 3423 657 3490 litteris
683 3421 887 3490 obstantibus
913 3421 1030 3488 aSedc
1054 3423 1245 3509 Apostolica

116 3531 310 3616 inpetratis,
336 3531 468 3617 plenam
483 3531 524 3597 de
549 3549 705 3616 processu
728 3536 784 3596 tuo
809 3550 876 3597 non
891 3527 1088 3596 iacientibus
1113 3533 1244 3600 mentio-

116 3658 198 3704 nem.
221 3639 343 3706 Datum
353 3637 508 3706 Laterani
518 3637 576 3705 III.
587 3639 700 3706 Nonas
710 3637 911 3721 Decembris,
921 3637 1134 3706 Pontificatns
1144 3641 1245 3706 nostri

116 3767 202 3815 anno
218 3747 368 3832 septimo.

167 3945 302 4010 (Theium,
317 3947 417 3999 Vetera
429 3947 605 3998 Monumeuta
617 3945 759 3998 slavorum
771 3945 989 3998 Meridionaiium
1005 3949 1024 3998 1.
1039 3947 1094 3998 ket.
1110 3945 1151 3997 ⁷4.
1165 3943 1193 4012 l.)

553 4237 809 4248 *ut—n*-
