3202 5190
594 301 749 400 „ss-⁷.

104 504 175 561 stro
192 494 382 578 conspectui
398 501 626 578 presentarent
640 497 833 562 sententiam
849 505 1023 582 recepture.
1041 502 1121 566 Cum
1138 500 1236 583 igitur

104 607 334 688 procuratores
349 602 491 687 partium
508 622 610 689 nuper
635 602 678 668 ad
694 611 840 670 nostram
855 606 1053 689 presentiam
1077 608 1233 672 accessis-

104 715 193 792 sent,
209 725 398 793 processum
419 709 567 793 judicum
583 710 756 777 eorundem
773 713 815 777 ab
832 711 956 778 eisdem
971 713 1235 797 procuratoribus

104 816 204 883 nobis
220 815 399 882 exhibitum
425 837 483 901 per
499 817 651 882 dilectum
675 818 776 884 lilium
802 825 946 884 nostrum
963 822 997 884 P.
1017 819 1102 886 tituli
1117 822 1235 888 Sancte

105 925 229 991 Oecilie
246 925 464 991 Presblterum
475 924 684 992 Cardinalem
701 927 881 993 examinari
899 927 1032 993 fecimus
1048 928 1232 1014 diligenter,

105 1033 272 1099 eteoclem
289 1051 347 1118 per
371 1034 561 1101 relationem
578 1033 763 1100 cardinalis
788 1037 893 1122 ipsius
909 1035 1037 1121 plenius
1058 1037 1231 1118 intellecto,

106 1139 304 1205 sententiam
321 1159 342 1204 a
357 1137 485 1224 prelato
496 1139 625 1206 Abbate
641 1141 680 1205 de
692 1142 790 1207 Melta
806 1149 838 1207 et
854 1143 923 1206 eius
936 1141 1160 1225 conjudicibus
1172 1165 1231 1230 pro

105 1253 139 1310 te
164 1246 266 1310 latarn
283 1243 324 1309 de
345 1244 480 1310 fratrum
505 1253 689 1313 nostrorum
712 1247 846 1313 consilio
871 1246 1022 1314 duximus
1046 1249 1233 1315 confirman-

105 1353 194 1419 dam.
214 1353 301 1417 Nulli
317 1373 396 1436 ergo
412 1355 541 1420 omnino
558 1355 721 1420 bominum
739 1355 835 1420 liceat
851 1355 934 1426 hanc
951 1357 1106 1440 paginam
1122 1365 1233 1424 nostre

105 1460 362 1526 confirmationis
378 1459 555 1545 infringere
573 1467 633 1526 etc.
650 1461 683 1526 Si
699 1461 773 1543 quis
789 1469 897 1527 auteur
915 1467 976 1526 ete.
1003 1464 1123 1528 Datum
1140 1465 1231 1530 Late·

106 1567 180 1631 rani
195 1565 302 1631 XIIII.
329 1565 490 1633 kalendas
506 1567 646 1652 Aprilis,
664 1567 872 1634 Pontificatus
899 1569 999 1634 nostri
1026 1590 1111 1634 anno
1129 1579 1231 1637 sexto-

105 1673 246 1738 decimo.

459 1803 588 1867 (Tholnor
600 1803 638 1852 ld.
649 1819 684 1854 ιιι.
698 1805 719 1852 1.
734 1804 791 1854 kur.
804 1805 847 1852 46.
860 1798 890 1870 l.)

543 2099 799 2109 mm

159 2767 205 2831 11.
226 2769 333 2833 Brrdw
349 2767 457 2854 kirdly
474 2769 654 2856 odomdopu
672 2769 778 2836 Mislru
794 2792 891 2834 eomes
907 2773 1062 2834 uramara.
1082 2769 1179 2834 1214.

217 2961 401 3029 innomine
423 2965 541 3029 Sancte
557 2964 725 3030 Trinitatis
752 2971 784 3030 et
805 2965 976 3030 Indiuidua
992 2963 1145 3029 Unitatis.
1172 2963 1234 3028 An·

108 3069 206 3134 dreas
223 3069 285 3133 Dei
301 3067 414 3152 gracia
429 3067 606 3153 Hungaric,
624 3069 804 3152 Dalmaeie,
816 3069 960 3151 Croaoie,
980 3071 1093 3150 Rama
1110 3067 1234 3146 Seruio,

109 3175 251 3241 Gallicis
266 3175 520 3260 Lodomerieque
537 3177 606 3242 Rex
622 3175 657 3239 in
674 3183 871 3261 perpetuum.
898 3175 978 3239 Cum
993 3173 1095 3257 Regio
1111 3175 1235 3240 Sereni-

106 3283 188 3349 tatis
214 3283 458 3367 magnificencia
484 3285 577 3348 iuxta
591 3303 721 3350 suorum
746 3283 863 3347 merita
879 3281 1019 3347 uberiori
1044 3279 1162 3348 debeat
1176 3280 1234 3346 dil-

109 3389 212 3455 fluere
228 3390 351 3473 gracia,
368 3391 503 3455 interest
520 3397 551 3454 et
568 3389 701 3472 salutis,
728 3391 762 3454 in
779 3388 1061 3455 benemeritorum
1080 3385 1234 3454 laudibus

109 3515 209 3561 manu
226 3498 324 3582 plena
341 3504 372 3562 et
388 3503 503 3581 aperta
518 3495 634 3579 Regali
652 3495 874 3562 munificencia
890 3515 1079 3579 assurgere,
1104 3496 1160 3577 qui
1175 3515 1234 3561 nec

109 3603 175 3669 sibi
190 3621 251 3670 nee
266 3603 334 3670 suis
349 3623 483 3689 parcere
500 3611 654 3686 querunt,
681 3602 740 3669 sed
756 3625 828 3669 curn
844 3605 935 3669 locus
952 3603 1088 3687 affuerit,
1109 3623 1167 3689 pro
1182 3603 1234 3669 de-

109 3717 191 3776 nota
201 3708 357 3776 fidelitate
368 3710 418 3775 sui
433 3710 603 3793 sanguinis
614 3710 878 3778 effusionemnon
894 3710 1079 3777 forruidant.
1097 3712 1167 3776 Hac
1178 3713 1237 3777 ita·

110 3836 175 3903 que
185 3817 452 3886 consideracione
468 3839 527 3886 nos
537 3817 822 3907 saboraliter(lgy)
834 3819 930 3904 ducti,
944 3820 986 3887 ob
1003 3819 1121 3886 eximie
1136 3819 1236 3887 fideli-

109 3925 190 3992 tatis
206 3926 400 4009 sernieium,
428 3927 514 4010 quod
530 3927 623 3994 nobis
640 3925 756 3994 Comes
772 3929 885 4012 Mysca
900 3935 993 4012 pater
1015 3928 1165 4011 Magistri
1180 3927 1237 3992 Sa·

111 4033 252 4100 lomonis
270 4033 424 4118 exhibuit,
452 4033 508 4117 qui
524 4041 598 4118 post
614 4033 831 4101 miserandam
848 4033 959 4099 cedem
976 4033 1094 4098 dilecte
1108 4052 1236 4100 consor-

109 4143 154 4208 tia
164 4147 275 4210 nostre
287 4159 346 4227 per
354 4139 461 4226 inpios
477 4140 703 4226 inpiefactam,
716 4140 817 4206 lilium
833 4145 977 4206 nostrum
987 4139 1068 4203 Bela
1078 4140 1111 4204 in
1124 4145 1237 4205 nostra

112 4247 323 4314 desolacione
340 4246 381 4312 de
395 4247 500 4314 latere
515 4255 626 4314 nostro
644 4247 838 4333 assumpsit,
856 4265 950 4330 quem
967 4247 1138 4312 tenerrime
1160 4243 1236 4310 edu-

112 4354 210 4439 cauit,
229 4359 262 4418 et
276 4373 348 4420 curn
364 4354 535 4437 noluimus,
562 4355 678 4420 mirum
693 4356 727 4419 in
743 4353 873 4420 modum
889 4353 969 4419 mire
986 4353 1152 4420 fidelitatis
1169 4353 1237 4435 glo-

112 4461 199 4526 riose
216 4459 398 4546 educatum,
423 4461 479 4544 qni
494 4461 644 4544 quamuis
660 4467 798 4547 poterat,
818 4466 928 4527 tamen
945 4481 1009 4528 non
1025 4461 1175 4543 excessit,
1193 4457 1236 4526 ad

5 4649 6 4652 Ἴ
111 4567 220 4640 sinum
245 4572 357 4634 nostre
381 4567 589 4654 paternitatis
615 4568 818 4656 deportabit3
845 4569 879 4635 in
898 4567 1236 4656 recompensacionem
