3200 5182
374 1123 423 1190 Aa
439 1127 507 1210 apri
522 1125 679 1210 kaiptalan
695 1125 876 1211 diaoayitja,
893 1124 973 1210 hopy
989 1127 1099 1188 latoria
1122 1123 1311 1210 Bopotdaok
1319 1124 1372 1208 fia
1389 1125 1421 1186 ds
1437 1133 1503 1187 test-

373 1233 456 1297 vdrei
481 1255 502 1296 a
519 1233 800 1319 Bopad-Raduom'
825 1231 1052 1318 aamzctadpbdl,
1079 1232 1252 1296 Kaaoaboa
1277 1237 1308 1297 e's
1331 1230 1503 1295 Lunclrbnn

375 1340 443 1404 leod
466 1340 748 1404 birtokreszeilcaek
772 1339 955 1426 talajdoadt
970 1361 1157 1426 appanowa
1183 1339 1414 1424 aemaatadpaelc
1439 1342 1505 1401 auda

551 1446 654 1533 dpbelt'
672 1449 748 1534 Moy
765 1447 892 1514 Sdador
899 1449 991 1533 fia'ra
1007 1448 1208 1512 dtmtddztdk.
1229 1447 1325 1510 1227.

477 1645 546 1710 Nos
563 1645 717 1711 Nicolaus
742 1643 783 1710 de
802 1645 892 1710 Gara
906 1643 1012 1728 Regni
1028 1642 1197 1726 Huugarie
1212 1641 1382 1706 Palatinus
1403 1646 1434 1704 61
1450 1641 1502 1706 Ju-

373 1753 435 1819 dex
447 1751 664 1820 Cumanorum
674 1753 735 1819 sth.
747 1751 921 1835 Noveritis,
934 1752 1105 1836 quodcum
1116 1753 1245 1817 Marcus
1256 1751 1501 1831 filiusMathyus

371 1860 412 1926 de
427 1863 516 1945 Isyp,
533 1865 564 1924 et
580 1858 733 1928 Nicolaus
744 1856 785 1923 de
802 1857 900 1924 Chele
915 1879 1012 1943 super
1029 1858 1116 1924 facto
1128 1858 1263 1924 duarum
1273 1856 1420 1942 parcium
1433 1877 1500 1940 pos·

371 1969 549 2036 sessionum
566 1968 688 2050 hunch,
705 1967 884 2050 Meggyeao
900 1973 933 2032 et
948 1965 1049 2049 Zada,
1083 1967 1160 2033 item
1177 1967 1351 2032 medietate
1376 1985 1500 2051 posscs-

370 2076 496 2142 sionum
521 2075 702 2159 Nogkanon
722 2081 754 2140 et
769 2075 861 2138 Lazh
878 2080 1068 2140 vocatarum
1096 2074 1129 2138 in
1146 2073 1307 2140 comitatu
1332 2074 1500 2156 Zemlyny·

372 2183 440 2249 ensi
457 2181 543 2270 (lgy)
565 2181 776 2248 existencium
792 2181 984 2264 Magistrum
996 2184 1127 2247 Petrum
1144 2179 1245 2246 lilium
1259 2178 1442 2264 Mychaelis
1460 2179 1499 2244 de

372 2289 465 2372 Dob;
484 2289 562 2354 item
578 2289 665 2354 idem
681 2289 816 2355 Markus
827 2327 870 2335 —
881 2326 924 2336 -
936 2327 979 2336 -
996 2287 1187 2372 Magistrum
1202 2289 1344 2370 Petrum,
1361 2307 1498 2354 necnon

370 2396 575 2480 Mychaelem
591 2395 691 2459 filium
709 2396 879 2479 Johannis,
904 2396 1063 2462 Thomam
1082 2395 1184 2462 lilium
1199 2395 1367 2480 Stephani,
1394 2393 1498 2460 6116-

369 2501 512 2569 dislaum
537 2503 638 2568 filium
655 2501 805 2569 Ladislai
821 2523 919 2589 super
936 2504 1023 2572 facto
1042 2503 1142 2570 tercie
1162 2503 1265 2590 partis
1280 2500 1496 2589 possessionis

368 2610 515 2706 llyhaly,
541 2613 686 2697 Monyak
702 2651 746 2658 —
761 2651 805 2660 —
824 2619 855 2678 et
870 2649 914 2661 —-
930 2619 1120 2682 vocatarum
1147 2613 1180 2678 in
1209 2611 1321 2677 ecdem
1338 2609 1494 2676 Comitatu

368 2703 598 2802 Zemlynyensi
623 2719 836 2786 existencium
862 2717 975 2805 (1404.
995 2718 1060 2805 ,ad
1088 2725 1223 2786 octauas
1240 2717 1493 2803 Epiphaniarum

368 2825 520 2892 Domini“
538 2827 636 2911 perbe
652 2825 778 2910 idtztc3
805 2847 821 2892 s
837 2845 914 2892 enen
931 2827 1064 2911 hgynek
1087 2827 1283 2910 ttrgyalasa
1308 2826 1387 2892 tubb
1404 2825 1492 2890 laben

369 2932 736 3017 elhalasntatottvolna;
761 2935 856 3000 1409.
869 2932 1004 3019 „Budae
1019 2933 1225 3018 sexagesimo
1240 2930 1294 2999 die
1309 2938 1492 2998 octavarum

370 3040 446 3108 festi
461 3041 555 3108 Beati
570 3040 740 3108 Michaelis
751 3041 969 3124 Archangeli“
987 3062 1026 3108 az
1042 3051 1108 3126 tigy
1119 3039 1426 3126 tdrvtnykenesileg
1441 3038 1492 3104 lel-

367 3152 511 3232 vetetett,
529 3147 616 3213 chi
637 3149 733 3214 Peter
749 3151 769 3215 8
785 3149 944 3233 okmtnyt
959 3147 1020 3214 hoa
1036 3147 1098 3232 fel,
1122 3145 1319 3232 ndvszcrint)
1337 3145 1420 3212 duas
1437 3145 1491 3210 Ca·

367 3257 463 3342 pituli
479 3257 660 3340 agriensis,
684 3278 781 3323 unam
807 3278 893 3324 anno
916 3257 1048 3323 Domini
1075 3255 1246 3322 millesimo
1273 3253 1491 3319 ducentesimo

366 3363 524 3448 vigesimo
543 3363 693 3451 septimo,
720 3370 752 3429 ct
768 3365 869 3430 aliam
893 3386 978 3432 anno
999 3364 1129 3430 Domini
1145 3363 1316 3429 millesimo
1342 3367 1492 3428 temente-

368 3472 449 3538 simo
467 3473 673 3555 sexagesimo
698 3478 789 3538 sexto
806 3471 868 3537 stb.
886 3510 930 3518 —
946 3511 989 3518 —
1006 3472 1150 3550 Quarum
1166 3471 1296 3554 quidem
1312 3471 1492 3537 litterarum

365 3577 483 3662 prefati
494 3577 636 3662 Capituli
648 3579 817 3662 Agriensis
827 3579 934 3664 prima
952 3601 1011 3664 per
1021 3580 1220 3664 Stephanum
1240 3578 1343 3644 filium
1353 3577 1491 3659 Bagam,

364 3684 451 3749 Zech
467 3690 499 3749 et
515 3686 685 3768 Pongrach
710 3685 793 3752 filios
810 3686 920 3772 Chele,
937 3688 1106 3752 Albertum
1130 3688 1230 3753 filium
1250 3685 1357 3771 Ipolth
1383 3685 1425 3750 de
1441 3703 1492 3766 ge·

362 3809 440 3856 nere
454 3790 731 3875 Bogad-Radwan
757 3794 799 3858 ah
815 3815 879 3859 vna
896 3799 999 3879 parte,
1024 3794 1067 3859 ab
1084 3795 1189 3859 altera
1205 3813 1281 3860 vero
1298 3793 1375 3874 llog
1391 3789 1493 3856 filium

361 3897 540 3963 Alexandri
557 3898 597 3963 de
625 3898 739 3965 eodem
755 3921 874 3983 genere
890 3901 932 3966 ab
948 3901 1015 3966 alia
1038 3900 1152 3967 fronde
1168 3921 1277 3968 coram
1293 3899 1381 3966 dieto
1400 3897 1493 3984 Capi·

361 4007 429 4072 tulo
441 4003 593 4089 Agriensi
610 4007 842 4093 comparuisse,
864 4013 895 4072 61
910 4007 1017 4094 ipsum
1029 4008 1229 4093 Stephanum
1240 4003 1406 4091 prefatum
1415 4007 1492 4087 hlog

360 4113 460 4179 filium
478 4113 658 4180 Alexandri
687 4120 819 4199 propter
844 4134 976 4180 causam
995 4112 1225 4196 acquisicionis
1250 4110 1363 4178 mortis
1382 4111 1489 4196 Fylke

359 4218 471 4285 fratris
496 4220 547 4286 sui
572 4221 635 4286 sibi
654 4221 686 4285 in
712 4219 902 4286 societatem
928 4221 1122 4306 suscepisse,
1150 4220 1191 4285 de
1215 4217 1491 4304 porcionibusque

361 4326 450 4412 Ohyn
474 4327 532 4412 filij
550 4327 695 4412 Chepau,
721 4327 776 4412 qui
793 4349 852 4412 pro
877 4333 979 4392 morte
1005 4327 1118 4393 fratris
1144 4327 1193 4393 sui
1209 4326 1328 4393 Philke
1351 4326 1491 4412 predicti

359 4435 418 4517 filij
437 4434 536 4516 Logia
561 4435 677 4500 ordine
693 4435 726 4499 in
742 4433 851 4502 duello
879 4435 1097 4521 devenissent,
1125 4444 1243 4502 terram
1260 4435 1373 4500 Kazon
1388 4455 1490 4503 -voca-

357 4546 424 4605 tam
440 4560 512 4606 eum
528 4543 677 4607 omnihus
700 4541 898 4610 utilitatibus
915 4544 982 4610 suis
999 4545 1159 4610 iacentem
1185 4551 1218 4610 et
1233 4545 1388 4609 situatam
1413 4563 1486 4609 cum

358 4646 452 4712 metis
469 4646 560 4712 iuxta
575 4648 724 4736 Berothe,
752 4655 783 4713 et
799 4657 925 4739 partem
939 4658 1023 4722 terre
1039 4651 1149 4718 Lunch
1167 4670 1280 4718 versus
1307 4652 1486 4719 cruciferos
