3202 5190
612 369 765 473 Α

121 571 249 655 caligas
266 575 297 636 et
315 567 474 651 sandalia,
494 566 647 634 amictum
663 576 696 635 et
711 569 830 652 albam,
848 567 1014 654 cingulum
1026 576 1057 636 et
1074 572 1254 641 succincto-

120 681 216 762 rium,
235 679 376 746 crarinm
392 683 423 741 et
439 676 659 760 manipulum,
685 677 828 744 tunicam
844 683 877 742 et
894 677 1123 764 dalmaticam,
1150 681 1254 748 ehiro-

120 787 234 852 thecas
249 793 283 853 et
298 783 464 866 annulum,
484 783 650 867 planetam
667 789 700 850 et
716 784 857 851 mitram.
882 784 1023 851 Pallium
1039 805 1115 854 vero
1132 807 1190 873 por
1209 787 1252 854 di-

119 895 241 959 lectum
256 892 366 976 lilium,
383 894 541 960 Joannem
551 943 560 978 ,
578 891 790 978 Gapcllanum
807 898 955 960 nostrum
965 944 974 978 ,
1003 899 1102 962 antea
1123 897 1252 962 misera·

119 1019 203 1066 mus.
230 1002 273 1066 st
297 1000 373 1067 licet
388 1002 553 1068 Romanus
569 1000 720 1068 Pontifex
744 1021 808 1068 non
824 1006 933 1070 utatur
949 1001 1065 1070 baculo
1081 1003 1252 1090 pastorali,

118 1117 187 1174 tum
204 1114 339 1193 propter
355 1108 566 1194 historicam,
592 1115 660 1176 tum
680 1109 779 1178 etiem
804 1115 937 1196 propter
957 1111 1129 1196 mysticam
1152 1111 1251 1179 ratio·

117 1235 204 1300 nem,
222 1216 311 1300 quod
326 1216 412 1282 idem
424 1214 620 1301 cardinalis,
639 1217 759 1285 cicuta
775 1217 871 1285 nobis
887 1219 1024 1304 accepit,
1042 1220 1162 1304 poterit
1177 1217 1249 1284 edo·

118 1324 206 1408 ceri;
232 1329 267 1389 tu
293 1333 401 1390 tamen
428 1324 471 1389 ad
498 1324 741 1394 similitudinem
768 1327 906 1394 aliorum
922 1325 1113 1394 Pontificum
1128 1325 1249 1414 poteris

117 1450 157 1496 eo
174 1431 233 1498 uti.
258 1432 390 1515 Datum,
411 1439 446 1498 ut
463 1451 572 1517 supra.

264 1629 366 1700 (Migne
380 1647 405 1686 u.
420 1649 443 1684 o.
458 1633 493 1686 ΙΙ.
508 1632 565 1687 tot.
578 1633 640 1686 282.
654 1633 685 1695 l.;
700 1632 817 1685 Theiner
830 1649 857 1689 u.
868 1651 891 1682 o.
908 1635 930 1683 Ι.
944 1633 1001 1686 lrdt.
1018 1633 1062 1688 se.
1075 1633 1104 1698 l.)

552 1941 809 1952 ...—-·—.--.------..¹

112 2607 304 2673 Joursru'tics
320 2631 340 2670 o
356 2603 506 2689 bolpsirot
522 2601 780 2689 urallcoddjdaulc
798 2605 972 2692 olcmdnpc,
996 2607 1140 2694 mclylyel
1157 2631 1178 2671 c
1194 2607 1242 2671 co'·

453 2717 519 2780 ms
533 2715 664 2781 szctnot
680 2715 780 2780 hotot.
807 2717 904 2781 1204.
1214 2715 1219 2724 '

224 2915 262 2979 ln
277 2910 535 2994 nominePatris,
552 2909 680 2994 etFilii,
697 2917 729 2977 et
738 2910 879 2996 Spiritus
890 2912 1010 2995 Sancti,
1027 2911 1143 2980 Amen.
1160 2911 1243 2978 Cum

112 3023 240 3109 placuit
257 3021 396 3088 Domino
412 3025 523 3086 nostro
540 3020 619 3086 Jesu
635 3017 775 3101 Christo,
801 3037 853 3084 me
870 3017 1036 3084 dominum
1051 3025 1083 3083 et
1098 3019 1240 3104 Impera-

111 3137 219 3199 torem
235 3129 334 3196 totius
345 3128 522 3212 Bulgariac
538 3133 571 3194 et
581 3125 715 3192 Blaciae
730 3125 848 3208 lacere,
866 3125 1019 3210 inquisivi
1035 3125 1239 3212 antiquorum

111 3243 300 3308 nostrorum
315 3237 494 3322 scripturas
510 3242 542 3302 et
558 3235 670 3319 libros,
688 3240 720 3300 ct
736 3233 852 3300 beatae
869 3234 1045 3302 memoriae
1065 3232 1241 3318 Imperato-
1345 3299 1348 3306 ,

110 3367 184 3416 rum
204 3351 387 3412 nostrorum
402 3344 691 3429 praedecessorum
708 3341 817 3425 leges,
842 3339 927 3408 unde
943 3339 1008 3425 ipsi
1031 3345 1240 3426 sumpserunt

111 3461 263 3544 Regnum
279 3456 495 3540 Balgarcrum
511 3457 543 3518 et
558 3451 794 3517 firmamentum
810 3447 994 3533 Imperiale,
1021 3467 1174 3515 coronam
1190 3468 1240 3515 su-

111 3587 172 3656 per
189 3573 288 3651 caput
303 3583 415 3631 eorum
432 3568 464 3628 ct
479 3557 737 3626 Patriarohalem
755 3555 1031 3640 beuedictionem;
1057 3561 1089 3622 et
1105 3555 1238 3642 diligen-

110 3687 163 3746 ter
178 3677 431 3761 perscrutantes,
448 3672 482 3736 in
498 3688 609 3736 eorum
625 3666 807 3732 invenimus
819 3665 1000 3751 scripturis,
1018 3663 1105 3749 quod
1123 3664 1240 3731 beatae

112 3783 291 3853 memoriae
304 3781 354 3847 illi
370 3782 589 3866 Imperatores
605 3775 821 3859 Bulgarorum
838 3781 870 3840 et
886 3774 1078 3856 Blacornm,
1099 3771 1239 3857 Simeon,

112 3895 232 3959 Petrus
249 3897 282 3957 et
296 3889 447 3970 Samuel,
474 3893 507 3952 et
522 3883 625 3951 nostri
641 3883 920 3968 praedecessores,
938 3901 1092 3950 eoronam
1109 3879 1241 3965 Imperii

112 4019 236 4082 corum,
254 4005 287 4066 et
301 3995 559 4064 Patriarchalem
576 3990 835 4059 benedictionem
850 3993 1047 4076 acceperunt
1063 4008 1083 4053 a
1099 3987 1241 4054 Sanctis·

111 4113 199 4178 sima
215 4109 279 4175 Dei
295 4109 444 4175 Romana
462 4102 630 4186 Ecclesia,
657 4107 688 4169 et
704 4101 746 4166 ab
762 4099 953 4185 Apostolica
966 4097 1069 4179 Sede,
1095 4093 1241 4179 principe

113 4216 346 4303 Apostolorum
357 4215 463 4280 Petro.
481 4212 547 4280 Sed
557 4208 733 4295 Imperium
743 4227 848 4273 meum
858 4206 962 4272 voluit
970 4201 1240 4283 benedictionem,

114 4333 147 4394 et
162 4323 340 4409 imperiale
363 4321 600 4386 firmamentum
626 4335 765 4384 coronae
790 4313 908 4399 capitis
927 4309 1059 4396 Imperii
1075 4308 1126 4375 sui
1141 4306 1240 4374 susci·

111 4451 189 4519 perc
201 4481 210 4514 ,
236 4435 269 4495 et
284 4427 540 4496 Patriarohalem
568 4421 824 4490 benedictionem
848 4419 891 4483 ab
915 4415 1065 4484 Ecclesia
1080 4417 1239 4496 Romana,

112 4542 156 4607 ab
172 4538 387 4624 Apostolicac
411 4535 505 4602 Sedis
521 4531 668 4620 principe
684 4528 915 4616 Apostolorum
931 4525 1044 4608 Petro,
1070 4528 1102 4588 et
1124 4524 1236 4589 aSan·

111 4648 257 4718 ctissimo
273 4645 370 4714 Patre
387 4649 517 4728 nostro,
544 4637 723 4709 universali
738 4637 841 4723 Papa,
862 4633 957 4700 tertio
974 4629 1171 4700 Innocentio.
1198 4627 1240 4701 Et
