3200 5182
890 310 1040 412 Q

394 505 524 574 Domini
540 503 799 583 M⁰CO⁰XX⁶Vf
825 508 948 572 Datum
965 528 1024 592 per
1050 529 1166 574 uranus
1183 509 1332 590 Magistri
1355 509 1512 574 Benedicti

392 615 539 682 hectoris
553 613 792 698 Strigoniensis.

776 779 815 842 A.
885 779 921 843 B.
992 779 1026 844 Ο.
1096 781 1135 843 D.

548 972 597 1040 (Ae
612 975 711 1026 eredeti
725 971 807 1038 ntdn;
822 977 916 1027 Knanz
932 979 1047 1042 Magyar
1060 977 1123 1027 Sion
1137 977 1172 1026 11.
1188 977 1242 1027 ket.
1259 979 1320 1027 214.
1335 977 1364 1040 Ι.)

821 1279 1089 1292 *—

920 1743 997 1810 272.

391 1925 618 1991 Akerenztrsek
628 1926 810 2010 eazterqarm'
824 1924 1048 2008 kenventjeoek
1059 1924 1330 2010 bizoaprdpleoede,
1343 1925 1452 2010 troppo
1469 1927 1510 1989 bo·

392 2035 438 2100 tar·
453 2031 583 2096 lakoeok
598 2055 618 2094 a
630 2055 692 2116 per
704 2027 894 2114 mepkezddee
910 2029 982 2094 azoer
993 2031 1172 2097 beirrrertdlc
1190 2053 1229 2096 az
1244 2033 1428 2116 eszterpumi
1440 2033 1509 2115 kop-

391 2139 546 2205 tolunuak
556 2138 768 2224 hntdrjukbarr
780 2139 890 2202 ierom
901 2139 1012 2224 eire'rryr'
1020 2137 1128 2223 foldet
1139 2141 1289 2224 tdrqyozo'
1296 2143 1402 2225 Ιφὀριίί.
1421 2140 1508 2201 1225.

499 2334 660 2413 Quoniam
675 2333 786 2399 labilis
811 2339 862 2399 est
877 2333 1043 2401 hominum
1071 2333 1225 2400 memoria
1241 2341 1273 2400 et
1293 2353 1399 2399 rerum
1423 2333 1507 2398 turbe

390 2465 454 2510 non
469 2442 608 2524 suffieit5
625 2440 731 2507 solent
746 2457 877 2528 eaque
894 2439 977 2506 inter
992 2441 1139 2507 homines
1156 2441 1226 2507 siue
1243 2442 1275 2506 in
1292 2441 1425 2525 iudicio,
1446 2441 1507 2504 siue

382 2559 482 2618 extra
505 2546 657 2613 iudicium
674 2543 818 2628 legitime
834 2554 1000 2630 geruntur,
1025 2547 1206 2614 litterarum
1229 2549 1416 2614 testimonio
1432 2567 1505 2611 com·

390 2656 537 2726 mendari
553 2662 586 2720 et
600 2653 761 2738 scripture
779 2655 936 2719 memoria
952 2656 1158 2739 perhennari.
1176 2653 1258 2721 Hine
1274 2663 1334 2738 est,
1352 2653 1439 2737 quod
1453 2672 1505 2735 ego

388 2763 600 2832 Herbrandus
615 2763 773 2846 Magister
797 2762 978 2847 Hospitalis
1004 2765 1127 2830 Domus
1143 2765 1254 2830 Sancti
1279 2763 1439 2848 Stephani
1455 2765 1504 2827 Re

388 2877 439 2962 gis
456 2875 622 2958 Hungarie
638 2872 680 2938 de
695 2872 871 2955 Strigonio,
899 2873 1027 2954 meique
1043 2871 1177 2958 fratres,
1203 2872 1356 2938 videlieet
1371 2869 1505 2936 Homeri·

387 3005 443 3050 ons
468 2984 630 3064 Deoanus,
656 2979 849 3047 Visontinus
872 2977 1001 3063 Custos,
1027 2979 1189 3066 Thomas,
1217 2989 1249 3046 et
1272 2980 1371 3045 ceteri
1396 2979 1505 3044 fratres

388 3091 531 3158 eiusdem
548 3091 682 3172 Domus,
701 3095 769 3154 tarn
786 3087 905 3170 elerici,
932 3107 1029 3171 quam
1045 3087 1143 3172 laioy,
1162 3088 1204 3153 ad
1220 3088 1443 3153 uniuersorum
1460 3105 1506 3149 no-

386 3201 495 3265 ticiam
512 3199 660 3265 uolumus
672 3195 855 3281 peruenire,
872 3194 958 3276 quod
969 3195 1152 3261 constitutis
1169 3195 1202 3260 in
1214 3197 1385 3280 presencia
1400 3201 1506 3260 nostra

385 3305 571 3390 Canonioys
596 3303 876 3388 Strigoniensibus
902 3303 944 3367 ab
962 3324 1027 3368 rna
1042 3309 1154 3389 parte;
1177 3304 1358 3370 hominibus
1374 3305 1415 3369 de
1432 3303 1505 3368 uilla

384 3413 473 3495 Bela,
500 3411 651 3478 videlieet
666 3409 790 3495 Bodun,
808 3409 941 3494 Chefun,
970 3409 1061 3495 ciba,
1079 3413 1201 3498 Topsa,
1227 3410 1349 3496 Ylario,
1368 3413 1504 3488 Donons,

250 3504 256 3518 ’
384 3519 478 3585 (iude
495 3527 528 3584 et
542 3519 636 3604 Both,
654 3539 713 3604 pro
731 3525 801 3584 tota
824 3517 939 3584 eadem
955 3519 1043 3602 villa,
1059 3520 1103 3584 ab
1120 3520 1245 3604 altera,
1272 3526 1505 3604 proposuerunt

383 3627 460 3692 dieti
476 3625 632 3708 homines,
649 3626 737 3707 quod
754 3646 825 3691 eum
842 3625 921 3691 dieti
938 3625 1094 3692 Canoniei
1109 3632 1229 3692 terram
1247 3626 1290 3692 ad
1305 3627 1370 3692 tria
1389 3633 1504 3704 aratra,

382 3753 479 3818 quam
495 3733 528 3798 in
544 3732 625 3798 villa
641 3733 784 3818 ipsorum
801 3734 985 3818 habebant,
1012 3734 1055 3798 ab
1072 3733 1154 3820 ipsis
1178 3741 1370 3818 repeterent,
1396 3741 1429 3798 et
1444 3732 1502 3818 ipsi

381 3842 561 3908 inficiantes
588 3841 724 3907 eandem
755 3841 891 3906 reddere
915 3840 1180 3924 dissimularent3
1212 3839 1371 3906 Canoniei
1396 3841 1503 3905 ordine

379 3950 551 4018 iudiciario
569 3951 690 4016 dietam
715 3957 835 4016 terram
861 3949 904 4014 ab
921 3949 1000 4033 ipsis
1017 3949 1181 4032 requirere
1208 3949 1430 4014 intendebant.
1457 3947 1503 4012 Vi-

380 4059 493 4126 dentes
519 4058 619 4142 igitur
635 4057 707 4143 ipsi,
734 4056 822 4139 quod
837 4063 962 4122 tanturn
987 4057 1038 4122 ius
1055 4057 1202 4122 Eoolesie
1226 4055 1320 4122 Beati
1336 4053 1500 4120 Adalberti

378 4167 501 4248 absque
529 4183 647 4249 magno
672 4165 723 4230 sui
738 4163 881 4248 dampno
900 4169 932 4228 et
952 4163 1130 4228 animarum
1156 4183 1288 4229 suarum
1313 4165 1407 4245 gravi
1425 4161 1501 4247 peri·

378 4274 450 4340 eulo
467 4274 574 4338 celare
593 4289 657 4337 non
673 4276 815 4355 possent,
843 4277 1099 4354 reeognouerunt
1125 4275 1201 4335 ante
1216 4270 1283 4335 litis
1309 4270 1499 4362 ingressum,

376 4381 512 4446 eandem
528 4377 709 4445 Eoelesiam
725 4379 985 4444 habere'terram
998 4377 1042 4445 ad
1058 4379 1122 4444 trie
1138 4387 1249 4445 aratra
1274 4378 1307 4442 in
1324 4377 1404 4442 villa
1419 4379 1499 4461 ipso·

374 4509 454 4574 rum,
472 4495 579 4575 preter
594 4495 714 4553 terram
730 4485 774 4552 ad
790 4507 888 4554 vnum
908 4494 1053 4553 aratrum
1069 4487 1103 4552 in
1119 4485 1236 4554 eadem
1253 4485 1343 4570 villa,
1369 4500 1498 4568 quana

373 4592 493 4662 Oosma
516 4595 583 4661 filio
601 4594 735 4661 Comitis
750 4595 932 4680 PaschasiJ,
959 4596 1065 4662 eidem
1082 4595 1228 4662 Eeolesie
1252 4595 1329 4660 olim
1349 4593 1496 4660 dicebant
