3200 5182
588 312 742 413 445-9-

90 517 157 593 tas‚
172 517 320 577 mortuas
335 507 546 576 reddiderunt
562 515 595 575 ct
610 509 735 592 inanes,
752 509 782 574 si
799 528 952 593 umquam
968 509 1002 576 in
1019 509 1125 576 lucem
1141 507 1229 574 exhi·

92 619 268 700 bereutur5
285 617 346 683 hoc
361 623 472 684 tamen
488 637 553 684 nou
572 617 724 701 obmisso,
742 616 869 703 quodsi
883 637 948 701 qua
963 617 1110 703 parcium
1125 636 1146 682 a
1161 637 1226 684 mo·

93 726 139 793 do
152 728 366 813 imposterum
381 726 527 810 aliquam
543 725 729 814 porcionem
739 745 832 792 snam
848 725 882 792 in
897 725 1123 810 prenominata
1142 730 1229 792 terra

96 835 248 903 habitam
263 833 405 904 vendere
421 841 454 901 et
470 836 615 902 alienare
630 837 798 920 niteretur,
818 842 874 902 aut
889 837 956 903 litis
973 836 1142 902 materiam
1157 853 1228 920 pro

96 963 232 1011 mouere
248 949 467 1030 attemptaret,
484 945 538 1010 uel
554 943 679 1028 aliquid
698 945 930 1030 premissorum
945 965 1009 1011 non
1028 941 1229 1028 acceptando

95 1062 280 1136 reuocaret,
307 1060 364 1120 aut
379 1058 494 1120 contra
508 1051 542 1118 id
557 1060 679 1120 temere
705 1053 831 1119 ueniret
858 1055 892 1119 in
915 1051 1131 1138 preiudicium
1150 1050 1232 1118 alte·

95 1161 168 1227 rius
194 1159 309 1246 partis,
333 1158 478 1245 quelibet
491 1160 663 1245 porciones
688 1161 766 1227 talis
790 1161 893 1247 partis
920 1160 1045 1244 absque
1064 1159 1132 1226 litis
1157 1178 1229 1243 prc-

98 1288 197 1335 cessu
233 1270 267 1334 in
293 1269 351 1354 jus
385 1269 520 1336 alterius
554 1270 716 1356 premissa
750 1269 956 1338 obseruantis
980 1268 1232 1336 deuoluerentur

98 1383 260 1463 perpetuo
276 1376 492 1462 possidende;
517 1383 551 1444 et
566 1377 700 1464 iusuper
713 1379 791 1446 talis
805 1397 883 1465 pars
909 1377 1058 1445 conuicta
1073 1376 1232 1442 ducentas

99 1503 231 1550 marcas
247 1483 376 1568 argenti
401 1485 489 1570 parti
505 1487 589 1552 hanc
614 1486 888 1573 composicionem
913 1487 984 1553 siue
998 1505 1115 1572 pacem
1139 1482 1232 1550 tolle-

98 1590 188 1658 ranti
203 1591 331 1657 soluere
346 1596 509 1659 teneretur
524 1613 562 1660 ec
578 1593 676 1662 facto.
703 1593 755 1661 Ad
770 1613 832 1678 que
853 1593 963 1662 omnia
981 1592 1144 1679 premissa
1158 1607 1232 1657 sese

100 1705 133 1765 ct
149 1699 317 1785 proximos
341 1701 485 1788 ipsorum
501 1703 655 1770 absentes
678 1702 886 1788 presentibus
906 1701 1135 1794 obligauerunt
1159 1719 1232 1786 pro·

101 1807 178 1894 pria
193 1827 254 1874 sua
270 1810 438 1877 uoluntate
462 1829 571 1878 coram
587 1810 719 1890 domino
734 1812 824 1896 Rege
840 1815 873 1875 et
888 1808 992 1877 uobis.
1018 1809 1137 1875 Verum
1152 1805 1231 1890 qnia

101 1916 272 1998 quantitas
289 1924 374 1983 terre
400 1917 467 1984 iam
483 1917 568 1986 dicte
583 1919 627 1985 ad
642 1919 775 2005 plenum
790 1915 884 1984 nobis
900 1937 966 1985 nou
980 1914 1162 1998 constabat,
1178 1933 1232 1981 no-

102 2024 203 2090 bilem
220 2023 326 2091 virum
341 2025 476 2094 Zochud
492 2026 651 2094 Comitem
668 2026 711 2092 ad
733 2026 852 2093 faciem
868 2025 1014 2093 eiusdem
1038 2029 1123 2091 terre
1137 2022 1233 2090 desti·

103 2131 265 2216 nauimus;
282 2133 339 2215 qui
354 2141 481 2219 partem
497 2133 638 2202 filiorum
654 2135 763 2221 Woyk
784 2133 977 2200 auctoritate
995 2133 1117 2201 domini
1132 2130 1233 2215 Regis

103 2241 138 2307 iu
156 2239 292 2327 propria
306 2241 400 2308 nouis
416 2244 511 2310 metis
528 2243 697 2328 separauit
712 2243 754 2310 ab
775 2243 842 2309 alia
856 2246 951 2328 parte
963 2249 1047 2309 terre
1062 2243 1233 2327 separaret

104 2357 137 2416 ct
152 2350 361 2436 generacioni
377 2351 483 2436 Woyls
501 2352 665 2439 sepedicte
681 2351 877 2438 assignaret
904 2350 997 2419 Vnde
1010 2349 1097 2416 idem
1114 2346 1157 2414 ad
1172 2365 1232 2414 nos

105 2457 236 2524 rediens
253 2457 359 2523 dixit:
388 2459 474 2544 quod
492 2479 600 2528 coram
621 2460 853 2527 commetaneis
869 2465 902 2525 et
916 2457 1033 2525 vicinis
1058 2454 1233 2524 eorundem

105 2567 387 2634 circumstantiam
411 2575 495 2634 terre
511 2589 568 2634 seu
592 2568 671 2636 ville
686 2568 874 2652 Kerezthryr
895 2567 962 2634 iam
984 2565 1159 2646 nominate,
1184 2581 1232 2631 se·

105 2674 244 2741 cundum
261 2675 347 2760 quod
362 2695 420 2762 per
432 2676 522 2761 ipsos
536 2676 643 2743 suerat
659 2675 808 2757 limitata,
820 2673 1045 2756 reambulauit,
1063 2679 1095 2738 et
1110 2668 1234 2736 metali·

105 2791 156 2849 ter
171 2783 337 2868 separauit
353 2781 394 2848 ab
411 2783 479 2847 alia
493 2789 587 2868 parte
602 2789 696 2868 terre,
714 2789 902 2868 separatam
912 2781 1048 2867 pacifice
1065 2785 1098 2847 et
1113 2779 1232 2862 quiete,

106 2909 180 2955 cnm
195 2889 283 2955 uillis
300 2895 331 2954 et
356 2889 515 2957 libertinis
531 2890 881 2958 circumadiacentibus
898 2889 979 2976 ipsis
1000 2887 1089 2956 nullo
1110 2893 1234 2952 contra-

107 2998 232 3066 dictore
258 2999 451 3082 assignauit.
472 2998 573 3068 Cuius
598 3000 730 3085 quidem
745 3000 825 3068 crdo
842 3009 1010 3083 metarum,
1033 3003 1129 3085 prout
1147 2996 1234 3062 idem

107 3104 225 3173 Comes
241 3104 374 3171 Zochnd
390 3107 485 3172 nohis
501 3107 648 3192 partibus
659 3107 866 3196 presentibus
885 3106 1003 3193 retulit,
1021 3113 1054 3172 et
1068 3104 1102 3169 in
1117 3102 1234 3168 litteris

107 3211 254 3299 Capituli
279 3209 638 3299 Quinqneecclesiensis
663 3215 831 3301 rescriptis
857 3213 1014 3296 exhibuit,
1040 3213 1102 3279 hcc
1121 3208 1235 3278 ordine
1280 3209 1284 3220 '

107 3319 347 3403 distinguntur:
365 3319 525 3388 Videlicet
534 3322 620 3408 quod
636 3321 743 3408 prima
753 3327 841 3388 meta
855 3321 969 3406 incipit
986 3324 1022 3388 in
1037 3319 1136 3386 fluuio
1151 3318 1235 3402 'Pop-

106 3427 206 3510 licha,
233 3427 290 3494 uhi
316 3447 403 3512 aqua
418 3428 659 3496 Mechchencha
683 3429 772 3496 cadit
786 3431 821 3498 in
847 3428 980 3515 eodem;
1005 3435 1038 3496 et
1059 3426 1095 3494 in
1120 3423 1236 3491 eadem

108 3555 197 3622 aqua
211 3535 454 3602 Mechchencha
477 3536 581 3603 tendit
595 3538 628 3604 in
644 3537 742 3623 longo
758 3538 879 3624 spacio,
897 3537 1040 3623 peruerit
1055 3536 1099 3603 ad
1117 3534 1234 3618 locum,

108 3645 166 3709 ubi
181 3643 306 3712 riuulus
317 3643 445 3709 nomine
454 3643 557 3710 tha
566 3643 808 3711 Mechchencha
829 3645 931 3712 intrat
945 3645 980 3710 in
995 3644 1103 3730 ipsam
1118 3661 1236 3726 aquam

108 3749 402 3835 hicchchencham;
419 3750 537 3818 deinde
554 3751 588 3816 iu
604 3751 718 3819 ecdem
735 3753 839 3820 riuulo
850 3753 998 3820 ascendit
1013 3752 1047 3818 in
1063 3752 1148 3820 bono
1163 3768 1237 3836 spa-

110 3859 162 3926 cio
177 3858 213 3924 in
228 3857 349 3925 uallem
365 3858 409 3925 ad
425 3865 523 3944 caput
539 3859 634 3925 riuuli
644 3859 725 3926 Ztvh
742 3860 980 3926 blechchencha
999 3856 1180 3940 memorati,
1197 3854 1238 3921 de

110 3985 177 4050 qua
191 3965 280 4034 ualle
296 3967 417 4034 ibidem
433 3967 501 4034 exit
516 3987 630 4034 uersus
639 3975 766 4054 partem
782 3968 927 4053 orientis,
950 3975 983 4035 et
999 3967 1086 4034 cadit
1102 3969 1135 4034 in
1149 3966 1238 4030 111111

110 4093 213 4160 penes
230 4075 327 4143 uallis
343 4075 502 4161 originem
517 4075 702 4144 tendentem
715 4102 722 4161 3
740 4075 858 4142 abhinc
868 4095 926 4160 per
940 4075 1046 4160 ipsam
1063 4073 1152 4139 viam
1167 4090 1238 4159 pro·

111 4181 258 4267 greditur
283 4185 377 4268 quasi
395 4203 508 4251 versus
531 4191 658 4271 partem
681 4183 932 4269 septemtrionis,
959 4188 991 4248 ct
1006 4180 1181 4248 reflectitur
1203 4179 1238 4245 in

110 4293 197 4358 bono
214 4291 327 4378 spacio
343 4293 377 4358 in
393 4291 508 4358 cadem
519 4292 574 4358 via
588 4293 631 4358 ad
646 4298 774 4378 partem
784 4291 933 4357 dextram
948 4309 1061 4358 versus
1071 4289 1238 4372 ementem,

113 4401 262 4487 peruenit
287 4399 331 4467 ad
347 4401 480 4467 arbores
506 4400 648 4486 quinque
671 4399 724 4466 twl
741 4418 835 4465 cruce
861 4399 1018 4487 signatas,
1045 4399 1104 4466 sub
1121 4396 1239 4482 quibus

113 4505 203 4576 cadit
218 4507 252 4574 in
268 4507 368 4575 aliam
385 4509 472 4574 viam
488 4527 653 4593 magnam,
673 4525 734 4592 que
750 4507 839 4573 venit
855 4507 896 4574 de
911 4507 1039 4591 Pwker,
1057 4514 1089 4573 et
1104 4505 1169 4572 ista
1183 4503 1240 4570 uia

110 4635 171 4710 pro
188 4621 275 4685 meta
292 4616 447 4712 babetur5
463 4617 607 4715 indeper
621 4617 728 4714 ipsam
738 4619 826 4686 uiam
846 4637 998 4710 magnam
1014 4618 1048 4690 in
1061 4619 1150 4689 breui
1167 4633 1239 4708 spa-
