3268 5194
825 325 983 432 *er—

442 523 677 614 †Gomporevi
707 526 821 592 vineas
847 524 887 590 de
910 525 1108 612 Draganego
1133 526 1217 593 vites
1244 535 1277 594 et
1301 535 1387 595 terra
1412 549 1477 615 pro

335 635 385 700 XI
400 635 472 702 ooli.
489 641 523 700 et
537 634 553 700 Ι
569 635 678 701 modio
694 635 765 700 eale
790 653 848 720 pro
865 635 939 718 fine,
955 653 1065 701 eoram
1088 631 1192 721 Girgi,
1219 635 1405 720 Abraham,
1431 645 1468 703 et

337 741 461 809 eetnieo
479 742 673 809 Debrovito.

444 847 526 937 †nt
541 849 583 915 de
606 849 680 934 ipso
697 850 851 932 Drenego
875 850 1065 934 comparavi
1091 850 1160 918 elia
1174 858 1264 918 terra
1287 849 1468 918 Abreetani

337 977 396 1042 pro
412 958 428 1023 Ι
444 957 504 1024 eol.
521 965 554 1024 et
569 959 585 1023 Ι
600 959 672 1024 ovio
687 978 747 1042 pro
761 958 835 1041 fine,
852 977 962 1024 eorem
976 959 1127 1026 Semiano
1146 967 1180 1026 et
1195 959 1297 1044 Girgi.

444 1062 682 1152 †Gomporevi
708 1073 797 1132 terre
812 1063 968 1132 Gomuole
986 1067 1116 1132 Lonese
1132 1067 1225 1132 iuxta
1248 1087 1338 1134 mens
1362 1075 1469 1132 terras

338 1172 379 1237 de
395 1171 522 1238 Monizo
539 1192 599 1257 pro
610 1171 717 1238 medio
734 1174 795 1239 sol.
812 1179 845 1238 et
860 1175 874 1237 l
891 1191 993 1257 capre
1009 1193 1068 1257 pro
1085 1175 1158 1259 iine,
1176 1194 1286 1242 eorem
1302 1175 1368 1240 tilio
1384 1175 1470 1238 Dra·

339 1278 447 1360 gieeoi
463 1285 496 1343 et
511 1279 711 1364 Dregonego
728 1287 760 1346 et
775 1280 841 1346 filio
859 1278 1050 1346 Galendulo.

446 1383 471 1473 †
488 1387 529 1451 Et
544 1387 606 1452 emi
622 1394 711 1454 terro
726 1409 747 1454 a
763 1388 905 1455 Grubizo
921 1388 1064 1472 eurideo,
1080 1389 1257 1474 incipiente
1272 1389 1313 1454 de
1329 1389 1469 1456 Stilbizn

339 1513 441 1579 noque
457 1493 608 1560 deorsum
624 1496 668 1561 ad
691 1503 795 1562 terrae
812 1496 936 1564 Priorie
951 1496 1104 1580 Tragurii
1113 1547 1122 1580 ,
1147 1516 1256 1564 eoram
1274 1504 1386 1563 nostro
1402 1495 1469 1561 Ab·

340 1603 436 1685 bete,
463 1609 496 1668 et
511 1603 693 1688 presbitero
709 1604 847 1670 Paulino
871 1611 904 1670 et
919 1604 986 1671 tilio
1002 1603 1194 1688 Gelendulo,
1220 1612 1252 1671 et
1268 1604 1391 1671 anillo
1406 1625 1468 1688 pro

340 1709 388 1775 111
404 1729 522 1795 cepres
538 1717 570 1776 et
585 1711 601 1776 Ι
617 1710 724 1778 modio
741 1710 893 1777 frumenti
909 1731 967 1796 pro
984 1713 1057 1777 fine.

450 1815 532 1905 †nt
547 1819 611 1884 emi
627 1818 668 1884 de
684 1819 880 1888 consobrino
897 1839 956 1886 suo
972 1820 1060 1885 Zure
1083 1819 1215 1884 anrifieo
1241 1819 1362 1885 ibidem
1376 1818 1471 1883 iuxta

341 1947 414 1992 eum
431 1945 491 2012 pro
507 1928 523 1993 I
539 1927 647 1995 modio
672 1926 765 1994 ordei
779 1929 795 1993 Ι
811 1945 943 1994 eoseum
966 1947 1026 2012 pro
1041 1927 1116 2011 fine,
1141 1946 1250 1994 eorem
1269 1929 1470 2012 Draganego

341 2043 374 2100 et
388 2034 471 2100 Zuli.

449 2137 531 2227 †Et
546 2141 610 2206 emi
635 2142 732 2206 vinea
756 2140 799 2206 de
823 2141 992 2208 Dabrenoa
1016 2161 1144 2208 sursum
1168 2141 1261 2208 iuxta
1284 2141 1471 2224 Boledrugo

343 2267 403 2333 pro
421 2245 563 2312 1111s01.
580 2247 643 2312 etl
661 2248 768 2314 modio
785 2248 866 2314 selis
887 2269 946 2334 pro
963 2250 1026 2315 iine
1048 2269 1157 2315 eoram
1174 2248 1278 2332 Girgi.

449 2351 686 2440 †Gomperavi
710 2355 751 2422 de
776 2355 875 2422 fratre
906 2376 965 2423 sno
990 2358 1132 2423 Martino
1155 2356 1284 2422 vineam
1310 2363 1470 2439 quaeest

344 2459 474 2527 Asnrbo
490 2481 550 2546 pro
566 2464 581 2528 Ι
597 2461 657 2528 ool.
675 2470 707 2528 et
722 2462 738 2526 Ι
755 2462 863 2530 modio
879 2464 960 2531 salis
974 2485 1033 2549 pro
1050 2465 1114 2530 fine
1131 2483 1243 2531 eoram
1259 2463 1362 2548 Girgi.

453 2568 535 2658 †Bt
550 2571 614 2636 emi
630 2577 753 2637 terram
768 2593 789 2638 e
804 2573 938 2640 Pranizo
963 2593 1047 2658 quae
1061 2573 1121 2640 ruit
1137 2573 1211 2640 evio
1227 2591 1298 2638 meo
1314 2570 1471 2651 Mieheze,

345 2697 443 2764 qnam
468 2677 615 2744 vendidit
630 2698 711 2746 uxor
728 2679 818 2764 eiu13
845 2687 878 2746 et
892 2701 955 2765 ego
970 2681 1094 2748 redemi
1119 2701 1191 2748 eom
1217 2680 1260 2745 ab
1276 2679 1403 2746 illorum
1419 2697 1473 2742 ne-

344 2785 486 2872 potibus,
512 2787 567 2870 qni
584 2806 656 2852 eam
673 2795 963 2873 comparaverant3
989 2788 1142 2854 videlieet
1160 2789 1368 2854 eUraseana
1383 2793 1416 2850 et
1431 2784 1474 2849 de

345 2894 541 2962 consobrino
557 2895 627 2962 eius
643 2896 766 2980 Veloai,
792 2903 825 2962 et
840 2896 1005 2964 blichezza
1023 2897 1090 2964 filio
1106 2896 1221 2964 Jedrei
1240 2917 1299 2981 pro
1314 2895 1346 2959 X
1362 2894 1421 2960 ool.
1440 2899 1472 2957 et

345 3001 379 3066 ΙΙ
395 3001 544 3085 argentei
559 3009 658 3087 atque
673 3003 706 3068 11
723 3003 851 3088 galetas
862 3003 930 3068 vini
945 3025 1005 3090 pro
1021 3005 1104 3087 iine;
1128 3024 1238 3070 eoram
1249 3002 1379 3068 Osrizzo
1396 2999 1474 3085 pod-

346 3129 451 3194 euppo
477 3115 509 3175 et
535 3109 731 3195 'Pogedrego
760 3112 899 3196 cluzam,
926 3119 959 3177 et
984 3112 1116 3178 Villene
1142 3112 1303 3194 brevero,
1330 3113 1476 3176 Petrana

347 3235 542 3300 sourpunne‚
559 3217 663 3301 Belle,
681 3219 820 3304 Duymo,
840 3219 1028 3302 Dragevito.

454 3320 612 3410 †Adhuo
637 3344 765 3410 quoque
780 3325 970 3410 comparavi
994 3333 1113 3392 terrem
1138 3346 1239 3414 snpra
1253 3327 1391 3408 Solone,
1419 3324 1477 3389 ubi

347 3431 464 3496 dieitur
480 3430 626 3498 esnotizo
642 3431 684 3498 de
696 3439 814 3518 nepote
825 3433 952 3499 Denele
968 3435 1066 3519 proV
1082 3434 1141 3501 eol.
1158 3443 1191 3500 ot
1202 3433 1307 3501 medio
1323 3453 1383 3518 pro
1401 3434 1475 3519 fine,

348 3557 457 3604 eoram
472 3539 579 3605 Sinize
595 3548 627 3606 et
642 3541 778 3608 Rarera.

455 3640 481 3730 †
505 3645 634 3711 Deinde
658 3649 846 3733 comparavi
873 3649 979 3716 looum
1002 3649 1036 3716 in
1051 3650 1175 3716 Salona
1195 3671 1216 3716 ιι
1233 3649 1365 3718 Gribine
1381 3669 1476 3736 nepo-

350 3751 391 3816 de
407 3749 495 3816 Bnez
511 3773 570 3836 pro
586 3754 620 3819 II
637 3755 696 3822 ool.
713 3757 777 3821 etl
793 3757 902 3825 modio
921 3757 962 3824 de
978 3758 1048 3825 eale
1063 3779 1122 3844 pro
1138 3760 1221 3843 fine;
1248 3765 1324 3824 onte
1347 3777 1478 3843 presen-

349 3857 429 3922 tiam
445 3859 561 3926 Jaeobi
579 3861 722 3928 Morslioi
738 3871 771 3930 et
786 3885 844 3931 sue
859 3865 980 3932 uxoris.
1005 3866 1047 3931 Et
1062 3865 1096 3931 in
1112 3865 1185 3953 ipso
1200 3865 1273 3933 loeo
1296 3865 1397 3931 statui
1412 3887 1478 3930 mo·

350 3964 527 4032 lendinnm.
553 3967 596 4034 nt
610 3969 645 4034 in
660 3969 734 4057 ipsa
750 3971 845 4039 domo
862 3971 992 4058 prefate
1008 3974 1073 4038 emi
1089 3975 1194 4040 loonm
1220 3973 1261 4040 de
1277 3973 1344 4041 filio
1361 3973 1478 4040 Ervizo

349 4071 473 4155 Nesnu,
499 4080 531 4138 et
547 4074 587 4140 de
603 4085 721 4162 nepote
736 4079 805 4146 eius
825 4101 884 4164 pro
901 4080 934 4144 II
950 4080 1009 4147 sol.
1027 4088 1059 4148 et
1074 4099 1164 4148 meso
1188 4087 1221 4145 et
1235 4079 1251 4145 I
1267 4083 1395 4164 galetas
1411 4079 1480 4146 vini
1525 4151 1529 4158 ,

350 4199 410 4265 pro
427 4179 510 4264 tine3
528 4199 637 4248 eorem
654 4183 759 4250 eidem
775 4185 900 4252 Jacobo
912 4186 1075 4269 Merstioo,
1092 4186 1226 4254 Velieeo
1237 4206 1309 4252 oum
1324 4187 1390 4254 filio
1408 4205 1479 4270 suo,

352 4285 510 4371 Gregorio
528 4290 701 4378 podenppo
711 4341 720 4375 ‚
746 4292 840 4358 Uohe
855 4294 972 4360 cotino.
1001 4294 1128 4360 Deinde
1143 4301 1218 4379 poet
1241 4295 1358 4363 multoe
1375 4315 1480 4362 annos

351 4391 597 4462 insurrexerunt
611 4403 725 4463 eontra
742 4419 793 4464 me
809 4418 913 4485 nepos
929 4419 1016 4485 suun,
1041 4408 1074 4468 et
1088 4400 1175 4468 iilius
1190 4401 1326 4468 Viioene
1340 4402 1481 4467 Bravari

353 4497 540 4585 Jonannes,
565 4505 713 4572 volentes
729 4525 788 4591 per
804 4506 996 4575 iniustitiam
1012 4508 1127 4576 tollere
1142 4507 1306 4593 prefatum
1325 4509 1481 4575 molendi-

350 4623 437 4672 num.
454 4606 549 4676 Unde
571 4612 787 4696 preindieevit
801 4633 857 4683 eos
871 4615 1008 4684 Vileene
1017 4615 1160 4685 Brevare
1175 4616 1222 4684 ite
1236 4615 1383 4686 dicente:
1401 4616 1477 4703 Fili,
