3268 5194
681 328 722 394 13

136 525 217 607 quia
226 527 324 609 juxta
349 525 480 592 decreta
494 527 646 607 Patruus,
672 543 737 591 uon
761 524 838 590 licet
853 524 885 588 iu
905 522 1039 591 modicis
1064 528 1260 614 civitatibus,

136 633 193 697 vel
206 633 296 698 villis
311 633 494 718 Episcopos
510 637 671 714 statuere,
698 647 739 696 ne
755 648 872 698 nomen
888 630 1043 719 Episcopi
1067 633 1213 720 vilescat,
1230 644 1263 704 ot

138 751 175 806 ut
189 739 373 826 Episcopus
389 758 512 805 vacans
527 745 698 805 vacantem
715 739 898 806 Dioecesim
908 759 980 806 curn
1000 741 1134 808 consilio
1150 743 1264 811 Metro·

137 847 287 932 poIItani,
310 855 344 913 ct
359 854 558 914 caeterorum
574 846 809 934 Episcoporum
825 866 990 913 commune
1006 848 1155 934 accipiat.

247 957 305 1022 Ill.
323 953 484 1034 Quoniam
507 955 639 1022 minime
662 955 790 1022 termini
808 976 830 1021 a
846 957 997 1023 Patribus
1025 958 1137 1024 statuti
1161 962 1262 1026 trans·

137 1061 216 1128 lerri
232 1062 350 1129 debent
359 1113 368 1146 ,
394 1063 612 1146 unusquisque
628 1062 811 1148 Episcopus
826 1062 1007 1149 descriptos
1022 1064 1086 1132 sibi
1108 1067 1263 1133 terminos

136 1170 318 1255 possideat,
336 1178 368 1238 et
383 1170 522 1237 alienam
532 1171 717 1238 DioecesIm
733 1171 919 1238 nullatenus
939 1171 1074 1239 invadat
1085 1195 1092 1257 5
1104 1173 1180 1258 jure
1194 1194 1263 1259 pro·

137 1279 212 1364 prio
228 1285 357 1346 servato
373 1281 408 1346 in
424 1281 608 1365 regnandis,
624 1280 852 1349 consecrandis
866 1280 1031 1366 Ecclesiis,
1051 1282 1104 1348 vel
1119 1282 1264 1350 sacerdo-

135 1388 227 1454 tibus
251 1388 499 1473 promouendis,
533 1395 630 1472 atque
656 1407 678 1453 a
701 1405 760 1453 suo
786 1389 950 1475 Episcopo
975 1386 1125 1456 chroma
1147 1390 1263 1475 accipi·

136 1494 265 1562 endum.

244 1603 299 1668 lv.
317 1603 361 1670 Ut
375 1603 601 1690 possessiones
617 1602 846 1688 Ecclesiaruru,
863 1623 947 1689 quae
956 1625 1016 1690 pro
1033 1607 1176 1691 peccatIs
1192 1625 1264 1673 con-

136 1709 277 1778 diturum
302 1710 434 1777 oblatae
458 1719 533 1778 sunt
557 1711 601 1778 ed
625 1710 779 1778 honorem
803 1711 1014 1796 Sanctorum,
1044 1713 1264 1780 saecularibus

136 1817 271 1883 minime
296 1817 539 1904 mancipentur:
567 1817 644 1902 quia
659 1837 711 1883 res
727 1818 797 1885 Deo
822 1817 923 1884 semel
948 1817 1100 1884 dedicata
1125 1820 1264 1887 hunuano

135 1924 283 1991 dominio
298 1923 394 1990 subdi
409 1944 473 1990 nou
494 1923 598 1992 debet.

245 2031 285 2098 V.
311 2031 357 2098 Ut
371 2031 401 2097 si
418 2051 482 2116 qua
496 2031 644 2099 Ecclesia
669 2031 723 2098 vel
748 2034 915 2117 possessio
940 2051 999 2120 per
1022 2033 1264 2120 privilegiuma

135 2137 289 2206 tidelibus
313 2140 375 2206 sub
400 2140 606 2206 anathemate
631 2140 665 2206 iu
681 2139 855 2226 principali
878 2139 1026 2207 Ecclesia
1050 2137 1163 2208 Sancti
1177 2141 1264 2208 Petri

135 2247 290 2335 Apostoli
300 2247 451 2314 subditae
467 2257 551 2333 sunt,
568 2249 699 2315 minime
714 2248 957 2333 subtrahantur,
973 2257 1133 2334 quatenus
1143 2255 1175 2315 et
1190 2247 1264 2316 olle·

134 2363 245 2423 rcntes
254 2407 264 2441 ,
288 2363 322 2424 et
336 2375 388 2422 res
412 2357 504 2444 ipsas
528 2363 655 2424 tuentes
672 2355 793 2424 Christi
818 2357 974 2442 olavIgcri
998 2357 1086 2424 Petri
1110 2363 1261 2423 tueantur

134 2463 315 2550 suffragiis.

244 2573 301 2640 VI.
318 2571 362 2639 Ut
377 2573 407 2638 si
424 2573 542 2640 Divino
553 2573 678 2660 judicio
694 2573 729 2639 in
744 2573 882 2640 tumultu
902 2571 1007 2658 plebis
1023 2571 1179 2658 Princeps
1195 2591 1265 2658 pro·

135 2679 265 2745 vinciae
283 2679 469 2762 occidatur,
494 2701 572 2764 qula
595 2680 718 2765 quoda
738 2679 848 2747 multis
872 2681 1100 2764 committitur,
1126 2679 1264 2746 inultum

135 2796 266 2873 manet,
294 2788 347 2854 vel
365 2809 424 2876 pro
451 2789 524 2874 ipso
541 2795 632 2856 reatu
657 2789 729 2872 quis
754 2794 971 2873 cognoscunt,
998 2787 1130 2856 obnoxii
1147 2787 1265 2856 debent

135 2915 211 2962 esse
226 2917 287 2984 pro
296 2895 371 2983 ipsa
386 2898 498 2966 anima
509 2898 735 2983 eleemosynas
750 2895 868 2982 lacere,
884 2904 916 2964 et
931 2897 961 2962 si
978 2915 1075 2982 quam
1084 2897 1265 2964 Ecclesiam

135 3003 311 3088 dedicavit,
339 3005 391 3070 vel
407 3003 542 3073 libertos
557 3003 644 3089 lecit,
670 3003 865 3089 defendere,
889 3023 1022 3073 uxorem
1048 3010 1104 3070 aut
1122 3004 1206 3071 lilios
1221 3003 1265 3068 lo·

136 3129 213 3176 rere
229 3111 381 3196 benigne.

246 3219 318 3285 Vll.
336 3219 381 3286 Ut
391 3219 420 3285 si
431 3221 504 3304 quis
514 3220 677 3303 malignus
688 3217 811 3287 diaboli
822 3219 937 3305 spiritu
948 3219 1091 3301 adlatus,
1107 3217 1265 3303 singulari
1322 3285 1328 3300 ,

134 3327 292 3410 consilio,
322 3326 408 3392 sieut
423 3325 527 3393 Iudas
543 3327 708 3394 dominum
733 3346 827 3393 suum
843 3325 1006 3410 occiderit,
1032 3325 1164 3410 lapideo
1182 3325 1265 3392 collo

134 3451 306 3518 suspenso,
324 3431 409 3500 Ierro
426 3455 560 3520 corpore
575 3438 791 3522 praecinctus,
812 3433 888 3500 exul
903 3433 1077 3518 poeniteat.

245 3542 334 3608 VIII.
360 3543 411 3608 De
427 3543 600 3629 Episcopis
615 3543 819 3626 Itagusitano
835 3549 868 3610 et
882 3540 1104 3625 Catharitano,
1131 3559 1266 3625 quorum

134 3648 309 3715 manifeste
324 3667 390 3715 una
401 3649 496 3716 sedes
512 3650 721 3736 dignoscitur,
739 3652 845 3739 ipsam
859 3652 1042 3719 Dioecesim
1052 3669 1158 3735 aequa
1172 3649 1266 3716 lance

134 3758 219 3823 iuter
235 3775 271 3824 se
287 3755 447 3842 dividant,
471 3758 528 3843 ita,
551 3765 587 3825 ut
603 3760 632 3825 si
647 3779 729 3827 uuus
746 3759 853 3827 dictae
868 3760 1035 3827 Ecclesiae
1051 3766 1165 3844 pastor
1180 3759 1265 3826 oble·

133 3865 187 3950 rit,
205 3865 308 3933 donec
325 3865 492 3933 ordinetur
506 3868 700 3954 EpIscopus,
726 3867 871 3935 residens
887 3869 1069 3956 Episcopus
1085 3869 1191 3956 ipsius
1208 3869 1265 3933 Ec·

132 3973 257 4040 clasiae
272 3972 538 4041 Ecclesiasticam
559 3995 668 4041 curam
688 3982 792 4060 gerat.

243 4081 300 4147 IX.
317 4081 368 4147 De
384 4081 507 4150 Licinio
524 4083 698 4169 Episcopo,
723 4090 758 4149 ut
772 4083 809 4149 in
823 4082 990 4170 Ecclesia,
1006 4083 1039 4148 in
1060 4099 1125 4164 qua
1140 4080 1265 4148 ordine·

133 4195 264 4272 tuaest,
281 4195 453 4256 contentus
469 4198 678 4274 permaneat:
696 4197 728 4256 ct
744 4190 851 4257 nullus
867 4190 1020 4277 deinceps
1036 4190 1070 4255 iu
1085 4208 1125 4255 ea
1134 4189 1264 4276 Episco·

133 4315 269 4382 porum,
297 4296 349 4361 vel
364 4295 630 4382 Presbyterorum
656 4297 789 4364 illssam
814 4299 972 4382 celebret,
998 4297 1100 4364 donec
1116 4298 1264 4383 proprius
1329 4311 1333 4321 ·

133 4405 319 4491 Episcopus
346 4425 420 4472 eam
436 4415 602 4474 consecret
617 4407 781 4475 canonice.
808 4409 842 4474 Si
858 4408 931 4491 quis
956 4405 1158 4491 postmodum
1174 4426 1264 4492 prae-

132 4522 282 4601 sumptor
297 4514 331 4580 in
348 4532 389 4581 ee
416 4523 528 4582 eontra
544 4517 725 4601 praemissa
740 4515 851 4582 lecerit
859 4565 868 4600 ,
897 4521 1042 4581 anostro
1057 4513 1195 4600 collegio
1211 4535 1262 4582 ex-

132 4621 295 4689 cludatur.
313 4620 410 4698 Quod
426 4623 454 4688 sl
472 4623 576 4689 dictus
592 4623 737 4690 Licinius
752 4643 811 4690 uec
827 4623 975 4708 legaliter
993 4625 1026 4690 iu
1043 4642 1102 4690 sua
1117 4623 1263 4693 Ecclesia
