3268 5194
884 313 929 397 bd

827 415 984 432 U-——u-

343 524 378 592 nt
404 543 519 609 agrum
534 517 586 590 vel
604 517 755 592 domum:
779 520 914 591 fecimus
932 523 1016 590 enim
1026 575 1035 610 ,
1061 521 1147 608 quod
1163 517 1312 590 Ecclesia
1335 515 1401 589 ista
1425 513 1470 587 sit

341 633 528 700 memoriale
553 633 667 699 domus
684 651 722 696 ac
738 631 883 697 familiae
899 637 1041 712 nostrae,
1065 637 1100 696 ut
1115 633 1203 696 Deus
1220 637 1369 698 exoretur
1381 631 1468 714 jugi-

339 748 389 807 ter
405 737 584 826 pronubis,
600 743 631 804 et
647 759 705 822 pro
722 737 862 822 posteris
877 738 1006 822 nostris,
1024 744 1056 803 et
1072 742 1107 802 ut
1118 737 1227 802 nullus
1240 737 1282 803 sit
1297 755 1469 821 possessor

339 867 396 913 seu
413 846 579 914 ordinator
594 845 761 910 Ecclesiae
778 845 973 929 hujusmodi,
991 845 1124 928 ejusque
1140 844 1307 924 bonorum,
1331 843 1396 907 nisi
1412 863 1467 928 po·

337 955 425 1040 steri,
442 955 511 1020 sive
526 953 684 1018 haeredes
700 952 802 1019 nostri
818 973 859 1018 cx
874 953 963 1018 linea
978 955 1204 1036 masculorum,
1225 952 1294 1018 sive
1310 951 1466 1016 faemina·

337 1083 406 1128 rum
422 1067 662 1148 procreatorum
687 1081 814 1146 semper
833 1061 1074 1145 perpetualiter.
1099 1060 1134 1124 Si
1150 1081 1226 1126 vcro
1242 1059 1338 1124 fuerit
1361 1077 1465 1122 sacer·

336 1169 396 1234 dos
412 1169 552 1233 detribu
569 1173 681 1234 nostra
705 1168 894 1252 presbyter,
922 1167 991 1232 sive
1019 1167 1214 1250 monachus,
1241 1172 1276 1230 ut
1295 1163 1465 1250 possideat

335 1276 455 1342 dictam
480 1273 661 1339 Ecclesiam
686 1293 769 1338 unus
789 1278 864 1359 post
889 1274 1008 1356 alium3
1035 1273 1063 1337 si
1089 1277 1195 1336 autem
1221 1293 1285 1337 non
1309 1270 1406 1336 fuerit
1422 1271 1463 1335 de

334 1383 420 1447 tribu
436 1387 548 1448 nostra
563 1382 733 1466 presbyter
748 1387 804 1447 aut
820 1381 1015 1463 monachus,
1041 1387 1077 1444 ut
1093 1380 1196 1445 tribus
1223 1387 1336 1446 nostra
1352 1397 1462 1444 saecu-

333 1488 450 1554 larium
467 1488 631 1554 hominurn
648 1488 749 1570 eligat
768 1489 974 1572 capellanum
990 1488 1183 1571 quemlibet;
1201 1493 1232 1552 et
1247 1485 1381 1552 lecimus
1398 1487 1461 1552 hoo

333 1615 406 1660 cum
422 1595 577 1680 consilio,
603 1602 635 1662 61
650 1615 809 1664 consensu
833 1596 1106 1663 Reverendissimi
1129 1601 1161 1660 61
1177 1594 1361 1678 dignissimi
1377 1595 1460 1660 Mar-

330 1704 390 1770 tini
406 1703 652 1790 Archiepiscopi
670 1703 886 1789 Spalatcnsis.

439 1815 480 1878 Et
495 1812 524 1877 si
540 1811 659 1894 aliquis
685 1812 822 1878 voluerit
837 1809 945 1876 facere
961 1817 1073 1877 contra
1088 1809 1185 1876 istam
1211 1809 1458 1892 ordinationem,

329 1919 399 1984 sive
414 1921 613 1985 voluntatem
629 1925 791 2002 nostram,
819 1917 901 1984 iram
918 1917 979 1982 Dei
999 1937 1146 2002 superse
1162 1917 1292 2000 habeat,
1309 1923 1341 1981 et
1358 1917 1457 1982 cudat

328 2027 362 2092 in
377 2025 569 2093 Sanctorum
585 2026 717 2090 Petrum
733 2024 1012 2108 maledictionem,
1039 2031 1157 2089 etcum
1173 2024 1261 2090 Juda
1281 2023 1457 2091 Schariotb

322 2133 447 2218 jugiter
463 2133 633 2199 crucietur.

565 2311 679 2378 (Farluti
692 2311 829 2376 Illyricum
843 2314 953 2364 Sacrum
968 2315 1018 2362 111.
1033 2312 1089 2362 kur.
1105 2313 1164 2362 111.
1178 2311 1207 2376 l.)

753 2601 1018 2612 -ι-ηι-ο--ι-

856 3041 911 3110 13.

325 3227 516 3327 Uuoepeflyer
531 3241 673 3326 okmu‘ny,
690 3239 771 3326 moly
788 3262 973 3327 6916116611
989 3237 1190 3326 ulapitudnyt
1208 3237 1446 3306 renaletcrebbeu

704 3349 948 3433 mcpbatdrozzo.
969 3348 1065 3411 1000.

423 3545 461 3607 In
477 3543 597 3608 Christi
612 3541 741 3608 nomine
756 3543 869 3606 Amen.
895 3542 989 3606 Anno
1005 3540 1195 3606 Nativitatis
1215 3542 1362 3624 ejusdem
1380 3544 1444 3609 Do-

316 3649 394 3714 tnini
405 3649 515 3713 Nostri
530 3649 609 3714 Jesu
620 3647 740 3713 Christi
756 3647 936 3714 millesimo.
954 3647 1134 3713 Indictionc
1151 3649 1250 3714 tertia
1260 3647 1444 3735 (1161166611-

316 3756 379 3820 ben
407 3755 553 3838 „decima
566 3754 709 3842 tertia“).
739 3755 962 3838 Regnantibus
988 3755 1140 3849 Dominis
1160 3755 1290 3822 Nostris
1315 3756 1443 3824 Basilio

315 3869 347 3927 et
363 3860 573 3930 Constantino
590 3862 843 3948 Imperatoribns
853 3913 862 3946 ,
888 3863 921 3926 in
937 3863 1048 3943 Regno
1066 3861 1217 3928 Oroatiae
1236 3863 1442 3946 gubernante

315 3975 422 4034 autem
446 3967 586 4034 Domino
612 3967 797 4035 Dircislavo
821 3969 943 4052 inclyto
968 3969 1077 4055 Rege,
1103 3967 1264 4033 residente
1289 3969 1389 4034 etiam
1406 3969 1440 4034 in

313 4076 397 4141 Sede
422 4075 514 4141 Beati
538 4076 669 4142 Domnii
694 4075 832 4143 Domino
860 4074 998 4140 Maltino
1024 4075 1305 4141 Reverendissimo
1328 4076 1444 4144 Archi·¹

312 4183 477 4267 episcopo,
504 4202 570 4246 una
586 4201 658 4246 curn
674 4181 813 4247 Domino
829 4181 959 4248 Florino
976 4181 1126 4265 Principe
1140 4181 1269 4265 Spalati
1286 4187 1318 4246 61
1334 4180 1440 4268 elisii,

310 4291 343 4356 in
359 4291 464 4375 pactis
480 4291 610 4373 quidem
627 4289 775 4372 superius
791 4289 898 4368 dictis,
915 4289 1116 4374 principibus
1131 4297 1287 4374 tempore.

417 4398 467 4461 Ex
483 4417 546 4478 quo
563 4396 606 4460 ab
631 4395 764 4461 exordio
780 4396 890 4459 mundi
907 4396 1184 4479 primipotentes
1206 4396 1240 4461 in
1265 4403 1438 4480 peccatum

309 4502 508 4582 inciderunt,
533 4503 690 4584 ejectique
715 4503 842 4566 luerunt
866 4501 907 4568 dc
922 4502 1078 4585 paradiso
1105 4502 1306 4585 deliciarum,
1332 4510 1437 4568 6161-

308 4610 395 4698 pulsi
410 4610 532 4674 suntin
557 4609 722 4694 regionem
738 4610 868 4695 mortis;
895 4618 928 4675 61
944 4609 1047 4675 omnis
1072 4615 1177 4674 status
1202 4609 1367 4674 bominum
1393 4634 1436 4680 ex
