3268 5194
714 310 757 394 35

658 419 814 431 q

164 518 259 591 nicus
274 516 393 610 Judex,
414 523 533 592 'Dabro
549 525 743 610 Presbyter,
769 525 914 593 Joannes
930 526 1062 610 Saccus,
1090 527 1202 594 Dabro
1219 523 1298 592 Gra·

164 631 298 714 valona,
315 631 440 700 Fuscus
456 630 605 717 Grigina,
621 638 653 697 et
669 631 834 700 Diaconus
851 633 1042 700 Farisanus.

275 739 347 823 Ego
362 739 547 826 Stephanus
572 740 738 808 Diaconos
762 741 899 826 scripsi,
927 741 1063 808 Doimus
1084 741 1211 826 Caputa
1236 748 1297 807 tes-

165 844 207 912 tis
222 845 326 912 adsui.

546 957 913 1025 memmmmm

704 1775 755 1844 16.

163 1955 260 2022 Peter
274 1954 394 2022 dc‘dkou
409 1954 589 2044 udomdayu
604 1979 625 2020 a
640 1956 784 2042 spalatoi
802 1967 888 2024 sacrat
913 1959 1008 2026 Peter
1031 1965 1206 2028 monostor'u
1221 1965 1289 2028 aad·

614 2068 714 2130 muru.
739 2067 838 2131 1024.

270 2262 308 2330 In
320 2259 451 2328 nomine
465 2260 596 2328 Domini
608 2259 720 2328 Nostri
736 2260 815 2328 Jcsu
831 2260 964 2330 Christi.
987 2264 1059 2346 Ego
1074 2263 1189 2332 Petrus
1214 2265 1291 2332 Dia·

161 2389 264 2437 conus
280 2388 388 2454 pauca
403 2369 565 2453 quaedam
580 2391 620 2436 ex
633 2371 786 2438 omnibus
808 2371 901 2438 bonis
918 2372 998 2438 meis
1023 2373 1108 2440 duno
1132 2373 1292 2459 tradoque

160 2476 360 2544 llonasterio
384 2477 495 2544 Sancti
519 2478 675 2564 Stephani
697 2479 971 2564 Protomartyris,
1002 2479 1037 2546 iu
1061 2501 1144 2564 quo,
1168 2481 1197 2547 si
1220 2483 1290 2548 Deo

160 2583 252 2651 cordi
277 2584 391 2670 fuerit,
416 2586 536 2654 Divino
560 2587 716 2671 obsequio
742 2587 900 2673 meipsum
916 2587 1052 2672 addico,
1078 2595 1111 2654 et
1135 2589 1289 2656 devoveo.

160 2694 275 2776 ltaque
291 2694 411 2762 Divino
427 2693 551 2779 afflatu,
579 2701 611 2760 et
625 2695 774 2782 conjugis
790 2715 882 2762 meae
898 2697 1069 2781 permissu,
1095 2717 1232 2762 necnon
1247 2695 1289 2760 de

159 2801 297 2876 consilio
321 2800 436 2866 matris
461 2820 572 2885 meae,
599 2806 631 2868 ct
655 2802 931 2870 Reverendissimi
954 2802 1065 2869 fratris
1089 2803 1152 2870 mei
1167 2802 1289 2870 domini

159 2907 293 2978 Martini
307 2907 340 2972 in
356 2905 417 2974 hoc
427 2906 583 2974 coenobio
600 2908 785 2974 monachali
800 2908 937 2976 militiae
945 2930 1062 2976 nomen
1078 2909 1163 2976 dedi.
1178 2913 1215 2976 In
1225 2929 1289 2994 quo

159 3037 233 3092 cum
257 3015 347 3084 haud
371 3015 471 3082 multo
496 3021 572 3100 post
595 3015 628 3080 in
653 3035 787 3100 gravem
817 3017 964 3084 morbum
994 3017 1194 3100 incidissem,
1227 3037 1288 3100 mc,

161 3131 196 3190 ut
221 3124 387 3209 optabam,
412 3121 550 3190 solemni
572 3122 815 3190 consecratione
840 3123 980 3190 initiavit
1005 3123 1207 3190 Venerabilis
1235 3123 1289 3190 do·

160 3230 268 3298 minus
294 3229 378 3296 Urso
402 3227 537 3312 Abbas,
569 3248 632 3312 quo
663 3247 735 3294 curn
760 3228 908 3299 omnibus
934 3227 1089 3294 fratribus
1117 3235 1288 3314 praesente

159 3337 245 3403 hanc
261 3335 468 3403 donationem
493 3335 566 3402 leci.
591 3334 735 3402 Primum
755 3337 857 3422 jubeo
882 3355 922 3402 ex
947 3335 1094 3420 portione
1118 3337 1292 3419 bonorum„

159 3463 245 3529 quae
261 3444 340 3510 mihi
355 3443 551 3528 obtigerunt,
575 3443 710 3509 calicem
730 3450 919 3529 argenteum
936 3463 1008 3508 cum
1023 3449 1144 3528 patena
1158 3441 1228 3507 lieri
1244 3440 1288 3507 ad

159 3553 221 3620 Dei
237 3553 378 3638 cultum,
403 3558 436 3619 et
451 3571 580 3618 sacrum
595 3551 818 3618 ministeriam.
845 3551 971 3618 Deinde
988 3549 1184 3618 monasterio
1199 3546 1287 3614 tradi

153 3663 255 3747 jubeo
282 3681 380 3748 agros
397 3660 431 3724 iu
446 3659 534 3726 valle
555 3658 699 3744 positos,
725 3679 806 3744 quos
831 3657 910 3724 mihi
929 3657 1113 3724 clericalem
1137 3655 1286 3722 militiam

156 3771 275 3836 inituro
291 3774 395 3834 mater
411 3786 485 3832 mea
500 3787 560 3852 pro
575 3765 773 3851 patrimonio
790 3765 980 3852 assignavit.
1007 3763 1217 3832 caeterorum
1231 3763 1286 3830 bo·

154 3898 272 3947 norum
288 3894 432 3942 meorum
451 3872 625 3940 haeredem
650 3872 784 3941 instituo
809 3873 910 3938 filium
932 3893 1056 3958 meum,
1082 3873 1111 3939 si
1132 3870 1210 3938 mihi
1235 3891 1285 3936 su-

154 3993 282 4075 perstes
297 3982 414 4068 fuerit,
439 3982 469 4049 si
493 3987 600 4046 autem
625 3981 696 4048 Deo
721 3981 852 4048 libuerit
878 4001 951 4048 eum
966 4001 1007 4048 ex
1023 3981 1086 4047 hac
1101 3981 1170 4046 vita
1194 3996 1285 4062 prae-

154 4095 220 4181 ripi
229 4145 239 4180 ,
266 4093 378 4161 omnia
391 4091 425 4157 in
436 4093 491 4175 jus
507 4095 765 4176 potestatemque
780 4095 948 4156 transeant
964 4089 1109 4174 eJusdcm
1126 4090 1272 4152 monaste

154 4203 206 4269 rii.
221 4202 257 4268 Si
272 4199 346 4286 quis
361 4200 445 4266 hanc
460 4197 668 4266 donationem
683 4197 807 4264 irritam
824 4197 932 4264 facere
948 4198 1078 4280 audeat,
1094 4195 1128 4260 in
1140 4213 1214 4259 eam
1223 4191 1285 4258 Dei

153 4309 378 4400 praepotentis
393 4308 462 4392 ira,
488 4311 521 4372 et
544 4311 759 4372 tercentorum
784 4326 823 4372 ac
849 4303 1071 4388 duodeviginti
1094 4305 1284 4370 Sanctorum

152 4419 307 4502 Petrum,
333 4415 475 4499 itemque
489 4413 660 4481 duodecim
675 4413 905 4498 Apostolorum
929 4409 1092 4478 execratio
1108 4407 1283 4492 incumbat,

153 4532 185 4594 et
201 4545 277 4595 cum
292 4523 382 4590 Juda
397 4521 562 4609 proditore
578 4521 622 4588 ad
637 4519 758 4588 inferos
774 4519 973 4588 detrudatur.

263 4633 354 4699 Haec
378 4637 452 4698 acta
476 4637 551 4698 sunt
566 4630 682 4696 Paullo
698 4627 951 4715 Archicpiscopo
966 4631 999 4694 et
1013 4623 1191 4694 Nicodcmo
1216 4624 1283 4692 Pri·

1078 4744 1121 4802 a*
