3268 5194
946 333 991 402 20

889 425 1047 438 -ί

400 537 505 628 ipsius
520 533 668 608 redolere
683 535 769 627 cepit
784 553 843 626 per
858 555 971 607 omncs
986 540 1096 622 partes
1112 531 1232 602 Gellio.
1252 531 1304 604 Ad
1319 551 1456 620 quorum
1467 549 1536 602 sus·

402 648 630 732 teutacIonem,
648 651 683 713 vt
698 666 738 712 cx
754 645 892 713 diuitum
902 643 1132 712 habundancia
1147 643 1277 712 illorum
1302 645 1414 730 iuopia
1429 643 1535 710 sublo-

401 761 540 839 varetur,
556 759 710 840 ceperunt
725 752 881 838 nonnulli,
907 751 1061 838 quicquid
1077 750 1246 838 possidere
1261 751 1466 836 videbantur,
1492 753 1534 818 ei·

401 863 475 928 dem
491 861 564 928 loco
574 859 778 945 contradere,
795 865 828 926 ct
843 879 906 926 uon
917 859 1023 926 solum
1038 858 1103 942 isti,
1121 857 1181 925 sed
1197 857 1301 926 eciam
1310 859 1417 944 Reges
1434 865 1534 942 atque

399 973 634 1056 Imperatores,
660 966 812 1034 videlicet
836 966 1000 1054 predictus
1014 966 1206 1050 sigibertus,
1227 963 1420 1051 Glodoveus,
1438 965 1533 1033 Oblo-

399 1077 534 1159 tharius,
551 1074 697 1160 PIpiuus,
724 1073 876 1158 Karolus,
900 1072 1096 1157 Ludovicus,
1121 1073 1305 1158 Lotharius,
1322 1071 1417 1140 Otho.
1444 1075 1534 1139 Inter

288 1233 290 1238 -
399 1201 481 1267 quos
496 1201 557 1267 ego
573 1179 725 1262 Karolus,
742 1179 851 1266 Pipini
867 1179 966 1264 Regis
982 1177 1078 1264 lilius,
1105 1179 1228 1246 eisdem
1254 1179 1407 1246 fratribus
1429 1179 1463 1244 in
1480 1199 1533 1245 eo·

401 1293 473 1358 dem
499 1289 633 1356 cenobio
658 1289 719 1354 sub
735 1289 877 1372 regulari
902 1308 1017 1354 norme
1041 1288 1254 1374 degentibus,
1278 1307 1319 1354 ne
1334 1307 1445 1355 corum
1463 1285 1532 1350 ani-

399 1416 469 1462 mus
484 1396 676 1479 turbaretur,
693 1395 752 1461 scd
767 1400 802 1460 ut
812 1394 964 1482 deinceps
975 1395 1080 1479 Regia
1089 1395 1262 1461 securitate
1272 1393 1384 1460 muniti
1400 1393 1530 1476 absque

401 1505 512 1590 aliqua
537 1504 686 1572 molestia
711 1503 953 1589 Prcpositorum
979 1505 1088 1570 vivere
1112 1505 1294 1590 potuissent
1317 1509 1349 1569 ct
1374 1503 1532 1569 securiter

400 1613 607 1680 oracionibus
633 1618 665 1678 ct
689 1611 799 1696 regule
824 1631 942 1678 vacare
968 1611 1132 1696 valerent,
1158 1617 1190 1676 et
1215 1631 1325 1677 mense
1349 1612 1531 1677 communis

399 1722 554 1788 victualia
570 1728 601 1786 et
617 1741 787 1808 corporum
804 1741 934 1787 suorum
952 1720 1146 1787 sufficienter
1156 1721 1312 1788 baberent
1328 1720 1530 1802 indumenta,

399 1829 538 1911 quedam
563 1829 747 1914 prediorum
774 1828 826 1893 vol
851 1827 1003 1894 villarum
1028 1827 1100 1894 loon
1119 1828 1242 1894 eisdem
1267 1827 1440 1912 iratribus,
1468 1830 1529 1894 sub

397 1936 536 2002 Abbatis
552 1936 688 2021 imperio
707 1934 898 2017 regulariter
915 1934 1139 2019 militantibus,
1165 1935 1209 2000 ad
1224 1955 1303 2000 usus
1323 1939 1530 2002 necessarios

396 2044 562 2130 deputata,
580 2063 637 2128 pcr
654 2042 862 2128 privilegium
878 2043 971 2108 uobis
981 2061 1158 2125 congruum
1175 2043 1279 2108 visum
1295 2049 1346 2108 est
1361 2043 1528 2126 dclcgare,

396 2153 479 2217 utin
504 2149 556 2214 his
572 2149 726 2214 securiter
750 2149 954 2233 laboranteS,
982 2149 1070 2214 nullo
1099 2148 1207 2214 alieno
1233 2149 1375 2216 dominio
1400 2150 1530 2232 aliquid

308 2235 326 2247 “
394 2258 472 2323 inde
487 2255 741 2323 abstrahendum
758 2255 843 2340 (lgy)
855 2257 1097 2340 stringerentur.
1115 2255 1341 2322 concessimus
1352 2256 1452 2340 igitur
1469 2277 1529 2341 per

395 2371 504 2431 nostre
522 2364 724 2431 auctoritatis
748 2363 935 2446 largitatem
951 2363 995 2428 ad
1011 2383 1156 2429 mensam
1181 2362 1234 2428 vel
1254 2362 1297 2428 ad
1313 2383 1392 2428 usus
1417 2383 1528 2429 ncces-

395 2473 500 2539 sarios
525 2471 647 2538 eisdem
672 2469 949 2556 supranominatis
966 2470 1119 2537 fratribus
1145 2491 1203 2556 per
1226 2477 1335 2538 nostro
1360 2470 1528 2553 largitatis

395 2579 601 2666 privilegium
624 2579 658 2642 in
674 2577 814 2643 Francia
830 2577 944 2644 villam
959 2597 1023 2658 que
1038 2584 1171 2644 vocatur
1189 2578 1309 2662 Nanth,
1327 2577 1526 2658 Herliacurm

394 2688 559 2770 Chislam,
587 2707 659 2752 cum
675 2685 877 2772 appendiciis
894 2687 973 2752 suis.
999 2689 1035 2752 In
1051 2707 1138 2772 pago
1156 2687 1302 2770 Visiano,
1320 2688 1526 2768 Divioneusi,

394 2795 556 2878 Belnensi,
573 2793 782 2860 cabilonensi
798 2800 895 2876 atque
911 2793 1150 2878 Matisconensi,
1169 2795 1202 2860 id
1218 2801 1288 2861 est:
1304 2795 1525 2877 Flacciaourn,

394 2902 628 2984 Solistriaouur,
645 2901 894 2983 Arnbornacum,
912 2901 1007 2986 Sauz,
1029 2902 1207 2986 Tonancia,
1225 2901 1408 2988 (laziacum,
1426 2903 1526 2967 Mole·

394 3010 528 3074 siacum.
546 3011 582 3074 In
598 3007 705 3073 curtili
722 3007 905 3091 ecclesiam,
931 3008 1038 3074 vicum
1053 3009 1217 3094 publicum
1233 3028 1305 3074 cum
1322 3009 1370 3073 XI
1389 3011 1524 3074 mansis.

391 3120 429 3184 Iu
445 3117 593 3183 Festiaco
610 3115 698 3202 apud
714 3117 866 3182 Sanctum
884 3117 1080 3184 Antoninum
1097 3137 1245 3183 mansum
1262 3119 1287 3182 Ι.
1312 3119 1348 3181 In
1365 3137 1453 3203 pago
1471 3117 1525 3180 nl-

393 3245 529 3292 saocusc
545 3231 577 3289 et
601 3225 634 3289 ln
660 3244 747 3309 pago
763 3225 969 3308 Algagcnse,
997 3226 1029 3290 iu
1045 3224 1116 3290 loco
1141 3227 1195 3306 qui
1221 3224 1339 3291 dicitur
1355 3223 1525 3290 Bctbonis-

391 3339 480 3400 curtc
506 3351 638 3398 mansos
653 3332 718 3396 XII
733 3350 805 3396 cum
833 3333 981 3399 ecclesia.
1008 3331 1164 3399 Similiter
1188 3352 1266 3398 vera
1282 3337 1314 3398 et
1339 3332 1373 3396 in
1388 3331 1525 3414 Engliu-

390 3441 518 3524 gchicm
544 3441 626 3504 etin
648 3438 918 3523 Ruodeueskcim,
944 3441 1023 3505 eliu
1040 3439 1228 3506 Witerkeim
1254 3459 1386 3506 mansos
1402 3439 1521 3525 XXX;

393 3554 425 3612 et
440 3549 524 3612 iuter
539 3547 724 3629 Ramengas
741 3553 773 3611 et
788 3545 985 3613 HaasIszera
1011 3567 1141 3615 mansos
1159 3549 1205 3631 V;
1222 3554 1254 3612 et
1269 3547 1352 3614 inter
1368 3546 1523 3614 Allerico·

391 3653 507 3719 villare
523 3658 555 3718 ct
571 3655 675 3718 Susza
691 3674 822 3720 mansos
838 3655 904 3739 IX,
928 3661 959 3720 ct
976 3657 1008 3720 iu
1025 3654 1199 3720 Celebcrcb
1215 3655 1329 3720 curtile
1352 3653 1523 3720 indomini-

389 3767 584 3825 catumeum
601 3759 749 3826 omnibus
766 3761 962 3826 adiacenciis
973 3763 1051 3845 suis,
1068 3763 1130 3828 hoc
1141 3767 1214 3827 sunt
1224 3761 1320 3826 XXX
1337 3766 1369 3825 ct
1385 3763 1418 3844 1,
1437 3768 1470 3825 et
1487 3763 1520 3827 iu

389 3867 646 3934 Bcbonisvlllare
658 3867 838 3951 ecclesiam,
850 3871 905 3951 qui
915 3875 964 3934 cst
974 3870 1063 3934 vicus
1074 3868 1222 3954 publicus
1233 3869 1266 3933 iu
1277 3869 1398 3935 honore
1408 3871 1524 3934 Sancti

387 3977 474 4042 Petri
491 3995 563 4040 cum
579 3975 704 4042 mansis
720 3977 767 4060 V,
784 3980 816 4040 et
833 3977 866 4042 in
882 3975 1077 4042 Rodcsbeim
1094 3993 1226 4041 mansos
1242 3975 1307 4040 XII
1323 3994 1396 4040 cunr
1413 3974 1523 4058 capel·

387 4084 421 4148 la
436 4107 443 4169 ;
459 4090 491 4148 et
508 4082 570 4170 (in)
581 4083 841 4166 Hanagresheim
852 4083 1024 4148 ecclesiam
1041 4083 1055 4146 I
1071 4088 1102 4146 et
1119 4081 1162 4147 ad
1172 4081 1225 4145 (IL
1236 4081 1362 4147 modios
1376 4080 1417 4146 dc
1433 4087 1522 4146 terra

386 4191 523 4275 arabili5
549 4196 581 4256 et
597 4191 639 4256 ad
655 4190 847 4255 Arzcnbeim
864 4210 996 4256 mansos
1012 4191 1040 4255 V
1056 4195 1149 4254 extra
1163 4195 1284 4255 terram
1307 4187 1521 4253 indominica-

385 4303 471 4382 tam;
498 4298 648 4363 slmIIItcr
672 4305 704 4361 et
728 4317 790 4379 quc
814 4305 949 4363 vocatur
974 4297 1096 4384 Sapinc
1122 4315 1254 4362 mansos
1274 4295 1419 4361 XXXIII
1446 4315 1522 4360 cum

385 4404 534 4469 ecclesia.
560 4403 649 4468 Infra
674 4403 814 4487 patriam
832 4423 927 4470 vcro:
947 4402 1117 4486 Granicus,
1135 4403 1364 4486 Menbriacum,
1383 4399 1522 4466 Ollinia-

360 4509 589 4600 'cam-villam,
615 4508 830 4595 Jusseiacum,
856 4509 1094 4594 Visinlourtcm,
1122 4508 1396 4593 Orinsinsiacum,
1424 4507 1522 4576 Cam-

382 4615 557 4700 paniolam,
580 4616 854 4704 Legoniscurtem,
872 4616 1185 4701 Wanbionisrivum,
1203 4617 1468 4683 Ebronisourlcm
1486 4623 1523 4681 ct
