3164 5192
803 337 959 441 „rog

324 558 437 622 uxore,
453 537 530 623 dlijs
547 543 580 602 et
594 537 743 618 filiabus,
769 534 920 618 Burgard
934 555 1006 601 curn
1022 553 1144 618 uxore,
1170 533 1247 620 lilijs
1263 541 1296 600 et
1311 531 1452 615 filiabus,

322 647 442 730 Budnr,
467 632 589 711 Lechlr.
607 645 645 711 In
661 643 823 710 territorio
839 641 985 708 eiusdem
1004 641 1111 729 predii
1126 641 1243 710 Comes
1255 641 1451 708 Laurentius

320 753 409 820 dedit
424 759 543 819 terram
570 751 613 817 ad
629 771 727 816 unum
753 757 907 817 aratrum.
924 749 1024 816 Dedit
1040 755 1072 817 ct
1097 751 1178 817 alibi
1201 750 1347 837 predium
1361 748 1450 814 idem

321 862 458 947 (lomes,
476 859 563 944 qnod
579 859 733 928 Wossian
750 858 884 943 dicitur,
911 859 1109 945 aptistaldo
1125 859 1252 944 prelato
1272 859 1372 923 certis
1390 863 1452 921 ter-

322 967 420 1034 minis
436 974 469 1036 et
486 966 623 1034 cumulis
649 966 873 1050 assignatum,
901 971 933 1032 et
948 965 1063 1050 seruis,
1081 985 1217 1049 qnorum
1241 967 1373 1032 nomina
1392 965 1453 1031 hec

323 1083 422 1144 sunt:
455 1075 592 1144 Phitcch
619 1080 651 1142 et
676 1076 741 1142 duo
766 1074 826 1140 lilii
851 1074 940 1158 eius,
972 1073 1065 1139 Belrv
1090 1079 1122 1138 et
1144 1073 1230 1139 Bilra
1253 1093 1324 1139 cunr
1349 1073 1454 1140 uxori-

321 1187 400 1267 bus,
427 1183 504 1268 lilijs
521 1189 552 1249 et
568 1182 719 1268 filiabus,
737 1182 899 1267 Apungna
915 1201 987 1246 oum
1003 1201 1125 1265 uxore,
1154 1182 1230 1266 filijs
1254 1187 1286 1247 et
1310 1181 1451 1248 filiabus.

321 1293 421 1358 Dedit
436 1299 468 1356 et
483 1291 517 1356 in
533 1291 646 1356 Almas
663 1289 828 1376 predictus
844 1289 960 1356 Comes
976 1295 1096 1355 terram
1122 1288 1165 1356 ad
1180 1289 1245 1356 duo
1262 1297 1392 1371 aratra,
1418 1297 1453 1356 et

322 1407 446 1483 septem
473 1398 607 1482 uineas,
636 1404 669 1464 et
685 1415 817 1482 seruos,
845 1415 981 1479 quorum
1006 1394 1139 1462 nomina
1161 1395 1222 1460 hec
1238 1401 1329 1460 sunt:
1356 1394 1452 1461 chuk

320 1509 406 1575 filius
422 1507 528 1590 chg
544 1527 617 1572 curn
632 1527 754 1592 uxore,
780 1505 859 1591 filijs
876 1512 909 1572 et
930 1506 1079 1590 filiabus;
1105 1505 1226 1570 Wassa
1250 1525 1322 1570 cum
1339 1525 1452 1584 uxore,

323 1615 398 1698 lilijs
414 1621 446 1680 et
460 1613 610 1696 filiabus,
636 1634 697 1700 pro
714 1633 776 1697 quo
793 1631 829 1680 se
846 1609 933 1699 (igy)
956 1612 1093 1678 redemit
1112 1613 1221 1679 'nonas
1238 1611 1279 1676 de
1295 1611 1452 1677 seruitute

321 1720 486 1807 Emissis,
503 1723 549 1787 ita
564 1726 685 1804 tamen,
702 1719 790 1805 quod
806 1720 878 1805 ipsc
894 1719 997 1786 libere
1014 1703 1138 1786 seruiat
1154 1719 1316 1804 Bedesis,
1334 1717 1452 1785 Chuda

322 1851 395 1900 cum
410 1830 487 1914 lilijs
504 1835 536 1894 et
560 1829 709 1912 filiabus,
738 1829 817 1912 quia
832 1849 914 1895 uxor
930 1828 1036 1894 libera
1062 1833 1122 1893 est.
1139 1829 1178 1893 In
1203 1828 1316 1894 eodem
1336 1826 1452 1912 predio

322 1937 438 2005 Comes
455 1937 622 2004 Dionisius
640 1935 730 2002 dedit
744 1943 812 2003 tres
829 1937 955 2020 uineas,
972 1936 1105 2002 Henohe
1121 1936 1239 2003 Comes
1255 1955 1363 2001 unam.
1389 1937 1453 2000 llx-

323 2047 427 2130 ceptis
442 2043 494 2110 his
505 2043 665 2110 habentur
675 2042 817 2128 quinque
827 2043 931 2110 uinea.
949 2045 1103 2111 Preterea
1113 2041 1303 2109 adSecrnm
1314 2043 1452 2109 Fontem

321 2153 476 2238 Wgrinus
493 2151 682 2219 Gouriensis
699 2153 882 2239 Episcopus
911 2152 1066 2238 predictis
1093 2151 1248 2218 fratribus
1271 2151 1312 2217 de
1328 2150 1452 2218 Sancto

323 2260 492 2329 Gathardo
509 2258 671 2326 concessit
687 2259 848 2344 capellam
865 2279 938 2326 oum
956 2259 1063 2325 uinea.
1091 2258 1151 2324 Oui
1166 2263 1286 2325 terram
1302 2260 1453 2327 adiacen-

322 2375 387 2434 tem
403 2372 557 2453 preccpto
573 2366 628 2454 pie
654 2367 809 2434 memorie
825 2367 905 2434 Belo
920 2367 1020 2451 Regis
1037 2367 1183 2450 Egidins,
1204 2373 1279 2433 tunc
1295 2369 1451 2454 temporis

322 2476 433 2542 Ferrei
458 2475 564 2540 Casiri
590 2474 707 2541 Comes
735 2473 832 2541 certis
857 2475 1003 2541 terminis
1031 2481 1062 2543 et
1088 2474 1225 2541 cumulis
1257 2475 1450 2559 assignanit.

324 2583 419 2648 Circa
445 2581 584 2648 eundern
609 2581 745 2646 Sacrum
761 2583 916 2666 Fontem,
942 2583 976 2646 in
999 2582 1161 2650 territorio
1188 2582 1340 2649 uidelicet
1365 2584 1452 2650 Noui

324 2689 433 2756 Casiri
447 2689 569 2754 habent
584 2689 710 2772 uineas,
727 2709 811 2774 quas
828 2707 907 2774 sepe
923 2689 1002 2757 dicti
1018 2689 1135 2757 iratres
1152 2711 1224 2756 curn
1242 2709 1402 2758 consensu
1418 2698 1453 2757 et

324 2796 505 2864 elemosina
530 2797 635 2882 patris
659 2797 782 2882 nostri,
799 2795 933 2882 gloriosi
949 2797 1028 2863 Bele
1051 2799 1171 2883 Regis,
1196 2797 1316 2883 partim
1342 2819 1364 2864 a
1380 2799 1450 2865 sub·

323 2904 452 2990 scriptis
467 2905 651 2971 hominibus
668 2911 950 2990 comparauerant,
968 2907 1136 2990 partimin
1153 2905 1366 2972 elemosinam
1382 2925 1451 2972 sus·

324 3017 489 3097 ceperunt.
517 3011 663 3089 Quorum
687 3013 820 3079 nomina
844 3012 904 3078 hec
920 3021 1019 3079 suut:
1045 3013 1178 3096 Petrus,
1196 3011 1340 3080 Jacobus
1364 3033 1452 3099 pres-

322 3119 424 3204 biter,
448 3119 657 3203 Eurhardus,
679 3118 812 3204 Gerolt,
838 3119 1039 3205 Lippoldus‚
1058 3120 1190 3203 Wlker,
1208 3119 1304 3204 Otto,
1326 3120 1449 3202 (ierolt,

321 3227 500 3310 Henrious,
516 3224 708 3309 Bertoldus,
726 3225 840 3311 Wlier,
864 3227 959 3311 Tym.
980 3225 1051 3304 Quo
1074 3227 1160 3294 sicut
1185 3232 1312 3312 epatre
1337 3231 1450 3294 nostro

269 3401 275 3416 ,
322 3335 446 3400 eisdem
470 3332 628 3399 fratribus
652 3331 809 3398 hactenus
827 3338 1005 3400 noscuntur
1029 3333 1154 3417 absque
1175 3333 1314 3398 alicuius
1336 3334 1453 3400 tributi

323 3443 492 3509 exactione
514 3443 651 3526 collate,
677 3442 725 3508 sic
740 3442 773 3508 in
789 3450 982 3530 perpetuum
1009 3443 1132 3510 liberas
1148 3443 1376 3510 confirmamus
1403 3445 1451 3510 eis

322 3549 552 3636 possidendas.
584 3547 626 3615 Et
650 3550 715 3616 dno
747 3550 932 3617 molendina
961 3571 1033 3618 cum
1059 3551 1151 3617 curia
1181 3571 1242 3617 sua
1272 3551 1306 3617 in
1331 3551 1450 3618 Ferrea

323 3656 458 3740 Castro,
483 3657 603 3723 sicula
619 3655 762 3742 Symone
783 3658 890 3724 fuerat
906 3659 1039 3745 relicta,
1064 3659 1264 3745 possideant
1293 3659 1335 3726 Vt
1351 3659 1450 3744 igitur

322 3767 384 3833 hec
407 3771 516 3832 nostre
545 3765 799 3858 confirmationis
824 3774 917 3835 carta
945 3775 1102 3857 perpetue
1133 3769 1322 3836 stabilitatis
1355 3769 1452 3834 robur

322 3872 486 3958 obtineat,
513 3875 615 3940 nostri
640 3875 739 3959 sigilli
763 3875 975 3961 impressione
992 3877 1114 3962 placuit
1138 3876 1281 3962 mnnirc;
1307 3881 1450 3942 statuen-

321 3987 381 4064 tes,
407 3981 538 4065 nequis
555 4003 697 4066 unquam
714 3990 827 4050 contra
847 4005 920 4051 cam
946 3985 1070 4069 aliquid
1096 3986 1217 4051 audeat
1242 3989 1449 4069 attemptare,

322 4094 379 4155 ant
402 4108 484 4156 ausu
509 4091 681 4159 temerario
708 4093 939 4160 contradicere.
965 4092 1061 4158 Anno
1085 4091 1321 4160 incarnationis
1341 4091 1450 4159 Domi-

238 4199 242 4205 ’
322 4199 394 4264 nice
419 4197 594 4268 millesimo
621 4201 798 4268 centesimo
822 4203 1037 4286 nonagesimo
1053 4203 1154 4269 vnn.
1180 4201 1301 4267 Datum
1311 4219 1371 4285 per
1386 4219 1452 4265 ma-

321 4323 382 4372 nus
399 4304 560 4392 Catapani
577 4307 748 4392 Agriensis
765 4311 930 4398 Episcopi,
949 4312 1025 4378 aule
1040 4311 1143 4396 Regia
1160 4307 1366 4392 Gancellarij.
1392 4307 1452 4375 Ve-

322 4413 462 4480 nerabili
478 4414 543 4482 Job
559 4415 772 4500 Strigoniensi
792 4417 1048 4506 archiepiscopo
1074 4419 1252 4503 existente,
1276 4416 1377 4484 Saule
1393 4413 1452 4483 Oo-

322 4519 445 4586 locensi
471 4519 747 4608 drohiepisoop03
765 4523 890 4611 Caleno
916 4524 1300 4611 Quinque-Ecclesiensi,
1325 4523 1452 4608 Vgrino

324 4623 496 4693 Geuriensi
507 4677 516 4714 ,
541 4627 691 4696 Johanne
707 4629 928 4700 Ohencdiensi
945 4633 1077 4722 Elect03
1102 4633 1202 4720 Mogh
1218 4634 1369 4703 Palatino
1392 4633 1452 4701 Co·
