3268 5194
674 331 829 436 L

180 529 300 599 Ottone
316 527 547 619 Ratispoucnsi
564 551 637 598 cnm
654 551 790 598 assensu
806 529 982 597 laicorum:
1000 529 1090 598 ducis
1106 527 1311 598 Boemiorum

178 640 351 705 Wratizlai
367 647 399 706 et
414 640 526 709 fratris
542 643 612 708 eius
629 639 783 724 Cfinradi,
800 640 891 706 ducis
908 640 1057 724 Fridrioi,
1074 640 1166 706 ducis
1181 637 1311 703 Liudal-

177 747 223 830 di,
250 747 391 832 palatini
407 750 535 816 comitis
555 748 743 815 Rabodonis
759 754 791 814 et
806 748 967 832 omnium,
994 748 1049 831 qui
1064 747 1183 812 ibidem
1198 764 1311 812 conve-

158 852 161 856 ’
177 859 305 936 nerant,
332 853 498 938 primitiva
516 855 576 920 illa
592 853 749 939 parochia
765 873 838 920 oum
853 855 940 921 omui
955 853 1164 919 terminorum
1181 869 1310 918 suorum

177 959 302 1026 ambitu
319 959 478 1044 Bragensi
495 961 566 1028 sedi
583 967 633 1028 est
648 961 846 1027 adjudicata.
862 960 1006 1026 Termini
1022 967 1130 1026 autem
1145 959 1215 1024 eius
1231 956 1311 1024 occi-

176 1067 306 1133 dentem
323 1088 437 1136 rersus
452 1069 499 1134 hii
515 1075 609 1135 sunt:
635 1070 762 1152 Tugust
788 1087 850 1155 que
865 1068 968 1133 tendit
984 1067 1027 1132 ad
1043 1067 1184 1132 medium
1207 1064 1309 1130 flumi-

174 1174 226 1240 nis
246 1171 350 1256 Chub,
376 1175 496 1241 Zedlza
511 1182 543 1240 et
560 1175 698 1263 Lucane,
716 1180 748 1240 et
763 1176 909 1258 Dazana,
936 1173 1155 1260 Lintomerici‚
1171 1171 1309 1237 Lemmm

173 1301 279 1365 usque
295 1282 338 1347 ad
365 1281 506 1348 mediam
522 1283 658 1366 silvam,
687 1301 752 1366 qna
776 1281 910 1348 Boemia
929 1281 1096 1346 limitatur.
1122 1277 1249 1344 Deinde
1265 1277 1308 1344 ad

174 1389 363 1472 aquilonem
379 1390 412 1456 hi
428 1397 502 1457 suut
515 1389 663 1456 termini:
680 1388 857 1472 Pssorane,
875 1387 1030 1454 Chrorati
1047 1393 1077 1452 et
1094 1387 1199 1452 altera
1210 1383 1307 1453 Obro-

173 1497 264 1580 vrati,
281 1498 433 1582 Zlasane,
462 1499 665 1579 Trebovane,
691 1496 872 1578 Pobarane,
891 1494 1050 1564 Dedosize
1067 1515 1169 1578 osque
1185 1493 1229 1558 ad
1244 1513 1306 1560 me·

173 1603 264 1668 diam
290 1604 426 1687 silvam,
452 1625 517 1688 qna
542 1605 769 1670 Milcianorum
795 1608 966 1669 occurrunt
991 1601 1131 1668 termini.
1157 1600 1306 1666 Indead

172 1709 332 1776 orientem
347 1711 408 1778 hos
424 1711 539 1780 fluvios
555 1713 654 1778 habet
670 1711 843 1778 terminos:
861 1711 932 1792 ling
958 1709 1082 1776 scilicet
1101 1714 1131 1773 et
1148 1707 1216 1773 Ztir
1233 1727 1304 1772 cum

172 1813 336 1882 Gracowa
352 1818 483 1884 civitate
499 1819 728 1904 provintiaque
751 1819 802 1882 cui
819 1819 903 1900 Wog
918 1837 1035 1883 nomen
1052 1821 1100 1881 est
1117 1833 1189 1879 cum
1206 1813 1304 1880 omni-

171 1924 233 1990 bus
243 1923 432 2008 regionibus
442 1925 485 1990 ad
495 1926 675 2010 predictam
685 1927 799 1992 urbem
809 1924 1054 2012 pcrtinentibus,
1070 1943 1130 2011 que
1142 1922 1303 1988 Gracowa

170 2037 241 2114 est3
267 2029 343 2094 inde
368 2031 617 2115 Ungrorum
645 2032 801 2098 limitibus
826 2032 947 2097 additis
972 2051 1074 2114 usque
1099 2030 1142 2096 ad
1168 2035 1303 2114 montes,

170 2136 290 2218 quibus
309 2157 425 2204 nomen
441 2145 491 2204 ost
505 2139 588 2204 Triti
615 2139 754 2206 dilatata
773 2139 928 2224 procedit.
955 2137 1082 2206 Deinde
1096 2137 1130 2204 in
1147 2157 1187 2204 ea
1210 2141 1304 2222 parte

170 2261 232 2329 que
248 2242 417 2308 meridiem
432 2244 566 2329 respicit
582 2246 697 2310 addita
721 2246 854 2330 regione
878 2245 1027 2312 bloravia
1051 2264 1154 2329 usquc
1179 2243 1223 2310 ad
1247 2243 1302 2310 flu·

168 2367 243 2414 men
260 2350 312 2414 cui
335 2371 451 2416 nomen
468 2357 517 2418 est
532 2353 629 2437 Wag,
646 2359 678 2418 et
694 2354 737 2419 ad
753 2353 894 2419 mediam
910 2354 1027 2419 silvam
1044 2352 1095 2418 cui
1120 2371 1236 2418 nomen
1252 2356 1302 2416 est

167 2456 259 2524 llbre
274 2463 306 2523 et
322 2457 465 2525 eiusdem
482 2461 599 2527 montis
617 2461 731 2527 eadem
748 2461 922 2548 parrochia
938 2460 1050 2544 tendit,
1069 2481 1134 2545 qua
1148 2457 1302 2526 Bawaria

166 2563 336 2630 liudtatur.
368 2564 587 2645 Mediantibns
619 2569 730 2652 itaque
754 2569 849 2636 nobis
873 2575 905 2634 et
929 2568 1088 2635 communi
1119 2565 1301 2653 principum

166 2672 337 2754 aspirante
354 2671 512 2757 suffragio
529 2681 695 2758 peractum
721 2683 788 2758 est,
816 2683 851 2741 nt
867 2677 931 2742 dux
958 2675 1089 2742 Boemie
1103 2675 1300 2740 Wratialaus

166 2783 198 2840 et
222 2777 326 2843 frater
351 2779 420 2846 eins
448 2779 618 2849 Conradus
644 2785 832 2870 supradicto
857 2783 1017 2866 Bragensi
1036 2783 1190 2868 episcopo
1205 2781 1300 2847 fratri

164 2903 224 2950 suo
241 2886 449 2968 parrochiam
465 2887 636 2956 iudiciario
652 2890 766 2956 ordine
781 2891 970 2975 requisitam
993 2911 1033 2955 ex
1049 2893 1175 2974 integro
1192 2907 1299 2973 repro·

165 2991 331 3057 fitercntur
348 2999 379 3058 et
395 2995 576 3062 redderent.
603 2997 745 3066 Proinde
760 3021 819 3066 nos
839 3005 955 3084 rogatu
984 2997 1127 3065 eiusdem
1152 2995 1298 3082 episcopi

164 3097 409 3166 racionabiliter
435 3101 559 3168 inducti
576 3104 750 3190 Bragcnsis
767 3107 975 3192 episcopatus
992 3105 1298 3188 redintegrationem

162 3211 274 3291 nostre
299 3205 479 3290 imperialis
504 3211 707 3279 auctoritatis
735 3213 840 3281 edicto
856 3214 905 3280 illi
921 3220 953 3279 et
969 3210 1210 3280 successoribus
1227 3208 1296 3274 eius

163 3310 393 3380 confirmamus
408 3321 440 3379 et
455 3317 638 3384 stabilimus
661 3319 892 3386 inviolabiliter
917 3320 1146 3398 decernentes,
1171 3333 1212 3380 ne
1227 3315 1296 3379 nlla

162 3423 239 3502 post
254 3418 317 3482 hac
333 3419 506 3487 cuiuslibet
522 3423 720 3492 condicionis
733 3447 875 3513 persona
890 3427 941 3493 vel
957 3427 1026 3492 ulla
1041 3424 1180 3491 societas
1198 3421 1296 3488 homi-

162 3544 240 3590 unm
256 3525 417 3611 Bragensi
433 3531 568 3618 ecclesie
584 3534 755 3618 quicquam
772 3535 821 3600 sui
837 3533 917 3600 iuris
933 3534 966 3599 in
994 3530 1172 3618 prenotatis
1189 3528 1296 3594 termi-

159 3631 212 3698 nis
228 3633 376 3700 alienare
400 3646 576 3721 presumat.
604 3639 703 3709 Cuius
727 3643 1012 3728 redintegrationis
1035 3648 1066 3708 et
1082 3637 1294 3707 confirmatio·

159 3738 212 3803 nis
229 3742 427 3826 auctoritas,
453 3751 487 3810 ot
512 3746 599 3812 omni
615 3767 675 3816 evo
692 3751 820 3818 stabilis
836 3757 869 3818 et
883 3751 1074 3819 inconvulsa
1092 3751 1292 3834 permaneat,

161 3845 249 3912 hanc
269 3855 394 3916 cartam
410 3851 486 3918 inde
505 3855 675 3940 conscribi,
699 3877 795 3941 quam
812 3859 895 3924 sicut
912 3858 998 3924 inira
1013 3861 1169 3942 apparet,
1197 3871 1293 3918 manu

158 3955 298 4040 propria
312 3959 504 4025 roborantes
516 3959 730 4046 impressione
746 3964 847 4049 sigilli
857 3965 960 4032 nostri
969 3957 1121 4030 iussimus
1132 3957 1291 4043 insigniri.

270 4063 406 4146 Signum
432 4066 554 4136 domini
572 4071 703 4136 Henrici
726 4071 818 4137 tercii
841 4073 1060 4139 Romanorum
1085 4065 1291 4154 imperatoris

157 4169 303 4254 augusti.

266 4275 473 4348 Hermauuus
487 4285 702 4354 cancellarius
719 4287 789 4354 vice
804 4288 986 4358 Wezelonis
1010 4280 1291 4352 archicancellarii

157 4385 362 4466 recognovit.

266 4495 389 4561 Datum
404 4495 462 4562 ΙΙΙ.
481 4495 642 4569 kalendas
657 4503 747 4592 Maii,
765 4527 849 4574 anno
866 4506 908 4572 ab
925 4501 1147 4570 incarnatione
1167 4497 1288 4566 domini

152 4599 381 4688 blLXXXVI,
399 4603 575 4676 indictione
584 4609 681 4698 vlit,
699 4633 784 4684 anuo
801 4619 908 4686 autem
920 4605 1185 4683 domniHeiurici
1196 4611 1289 4699 regni
