3268 5194
840 314 995 416 Α

353 509 497 594 veniens,
514 515 630 576 cauma
645 529 702 595 per
711 509 858 577 ordinem
873 509 968 576 nobis
979 509 1140 593 revelent;
1157 515 1384 595 quatenusper
1395 510 1485 575 mam

349 617 498 702 justitiae
513 617 708 702 incedentes,
724 618 880 702 quidquid
896 623 1016 684 rectum
1027 623 1077 684 est
1092 616 1176 683 iuter
1190 637 1261 702 ros,
1283 616 1417 683 deunce
1433 637 1489 682 va-

354 725 489 794 leamus.
506 728 557 793 De
573 727 710 793 caeteris
727 731 835 792 autem
849 723 1004 812 capitulis
1020 724 1113 793 vobis
1139 725 1381 808 innotescimus,
1408 744 1489 807 qua·

354 837 448 900 tenus
464 834 525 900 hae
541 833 668 900 ratione
684 838 841 918 excepta,
866 831 1019 916 quioquid
1035 831 1236 918 synodaliter
1251 832 1353 898 nostri
1368 830 1505 916 Legati.

355 941 510 1028 Episcopi
519 941 686 1008 vobiscum
696 959 762 1006 una
777 944 967 1023 statuerunt,
984 938 1113 1005 anobis
1124 937 1314 1006 confirmata
1330 939 1486 1004 existant.

354 1048 419 1116 Sed
442 1049 520 1132 quia
545 1048 677 1114 minime
701 1067 752 1114 res
777 1047 961 1132 praelibata
984 1046 1254 1113 tumultuantibus
1282 1047 1375 1113 vobis
1400 1045 1488 1112 liniri

355 1155 476 1240 valuit,
502 1155 585 1223 nihil
599 1154 731 1240 dignum
748 1155 915 1240 religionis
931 1153 1163 1222 Ecclesiasticus
1181 1154 1338 1239 dogmata
1357 1172 1486 1220 sumere

355 1265 471 1350 potuit.

714 1353 865 1422 (Ugyauott
878 1356 930 1406 ΙΙΙ.
945 1356 1001 1407 lot.
1017 1357 1075 1406 101.
1089 1355 1118 1420 l.)

796 1641 1056 1654 *ιιι-

906 2085 937 2152 l.

356 2263 536 2330 Mudalbert
548 2267 653 2350 pripoc'
668 2265 755 2328 lodiuct
770 2264 974 2328 irrttclccdc'aei
984 2263 1216 2328 Dolouitu'aeiuclc
1231 2267 1360 2350 cqylatzt'
1375 2269 1480 2352 119μεί-

510 2373 576 2455 ben,
594 2371 737 2459 melyekct
753 2372 812 2437 IV.
832 2373 891 2436 Leo
902 2377 993 2457 prlpa
1010 2371 1229 2458 ltelybeulla‘yy.
1247 2375 1322 2436 928.

467 2585 510 2597 -
527 2587 570 2596 -
588 2587 628 2597 -
645 2549 739 2618 Unde
754 2548 937 2633 frequenter
952 2549 1066 2616 eadem
1092 2552 1299 2634 poscentibus
1323 2551 1416 2616 nobis
1433 2547 1487 2614 de-

358 2657 534 2724 finitionem
551 2659 691 2744 recipere
721 2660 783 2726 hac
798 2658 838 2723 de
855 2677 956 2724 causa
971 2657 1194 2742 terminando,
1220 2659 1399 2742 injunctam
1424 2658 1489 2722 sibi

358 2766 466 2850 operis
495 2765 683 2849 Bulgariam
711 2771 856 2850 petentes
882 2767 1100 2833 Romanorum
1125 2767 1240 2850 Legati
1265 2767 1489 2832 bladalbertus

358 2873 562 2939 Venerabilis
578 2873 768 2959 Episcopua,
786 2879 818 2938 et
833 2874 977 2941 loannes
994 2875 1069 2940 Dux
1088 2874 1238 2956 Illustris,
1256 2877 1332 2940 Dux
1349 2875 1489 2957 Oumas;

362 2999 445 3063 quae
469 2987 645 3064 sequuntur
669 2981 847 3066 epistolae,
875 2981 918 3046 ad
934 3002 993 3050 uos
1010 2989 1084 3068 post
1100 2983 1264 3048 biennium
1281 2983 1489 3048 devenerunt.

359 3088 587 3156 Pervenientes
613 3089 713 3175 igitur
728 3109 764 3156 se
787 3089 927 3175 praelati
953 3092 1054 3176 legati
1071 3090 1114 3156 ad
1137 3089 1275 3158 confinia
1299 3097 1430 3173 nostra,
1456 3095 1490 3152 et

359 3195 442 3263 sicut
457 3197 523 3263 illis
538 3217 621 3283 opus
637 3198 816 3283 injunctum
832 3198 1023 3284 Apostolica
1033 3198 1183 3282 jussione
1199 3197 1278 3283 luit,
1296 3198 1488 3282 Bulgariarn

359 3311 585 3391 perrexerunt,
612 3307 732 3391 quiquo
747 3311 879 3391 peracto
906 3307 1036 3389 negotio
1054 3307 1145 3391 pacis
1170 3307 1254 3373 inter
1269 3305 1428 3392 Balgaros
1457 3311 1490 3370 et

359 3412 506 3497 Oroatos,
522 3414 658 3499 repetito
674 3415 736 3480 iter
751 3415 795 3504 ad
810 3435 869 3481 uos
886 3413 1088 3480 Venerabilis
1113 3414 1335 3480 Madalbertus
1356 3413 1490 3498 Episco-

359 3541 421 3607 pus
437 3521 470 3585 in
482 3519 631 3586 Ecclesia
646 3521 833 3605 Spalateusi
851 3522 1037 3606 adveniens,
1063 3522 1264 3607 synodaliter
1279 3543 1338 3589 nos
1355 3523 1488 3607 Episco-

359 3647 420 3711 pos
430 3625 601 3712 loannem,
612 3627 810 3712 Feminam,
823 3629 1026 3713 Gregorium,
1044 3649 1116 3695 cum
1125 3627 1316 3696 croatorum
1326 3629 1488 3713 Principe,

360 3739 393 3800 et
409 3735 479 3819 ejus
494 3731 686 3803 Proceribus
710 3739 939 3823 congregatim
967 3757 1038 3804 cum
1061 3739 1177 3822 quibus
1203 3737 1348 3804 residens
1373 3744 1489 3803 cuncta

360 3842 546 3930 provinciae
568 3845 721 3930 antiquae
743 3845 984 3914 consuetudinis
1002 3848 1093 3932 justo
1109 3846 1330 3913 moderamine
1345 3865 1491 3931 perscru-

360 3958 452 4036 tans,
479 3950 618 4018 firmavit
633 3953 742 4020 omnia
766 3952 941 4018 secuudum
962 3959 1106 4019 veterum
1132 3957 1256 4020 statuta
1280 3954 1314 4018 in
1338 3953 1490 4020 omnibus

347 4059 516 4127 -Ecclesiis
537 4061 771 4147 Episcoporum
795 4060 968 4146 privilegia
984 4060 1207 4144 redintegrari.
1233 4063 1284 4126 Ita
1308 4058 1489 4142 dumtaxat,

362 4175 398 4234 ut
413 4167 564 4234 Ecclesia
579 4169 690 4235 Sancti
699 4168 841 4252 Domnii,
858 4167 940 4233 siout
957 4167 999 4232 ab
1016 4167 1118 4251 initio,
1140 4168 1318 4234 Primatum
1333 4167 1490 4250 obtineat,

361 4281 393 4341 et
407 4275 493 4342 intra
511 4277 631 4342 limites
646 4275 815 4343 Dioecesis
832 4293 910 4340 suae
926 4279 1042 4341 cuncta
1060 4275 1215 4341 canonice
1233 4279 1380 4360 peragat.
1397 4274 1491 4340 Simi-

362 4381 435 4449 liter
450 4401 664 4466 unaquaeque
680 4382 839 4466 Ecclesia,
856 4380 907 4446 vel
923 4382 1051 4467 civitas,
1068 4401 1152 4465 quae
1162 4379 1345 4448 Pontificali
1358 4399 1491 4447 munere

363 4491 547 4576 constipata
557 4491 714 4576 consistit,
732 4491 828 4556 simul
839 4487 949 4556 sedem
959 4511 1031 4556 cum
1041 4489 1220 4576 praefinitis
1235 4491 1382 4556 terminis
1393 4491 1491 4556 Dioc-

363 4599 430 4666 cesi
445 4617 560 4664 suaea
586 4599 732 4684 patribus
758 4599 912 4666 institutis
938 4598 1129 4682 regulariter
1153 4597 1323 4682 abutatur3
1349 4605 1417 4662 tam
1433 4596 1489 4662 Ja-
