3164 5192
614 345 765 446 m

126 541 167 608 ad
183 541 313 610 ordines
329 541 465 622 fuerint,
492 540 544 606 vel
561 542 594 608 in
611 541 795 628 Episoopos
811 541 1037 626 consecrandi,
1060 563 1119 628 per
1134 543 1258 612 rioinos

127 635 315 716 Catholieos
332 648 502 714 dumtaxat
517 649 700 735 Episcopus
716 655 748 716 et
764 650 969 719 ordinandos
983 650 1122 735 ordinet,
1138 659 1171 718 et
1186 673 1257 719 oon·
1325 647 1328 656 '

126 761 227 820 seoret
244 755 493 822 conseerandos.
520 757 748 825 Mandavimus
774 777 902 844 quoque
918 757 1003 845 ipsi,
1029 763 1065 824 ut
1081 758 1122 822 de
1137 777 1259 826 corona

126 863 387 950 progenitoribus
400 863 466 929 tuis
480 864 523 930 ab
534 864 685 930 Ecclesia
700 867 851 932 Romana
866 865 989 933 eollata
1000 873 1068 932 tam
1083 886 1142 951 per
1157 865 1258 934 libros

126 978 262 1054 ueteres,
289 989 387 1054 quam
404 970 473 1036 alia
489 970 686 1038 documenta
701 971 844 1057 inquirat
867 972 1060 1058 diligentius
1074 972 1257 1054 veritatem,

129 1084 159 1143 et
173 1078 215 1144 de
229 1077 381 1144 omnibus
396 1082 505 1144 tenum
514 1083 642 1163 tradet,
660 1098 722 1162 que
740 1078 859 1146 fuerint
873 1078 1118 1166 pertractanda,
1134 1084 1171 1146 ut
1186 1097 1258 1145 oum

127 1206 182 1270 per
195 1185 306 1272 ipsum
324 1190 355 1250 et
373 1184 503 1252 nuntios
520 1193 594 1252 tuos
610 1185 651 1251 de
667 1187 818 1254 omuibus
833 1185 953 1254 redditi
973 1184 1130 1252 fuerimus
1147 1187 1257 1252 oertio·

127 1313 186 1376 res,
205 1291 385 1360 consultius
402 1298 434 1356 et
449 1292 627 1376 maturius,
652 1299 749 1380 prout
764 1293 1005 1380 procedendum
1021 1293 1131 1378 fuerit,
1148 1312 1257 1379 proee-

128 1401 250 1467 damus.
277 1400 444 1468 Monemus
472 1400 572 1484 igitur
595 1401 801 1470 nobilitatem
826 1410 916 1470 tuam
942 1409 975 1469 et
999 1400 1208 1469 exhortemur
1222 1403 1257 1468 in

6 1521 7 1562 1
126 1509 286 1593 Domino,
313 1514 473 1592 quatenus
494 1509 654 1594 Legatum
669 1509 787 1596 ipsum,
805 1510 889 1577 siout
903 1528 1079 1596 personam
1100 1514 1256 1593 nostram,

127 1619 267 1702 benigne
293 1617 454 1703 suscipias
471 1622 503 1684 et
518 1617 693 1686 honorifioe
709 1619 843 1686 studeas
865 1624 1084 1705 pertraetare,
1112 1617 1258 1682 salubria

6 1773 7 1818 3
128 1725 252 1793 monita
268 1731 301 1790 et
316 1730 440 1792 statuta
464 1725 568 1811 ipsius
585 1732 618 1794 et
632 1732 668 1792 tu
684 1729 757 1814 ipse
772 1727 953 1813 recipiens,
980 1732 1012 1790 et
1035 1725 1077 1789 ab
1103 1723 1258 1790 universa

127 1833 345 1918 Bulgarorum
369 1839 402 1899 et
416 1833 612 1902 Blaehorum
628 1833 777 1902 Eoelesia
801 1833 903 1918 reeipi
918 1830 1042 1898 faeiens
1062 1837 1095 1896 et
1121 1831 1257 1898 serrari.

6 2007 7 2010 ,
128 1940 270 2028 Expedit
285 1941 372 2006 enim
387 1940 447 2006 tibi
463 1947 531 2006 tam
547 1942 591 2007 ad
607 1942 820 2027 temporalem
836 1940 984 2025 gloriam,
1002 1958 1102 2022 quum
1118 1937 1256 2004 salutem

129 2053 294 2130 eternam,
319 2053 355 2113 ut
370 2047 453 2114 sieut
467 2067 607 2134 genere,
633 2048 681 2115 sie
696 2047 743 2114 sis
759 2048 859 2115 etiam
882 2045 1063 2114 imitatione
1079 2047 1255 2127 Romanus,

6 2167 7 2226 ἶ
129 2162 160 2222 et
173 2157 319 2244 populus
334 2160 420 2222 terre
435 2161 509 2240 tue,
536 2156 592 2240 qui
608 2155 649 2222 de
665 2156 827 2241 sanguine
841 2157 1061 2224 Romanorum
1088 2173 1124 2220 se
1140 2151 1257 2220 asserit

129 2263 360 2348 deseendisse,
385 2263 533 2332 Eeelesie
548 2266 694 2332 Romane
721 2264 871 2330 instituta
896 2267 1071 2346 sequatur,
1098 2269 1133 2328 ut
1158 2260 1256 2326 etiam

6 2405 7 2410 ι
128 2371 160 2436 in
175 2371 265 2438 uultu
281 2371 400 2440 Divino
417 2391 523 2439 mores
538 2372 710 2438 videantur
734 2372 860 2458 patrios
881 2369 1036 2437 redolere.
1060 2370 1182 2434 Datum
1197 2367 1256 2433 La-

6 2509 7 2512 *
130 2478 234 2544 terani
246 2479 284 2544 V.
296 2478 458 2546 kalendas
467 2479 660 2546 Deoembris
671 2476 896 2566 (Pontificatus
906 2477 1009 2544 nostri
1019 2497 1104 2544 auno
1119 2473 1257 2561 quinto.)

131 2675 241 2742 fidigna,
255 2677 407 2728 Innocentii
421 2677 473 2727 ΠΙ.
487 2675 588 2726 Summi
609 2674 747 2726 Pontifleis
763 2675 853 2740 Opera
872 2675 893 2723 Ι.
908 2673 963 2724 ket.
979 2673 1057 2724 111³.
1072 2673 1107 2733 1.;
1130 2673 1257 2734 Theium,

251 2763 351 2814 Vetera
363 2764 539 2816 Monumenta
552 2764 693 2816 slavorum
707 2762 923 2813 Maridioualium
936 2761 959 2812 1.
971 2760 1028 2813 kot.
1046 2762 1085 2814 16.
1101 2760 1130 2826 l.)

661 3495 737 3563 14⁷.

133 3695 284 3762 Basilius
299 3699 439 3782 suomi,
462 3719 540 3761 usas
556 3693 792 3781 botgdrorsadgi
807 3692 953 3757 dramate
979 3690 1072 3756 lovels
1089 3690 1151 3756 ΙΙΙ.
1170 3689 1259 3754 lauze

512 3859 515 3864 .
555 3801 714 3889 pdpdltoa.
739 3799 836 3864 1202.

239 3999 498 4066 Honoratissimo
513 4005 545 4064 et
559 3996 771 4065 Sanctissimo
786 3996 918 4061 Summo
929 3991 1079 4059 Pontifiei
1097 3991 1259 4076 etPapae,

134 4105 203 4189 Ego
229 4104 371 4172 Basilius
398 4105 552 4190 indiguus
576 4103 850 4188 Arohiepiseopus
874 4099 1065 4166 Sanotitatis
1086 4099 1202 4162 Vestra
1229 4103 1261 4161 et

135 4218 247 4297 pastor
264 4212 305 4278 de
320 4213 467 4297 Zagora,
495 4214 652 4294 salutem,
680 4209 834 4295 gaudium
850 4213 882 4274 et
897 4205 1122 4272 adorationem
1145 4201 1259 4268 merito

134 4319 227 4385 vobis
243 4324 410 4403 tamquam
427 4318 514 4404 patri
528 4323 640 4385 nostro
655 4315 804 4404 speciali.
833 4311 991 4390 Quamvis
1006 4330 1072 4376 non
1097 4309 1261 4393 posuimus

136 4445 192 4493 ros
208 4425 421 4510 eorporaliter
446 4425 606 4509 adorare,
631 4443 691 4492 vos
705 4431 815 4490 tamen
834 4416 1048 4505 spiritualiter
1074 4413 1260 4497 adoramus,

137 4532 338 4600 nonfioantes
355 4532 527 4600 sanctitati
545 4534 677 4615 Vestra,
706 4527 792 4614 quod
808 4545 880 4591 oum
894 4543 955 4592 nos
970 4520 1111 4588 vidimus
1127 4519 1262 4586 missum

138 4658 159 4703 a
173 4640 266 4708 vobis
277 4641 484 4708 Dominieum
501 4639 815 4726 Arohipresbiterum
825 4631 1086 4715 Brundusinam,
1102 4629 1173 4696 Deo
1190 4647 1262 4716 gra-
