3202 5190
631 977 707 1044 178.

104 1172 175 1239 ΙΙΙ.
192 1173 282 1235 Isrcze
293 1177 385 1261 pulpa
401 1171 592 1240 Anastasius
616 1175 802 1240 belebusdii
828 1175 1065 1265 bolpdrorszdpi
1088 1180 1233 1246 traducit

428 1281 457 1345 is
473 1280 567 1345 ludi
581 1303 603 1344 u
613 1279 793 1367 pultiumot.
813 1285 911 1346 1204.

213 1495 422 1562 Innocentius
439 1495 622 1581 Episcopus
639 1501 699 1561 etc.
716 1495 894 1564 Anastasio
907 1497 1161 1585 Archiepiscopo
1177 1499 1234 1566 Be-

103 1601 319 1668 lebusdiensi.
347 1601 428 1668 Cum
445 1622 556 1669 omncs
582 1622 679 1668 unum
697 1621 815 1688 corpus
832 1603 932 1670 simus
949 1605 982 1670 in
1000 1606 1126 1674 Christo
1136 1657 1146 1690 ‚
1172 1608 1233 1672 sin-

103 1709 176 1793 guli
194 1715 301 1775 autem
313 1709 396 1775 alter
412 1709 547 1775 alterius
558 1709 713 1793 membra,
734 1729 793 1774 nec
804 1711 913 1777 omnia
924 1713 1070 1778 membra
1086 1713 1232 1779 eumdem

105 1821 216 1880 actum
232 1815 354 1882 habere
370 1823 555 1898 noscantur,
578 1815 717 1882 sednon
734 1817 839 1882 solum
856 1817 890 1883 in
907 1817 1033 1902 officiis,
1050 1819 1108 1884 sed
1124 1819 1157 1883 in
1173 1819 1233 1886 for·

104 1943 162 1988 ma
177 1927 211 1988 et
227 1942 248 1987 a
263 1942 299 1988 se
315 1922 444 2006 distent,
461 1921 617 1988 distantia
631 1923 828 2010 hujusmodi,
845 1925 897 1990 vel
915 1923 1099 1991 differentia
1114 1926 1232 2011 potius,

103 2049 170 2096 non
188 2028 425 2096 deformitatem
442 2029 598 2114 eorporis,
618 2031 677 2096 sed
688 2030 836 2098 decorem
852 2032 960 2118 potius
977 2038 1143 2118 operante,
1161 2051 1233 2098 eum

105 2135 204 2201 stella
220 2135 319 2201 etiam
334 2136 369 2200 in
385 2135 534 2202 claritate
550 2136 649 2202 distet
665 2157 686 2202 a
701 2136 816 2222 stella;
834 2137 937 2223 decet,
953 2139 1059 2221 utqui
1075 2139 1232 2224 majorem

104 2242 213 2310 locum
228 2242 262 2306 in
277 2241 427 2308 Ecclesia
442 2243 505 2308 Dei
520 2249 650 2327 tenent,
676 2244 873 2310 honorentur
890 2243 1039 2328 amplius,
1062 2249 1094 2309 et
1109 2244 1233 2332 speciu-

105 2349 195 2416 libus
211 2349 343 2416 honoris
366 2348 549 2433 insignibus
564 2349 773 2416 adornentur.
801 2348 880 2416 (lum
897 2349 996 2434 igitur
1012 2350 1232 2416 venerabilem

104 2455 239 2522 fratrem
257 2463 402 2524 nostrum
420 2507 428 2522 .
447 2506 454 2522 .
473 2507 481 2524 .
498 2456 787 2543 Archiepiscopum
797 2456 1103 2524 Trinovitanensem
1119 2457 1153 2522 in
1169 2479 1232 2524 om-

106 2563 203 2630 nibus
229 2563 345 2648 terris,
371 2564 405 2630 in
421 2564 538 2648 quibus
561 2563 772 2631 charissimus
798 2565 832 2630 in
849 2563 976 2632 Christo
1002 2565 1088 2632 filius
1111 2571 1231 2649 noster,

106 2670 337 2756 Oalojoannes,
354 2672 424 2738 Rex
440 2670 657 2756 Bulgarorum
673 2676 705 2738 et
720 2671 893 2738 Blacorum
909 2672 1058 2756 Illustris,
1082 2673 1231 2758 imperat,

107 2779 284 2844 Primatem
302 2777 489 2843 duxerimus
505 2777 732 2862 statuendum,
758 2777 891 2845 honoris
907 2777 1062 2864 insignia,
1088 2797 1173 2861 quae
1190 2777 1233 2842 ad

107 2883 250 2952 officium
267 2884 338 2968 eJus
353 2888 514 2971 spectant,
541 2883 573 2949 ei
584 2883 682 2966 juxta
695 2883 789 2952 Sedis
804 2883 1016 2969 Apostolicae
1031 2883 1233 2951 consuctudi-

108 3011 182 3058 nem
192 2991 427 3076 concedentes;
444 2995 520 3056 utte
530 3009 669 3074 quoque,
686 2997 842 3076 tauquam
851 2989 1044 3057 honorabile
1055 2991 1233 3056 membrum

107 3101 278 3166 Ecclesiae
292 3097 594 3182 ahinovitmcnsis,
619 3103 651 3164 et
666 3097 952 3182 Metropolitanum
968 3097 1232 3164 Belebusdiensis

106 3208 297 3291 Ecclesiae,
322 3225 362 3272 ac
377 3204 595 3289 suffraganeis
613 3205 683 3289 ejus
699 3203 935 3287 Metropolitico
948 3204 1023 3288 jure
1040 3203 1233 3288 praelatum,

106 3315 295 3403 specialiter
308 3315 521 3396 honoremus,
547 3332 607 3398 per
623 3312 776 3378 dilectum
792 3311 912 3396 hlium,
930 3312 966 3377 L.
983 3310 1070 3376 tituli
1092 3313 1233 3377 Sanctae

106 3423 220 3490 Crucis
235 3422 467 3508 Presbyterum
483 3420 702 3505 cardinalem,
726 3417 937 3505 Apostolieae
953 3417 1047 3484 Sedis
1064 3419 1232 3502 Legatum,

106 3531 213 3597 virum
225 3532 397 3598 honestate
412 3549 536 3597 morum
546 3535 579 3595 ct
594 3529 670 3596 dote
680 3529 836 3596 scientiae
847 3527 1117 3612 commendatum,
1139 3545 1234 3610 quem

109 3638 195 3704 inter
223 3642 370 3704 caeteros
395 3636 514 3703 fratres
540 3641 669 3704 nostros
698 3635 852 3721 specialis
879 3633 1064 3700 dilectionis
1091 3631 1234 3698 brachiis

110 3746 346 3832 amplexamur,
369 3744 506 3831 pallium
522 3743 563 3809 de
586 3762 722 3829 corpore
739 3741 833 3809 Beati
848 3743 935 3809 Petri
951 3749 1134 3828 sumptum,
1161 3740 1235 3806 insi-

107 3872 171 3937 gne
180 3853 334 3920 videlicet
343 3849 555 3936 plenitudinis
565 3849 766 3916 Pontificalis
776 3849 884 3934 officii,
899 3848 959 3916 tibi
969 3848 1151 3933 dirigimus,
1163 3867 1235 3914 oon-

107 3958 278 4025 ierendum
290 3958 388 4042 juxta
411 3956 548 4024 formam
564 3955 673 4022 bullae
689 3961 822 4022 nostrae
844 3955 1021 4021 munimine
1038 3956 1233 4022 roboratum.

109 4069 280 4135 hlonemus
290 4063 390 4150 igitur
404 4062 645 4130 fraternitatem
654 4068 755 4146 tuam,
773 4070 806 4128 et
822 4063 1030 4130 exhortamur
1041 4062 1074 4126 in
1084 4061 1234 4144 Domino,

110 4183 142 4241 et
156 4193 217 4260 per
232 4171 407 4257 Apotolica
422 4171 483 4236 tibi
498 4171 623 4255 scripta
638 4167 843 4256 mandamus,
866 4175 1025 4250 quatenus
1041 4168 1122 4234 illud
1137 4169 1236 4234 humi-

112 4281 186 4348 liter
204 4286 239 4348 et
254 4280 372 4346 devote
386 4277 560 4365 suscipias,
581 4285 613 4344 et
629 4298 678 4363 eo,
694 4297 759 4345 non
777 4276 820 4342 ad
836 4277 1020 4360 elationem,
1038 4274 1097 4340 sed
1112 4275 1236 4340 humili-

110 4395 210 4456 tatem
226 4377 355 4474 potius,
384 4388 470 4454 infra
485 4386 665 4453 Ecclesiam
680 4391 770 4452 tuam
785 4385 819 4449 in
835 4384 1008 4450 missarum
1025 4381 1235 4467 solemnibus,

111 4496 227 4564 diebus
243 4496 311 4563 illis
327 4497 452 4580 utaris,
480 4515 561 4579 quos
578 4494 664 4562 idem
680 4494 739 4562 tibi
755 4491 940 4558 Cardinalis
958 4497 1110 4575 exponet,
1126 4489 1237 4556 talem-

110 4625 173 4689 que
190 4611 224 4673 te
240 4605 374 4672 studeas
390 4604 563 4686 exhibere,
584 4609 618 4668 ut
632 4603 766 4669 interior
782 4601 934 4668 virtutum
953 4605 1087 4666 ornatus
1103 4598 1238 4666 exterio-

154 4743 259 4780 ιιοιιιιιι.
276 4741 359 4780 acue.
375 4741 444 4780 arsr.
463 4749 500 4761 —
519 4739 591 4776 uma.
610 4732 642 4769 ¹1.
1037 4717 1075 4771 19
