3200 5182
860 359 972 458 ..4⁷6
1003 424 1011 436 ι

367 551 458 638 locis,
486 553 580 618 since
605 554 669 620 XX
686 555 780 638 culte,
807 561 944 640 excepta
970 557 995 637 I,
1013 575 1074 638 que
1100 555 1199 622 babet
1223 557 1256 622 in
1274 558 1286 621 Ι
1302 557 1374 624 loco
1403 557 1505 640 quasi

367 665 462 730 XXX
480 661 601 745 iugera.
621 665 700 728 Item
717 663 883 730 lohannes
900 665 1083 749 Episcopus
1100 665 1140 730 de
1157 666 1262 750 Sceny
1278 667 1342 731 IIII
1357 665 1502 747 vincas,

366 769 441 834 item
457 771 647 838 Ambrosius
665 772 849 838 Canonieus
865 773 893 838 V
909 773 1022 838 vineas
1044 773 1161 856 cultas,
1182 774 1322 839 incultas
1338 776 1388 856 lI;
1416 774 1503 838 item

365 877 486 942 Paulus
502 877 683 945 Canonicus
699 881 727 944 ll
745 881 879 964 vlneas;
896 879 1024 964 Wydou
1042 879 1278 962 canonicus13
1297 883 1372 946 item
1391 879 1505 945 Cano-

365 982 455 1048 nicns
474 985 600 1070 Vytalis
628 988 654 1052 L
671 986 786 1068 iugera
811 993 843 1052 et
858 989 890 1054 X
906 987 1040 1070 vineas;
1070 987 1147 1051 item
1172 987 1274 1053 Potor
1296 988 1456 1052 Decanus
1475 990 1503 1052 L

363 1090 486 1174 ingara,
504 1092 618 1158 vineas
635 1093 771 1177 XXVII,
799 1101 831 1159 et
846 1095 878 1160 Il
894 1093 926 1158 in
944 1095 1027 1176 Gan,
1045 1095 1109 1160 lin
1127 1095 1230 1178 Laba,
1255 1095 1373 1160 silvam
1394 1095 1500 1176 quasi

362 1198 393 1262 X
409 1199 540 1283 ingera;
565 1199 642 1266 item
668 1201 772 1267 Bokot
795 1201 828 1266 in
845 1200 939 1285 Glety
962 1201 1006 1266 ad
1022 1204 1053 1266 ll
1076 1209 1197 1286 aratra,
1224 1202 1257 1266 in
1283 1202 1389 1283 Bercy
1413 1201 1500 1266 adl

362 1313 515 1390 aratrum,
534 1309 665 1374 terciam
677 1317 801 1394 partem
819 1309 886 1375 filio
902 1329 1045 1376 succum
1062 1310 1198 1376 decimis
1215 1309 1353 1393 dimisit3
1375 1310 1500 1375 vineas

361 1413 459 1482 babet
474 1419 566 1502 XIII,
596 1419 728 1484 terciam
745 1425 869 1504 partem
896 1419 1035 1486 filiosuo
1061 1439 1134 1484 cum
1149 1419 1293 1504 decimis,
1320 1419 1439 1484 silvam
1462 1420 1497 1482 in

359 1521 461 1590 tribus
478 1524 568 1604 locis,
595 1527 689 1608 quasi
705 1526 736 1591 X
753 1531 785 1592 ct
799 1527 877 1592 VIII
892 1525 1017 1609 iugera.
1042 1527 1078 1592 In
1101 1527 1180 1592 villa
1207 1525 1297 1592 Gan
1321 1527 1385 1592 IIII
1401 1547 1498 1592 man-

360 1627 477 1712 siones,
493 1635 589 1700 XXX
602 1634 726 1720 iugera,
743 1633 924 1699 vineeVlll
936 1635 1030 1717 culte,
1047 1634 1167 1700 inculte
1185 1636 1222 1717 V,
1240 1633 1323 1700 silva
1333 1634 1364 1698 in
1381 1634 1497 1700 tribus

359 1736 440 1803 locis
455 1739 548 1822 quasi
566 1741 630 1806 XX
647 1742 771 1825 iugera,
798 1741 941 1807 senatum
957 1742 991 1808 in
1008 1743 1113 1809 tribus
1130 1743 1211 1809 locis
1235 1741 1327 1824 quasi
1348 1741 1424 1806 VIII
1443 1743 1494 1806 iu-

358 1863 445 1927 gera.
475 1847 555 1912 Item
572 1847 739 1916 Jolrannes
756 1855 787 1914 st
803 1850 921 1914 Wosos
949 1849 981 1914 in
998 1849 1119 1936 Ohepel
1145 1849 1267 1914 babent
1287 1845 1334 1914 Ill
1350 1847 1493 1930 vineas;

359 1949 449 2017 (luza
465 1955 602 2021 clericus
628 1956 660 2020 in
676 1957 871 2040 Keurusbeg
886 1957 918 2022 ll
935 1959 1058 2043 vineas,
1075 1958 1159 2024 Both
1176 1956 1293 2023 Custos
1317 1956 1350 2020 in
1367 1956 1492 2041 Kysfo-

357 2057 435 2124 luud
452 2063 481 2126 ll
498 2063 622 2130 vineas.
649 2067 685 2130 Iu
701 2065 783 2130 villa
806 2064 956 2132 Obaba
980 2073 1098 2133 terram
1114 2066 1158 2132 ad
1178 2068 1208 2131 ll
1224 2071 1343 2149 aratra,
1369 2064 1491 2132 vineas

358 2165 417 2233 Vll
434 2171 547 2254 cultas,
563 2172 702 2238 incultas
713 2174 787 2256 llll,
804 2173 921 2240 sllvam
937 2175 970 2239 in
980 2175 1044 2240 IIII
1060 2175 1141 2240 locis
1157 2172 1250 2256 quasi
1263 2173 1340 2238 VIII
1356 2172 1489 2256 iugera,

357 2275 499 2344 senetum
515 2279 548 2345 in
564 2283 597 2347 II
613 2283 704 2348 locis.
722 2284 801 2348 Item
818 2283 903 2349 filius
918 2283 1005 2348 Petri
1022 2286 1087 2351 XX
1102 2281 1225 2367 iugera,
1242 2281 1384 2346 sonetum
1401 2280 1436 2344 in
1455 2281 1488 2346 lI

356 2383 448 2468 locis,
466 2387 568 2454 silvas
584 2391 630 2455 Ill
647 2390 771 2475 iugera.
797 2392 831 2458 Si
847 2411 924 2458 vero
948 2391 1050 2476 aliqui
1067 2390 1108 2456 de
1125 2391 1198 2476 hijs,
1225 2390 1280 2474 qni
1297 2388 1417 2454 debent
1433 2389 1488 2454 de-

357 2493 457 2560 cimas
482 2499 680 2566 llonasterio
705 2501 816 2568 Sancti
833 2502 976 2586 Martini,
1004 2499 1044 2567 de
1061 2507 1168 2567 cetero
1184 2498 1332 2566 Ecclesia
1349 2492 1487 2564 Albensi

356 2621 392 2667 se
416 2605 623 2691 subiecerint,
650 2610 702 2676 vel
720 2609 908 2696 Propositus
933 2616 965 2676 et
986 2609 1141 2676 Canonici
1168 2605 1328 2674 Albenses
1352 2606 1484 2689 aliquas

354 2713 576 2795 possessiones
599 2715 745 2799 predicto
771 2717 966 2782 monasterio
984 2714 1162 2782 decimales
1177 2713 1270 2779 titulo
1295 2711 1483 2798 emptionis,

354 2818 406 2882 vel
424 2815 621 2905 donacionis,
646 2822 698 2890 vel
714 2843 905 2908 quocunque
921 2822 1017 2892 modo
1040 2821 1261 2906 acquisierint,
1291 2820 1353 2905 ipsi
1370 2839 1486 2886 omnes

355 2927 553 2995 Itlonasterio
567 2931 678 2996 Sancti
695 2932 825 2997 Martini
851 2932 995 2998 decimas
1012 2931 1053 2997 de
1069 2930 1192 2998 eisdem
1217 2927 1484 3015 possessionibus

353 3035 480 3102 solvere
496 3044 675 3105 teneantur.
694 3042 736 3105 Vt
752 3041 851 3125 igitur
867 3041 926 3106 hoe
942 3041 1075 3124 Regalis
1094 3038 1260 3106 ordinacio
1276 3043 1344 3102 tam
1360 3036 1485 3102 nostris
1560 3051 1562 3064 ¹

352 3162 449 3224 quam
466 3153 646 3214 nostrorum
672 3169 893 3215 suceessorum
908 3147 1107 3233 temporibus
1132 3147 1226 3211 salva
1243 3161 1372 3231 semper
1388 3151 1421 3210 et
1437 3145 1483 3208 iu·

352 3271 510 3320 concussa
535 3265 735 3341 permaneat,
762 3263 946 3342 presentem
967 3255 1121 3340 paginam
1147 3253 1208 3320 sub
1228 3250 1343 3318 eodem
1369 3259 1482 3318 tenore

352 3363 417 3422 tam
430 3361 577 3428 llcclesie
587 3365 731 3452 Albensi,
749 3386 846 3449 quam
863 3363 1060 3432 Monasterio
1078 3361 1189 3428 Sancti
1205 3359 1333 3427 llartini
1352 3378 1483 3428 eonces-

350 3466 451 3534 simus
468 3469 569 3554 sigilli
580 3472 681 3539 nostri
699 3473 875 3540 munimine
894 3473 1129 3558 inperpetuum
1142 3470 1340 3538 roboratam.
1358 3469 1481 3533 Datum

350 3593 408 3659 per
423 3595 538 3642 manus
553 3579 702 3664 Magistri
719 3580 819 3647 Bulsu
836 3577 1037 3662 Aule‘ltegie
1054 3575 1251 3644 Cancellarii
1271 3582 1304 3640 et
1325 3575 1481 3642 0000100-

349 3680 395 3744 sis
411 3683 581 3769 Prepesiti.
598 3689 690 3754 Anno
701 3689 872 3756 Dominice
885 3686 1126 3755 Inoarnacionis
1137 3687 1182 3752 ll?
1195 3683 1259 3750 00ο
1272 3683 1401 3748 XXIX.o
1421 3684 1480 3749 Vc·

348 3792 487 3858 nerabili
511 3795 652 3862 Roberto
676 3795 911 3881 Strigcniensi,
937 3793 1129 3860 Reverendo
1157 3791 1277 3877 Vgrino
1302 3789 1475 3857 Coloeensi

348 3899 622 3990 Arcbiepiscopis,
639 3914 779 3972 vacante
794 3904 878 3972 Sede
892 3901 1121 3982 Ghenadiensi,
1136 3899 1366 3965 Bartholomeo
1380 3895 1478 3974 Quin·

348 4012 615 4096 queecclesiensi,
641 4011 798 4097 Gregorio
826 4010 1011 4093 Geuriensi,
1038 4008 1130 4076 01010
1156 4006 1325 4091 Agricnsi,
1349 4005 1479 4070 Briccio

347 4120 545 4208 Wachiensi,
557 4121 744 4188 Alexandro
756 4119 971 4203 Waradiensi,
982 4117 1152 4202 Reynaldo
1162 4112 1476 4198 Transsilvaniensi,

347 4233 513 4319 Stephano
538 4231 764 4316 Zagrabiensi,
789 4229 1018 4296 Bartholomeo
1044 4223 1278 4313 Vesprimiensi
1299 4221 1478 4308 Episcopis

346 4342 570 4425 existentibus,
589 4340 755 4406 Ecclesias
766 4339 828 4404 Dei
844 4338 983 4405 feliciter
999 4335 1268 4421 gubernantibus.
1285 4333 1401 4416 Moyse
1417 4333 1477 4400 00-

345 4451 423 4515 mite
438 4449 601 4532 Palatino,
628 4447 783 4513 Ladizlao
799 4444 917 4512 Iudice
933 4443 1030 4510 Curio
1053 4451 1171 4528 nostre,
1199 4447 1232 4506 et
1249 4439 1375 4506 Comite
1393 4440 1478 4506 Baa-

344 4557 478 4642 ehiensi,
506 4556 614 4623 Ochuz
630 4555 753 4622 Ouriali
775 4553 900 4622 Comite
920 4551 1050 4620 domine
1066 4551 1201 4636 Regina,
1228 4545 1377 4613 Dionisio
1401 4547 1472 4614 lilio

345 4661 486 4730 Dionisii
510 4663 667 4746 Magistro
683 4663 937 4730 Tervarnicorum
953 4668 986 4730 et
1003 4659 1127 4728 Gemite
1146 4655 1390 4740 Zounulryensi,
1412 4656 1475 4724 De·
