3202 5190
846 415 1004 516 ἑο*

360 619 526 697 venerunt,
544 613 630 698 quod
647 612 754 680 clerici
766 611 1020 698 archiepiscopo
1039 619 1188 696 quartam
1207 617 1333 698 partem
1350 611 1490 676 decima·

361 724 483 792 tionum
511 730 542 790 et
559 723 760 791 oblationum
777 744 837 810 por
863 743 956 790 suurn
979 730 1230 810 procuratorem,
1254 723 1424 788 annuatim
1448 721 1489 785 vi-

363 831 444 918 ginti
460 851 617 918 perperos
642 851 702 915 pro
719 831 1022 918 recompensatione
1038 851 1137 916 supra
1163 830 1320 896 dictarum
1340 848 1491 914 procura-

362 939 507 1022 tionum,
535 945 566 1004 ct
583 938 669 1024 quod
686 937 851 1004 residuum
881 943 965 1004 esset
984 939 1023 1003 de
1039 939 1115 1024 ipsa
1139 945 1255 1022 quarta
1273 937 1418 1002 insnum
1443 957 1491 1003 co·

363 1046 494 1113 modurn
515 1053 755 1112 converteretur
773 1053 803 1110 cl
820 1066 932 1130 nsum;
958 1054 1106 1130 prctcrea
1123 1065 1179 1112 sex
1203 1051 1326 1112 lantum
1351 1042 1491 1130 prandia

366 1151 459 1218 daret
475 1152 598 1217 eisrlcnr
616 1152 745 1219 statutis
762 1151 995 1219 festivitatibus
1013 1154 1107 1237 anni,
1126 1153 1248 1220 scilicet
1267 1153 1380 1218 Sancti
1397 1153 1492 1218 Dom-

361 1260 419 1346 nij,
437 1261 671 1342 Pentecosten,
698 1260 729 1326 in
748 1261 975 1328 Translatione
992 1261 1086 1326 Beati
1102 1262 1252 1344 Domnij,
1279 1261 1393 1326 Sancti
1408 1259 1490 1325 Ana·

361 1365 466 1448 elesii,
484 1364 675 1432 Sanctorum
693 1365 808 1433 Cosnre
826 1375 856 1433 et
873 1365 1036 1451 Damiani,
1064 1375 1095 1432 et
1110 1369 1220 1434 Sancti
1237 1369 1419 1452 l⁷inccntij3
1436 1389 1491 1453 po·

361 1472 502 1542 tationes
514 1471 732 1542 Sabbatorum
752 1481 783 1541 et
793 1475 895 1542 tribus
912 1473 1154 1558 ebdomadarijs
1164 1474 1302 1558 singulis
1313 1473 1491 1540 Dominicis

362 1581 478 1648 diebus
494 1582 748 1667 procurationes,
767 1583 809 1647 ab
826 1582 975 1648 omnibns
993 1582 1091 1648 ctiam
1102 1582 1176 1665 alijn
1193 1582 1378 1667 adjutorijs‚
1397 1602 1508 1665 quea·

363 1691 464 1758 totius
481 1688 624 1755 ciuitatis
641 1689 767 1756 clericis
779 1689 888 1758 debito
900 1691 1087 1777 expetebat,
1107 1697 1171 1754 tam
1183 1710 1241 1776 pro
1255 1707 1299 1772 se,
1316 1709 1418 1772 qnam
1434 1708 1491 1772 pro

363 1796 606 1864 suecessoribus
623 1797 691 1862 suis
716 1803 874 1883 perpetuo
901 1795 1041 1862 reddidit
1066 1796 1200 1862 clericos
1217 1803 1415 1864 memoratos
1439 1795 1491 1861 inr-

362 1924 485 1970 munes.
510 1903 615 1982 Quam
632 1905 741 1988 utique
760 1903 1005 1972 conventionem
1027 1904 1233 1970 amicabilem
1249 1903 1289 1968 de
1306 1921 1446 1968 assensu
1463 1907 1491 1965 ct

361 2013 531 2079 voluntate
556 2011 720 2095 utriusque
739 2013 843 2098 partis
869 2012 988 2078 iactam
1007 2034 1065 2080 nos
1092 2017 1196 2078 ratam
1211 2011 1371 2078 habentes
1389 2021 1423 2076 et
1446 2010 1491 2074 tir·

360 2139 456 2203 mam,
475 2139 546 2187 eam
564 2119 606 2186 ad
624 2121 792 2204 exemplar
810 2121 958 2204 ejusdem
974 2121 1214 2206 predecessoris
1231 2120 1332 2187 nostri
1356 2117 1490 2185 auctori-

359 2231 428 2294 tate
453 2225 645 2314 Apostoliea
672 2227 898 2294 confirmamus
923 2234 956 2292 ct
980 2227 1139 2313 presentis
1165 2227 1282 2323 ¹scripti
1308 2227 1490 2313 patrocinio

360 2334 604 2402 communimus.
630 2333 844 2402 Decernimus
860 2353 957 2420 ergo,
978 2343 1013 2401 ut
1028 2335 1109 2402 nulli
1126 2335 1256 2402 omnino
1273 2335 1443 2404 hominum
1458 2335 1490 2400 li·

359 2447 432 2506 ceat
447 2441 530 2508 hanc
545 2443 701 2528 paginam
713 2449 822 2509 nostre
839 2444 1094 2511 confirmationis
1110 2443 1284 2528 infringere
1298 2446 1348 2510 rel
1367 2447 1400 2511 ei
1413 2465 1489 2512 ausu

358 2549 531 2616 temerario
549 2550 719 2618 contraire.
737 2551 772 2616 si
789 2552 862 2635 quis
879 2558 985 2617 autem
998 2551 1060 2618 hoe
1075 2557 1269 2636 attemptare
1285 2570 1489 2638 presumpse-

359 2656 412 2738 rit,
429 2655 686 2741 indignationem
698 2659 936 2745 Omnipotentis
947 2661 1009 2724 Dei
1021 2667 1051 2726 et
1064 2659 1237 2726 Beatornnr
1248 2660 1336 2726 Petri
1353 2669 1386 2728 el
1398 2655 1488 2726 Pauli

360 2763 591 2850 Apostolorum
604 2765 673 2834 eius
683 2785 720 2832 se
730 2766 855 2832 nouerit
867 2766 1080 2832 incursurum.
1092 2767 1212 2834 Datum
1223 2767 1392 2836 Ferentini
1404 2769 1486 2838 xil.

360 2870 427 2937 kal.
444 2872 536 2958 Julij,
554 2872 766 2940 Pontificatus
783 2873 886 2942 nostri
904 2891 990 2940 anno
1007 2895 1101 2942 nono.

569 3068 703 3136 (Camars,
719 3071 847 3124 Archirio
862 3071 1015 3140 capitolare
1030 3073 1055 3125 di
1070 3072 1179 3138 spalato
1195 3071 1237 3123 ll.
1251 3073 1280 3139 l.)

883 3867 959 3934 lea.

356 4059 421 4125 111.
438 4062 525 4126 lucae
538 4065 693 4149 pdpdoalr
711 4066 914 4132 cassamolas·
930 4091 951 4132 a
966 4069 1246 4140 ualenezcielrcllerr
1257 4071 1367 4140 Joera
1385 4071 1480 4161 elsop·

779 4171 941 4241 tamesae.
967 4179 1064 4242 1206.

462 4363 669 4434 Innocentius
689 4365 872 4454 Episcopus
890 4375 948 4436 cte.
975 4372 1103 4442 dilectis
1119 4375 1196 4440 filiis
1212 4375 1315 4443 nobili
1336 4377 1405 4445 riro
1424 4427 1432 4444 .
1449 4427 1456 4441 .
1474 4425 1480 4439 .

357 4467 440 4534 Duci
456 4474 488 4536 ei
502 4473 623 4558 populo
642 4473 836 4540 Venetorum
852 4477 990 4542 salntem
1007 4487 1065 4545 etc.
1091 4479 1300 4566 Apostolieae
1318 4485 1479 4551 servitutis

358 4573 500 4642 officium
515 4575 727 4647 laudabiliter
743 4601 949 4668 exercemus,
977 4586 1005 4651 si
1017 4587 1114 4670 juxta
1131 4589 1216 4672 quod
1238 4589 1333 4657 docct
1349 4591 1480 4678 Aposto-

358 4679 419 4768 lus,
429 4683 604 4770 arguimus,
623 4687 840 4774 obsecramus,
860 4697 890 4758 et
903 4691 1107 4782 increpamus
1123 4697 1155 4762 in
1172 4695 1260 4776 omni
1274 4699 1433 4782 patientia
1449 4711 1479 4767 ct
