3202 5190
882 889 958 959 llo.

377 1079 439 1146 111.
454 1076 544 1142 Incze
554 1073 712 1161 pu'pdaolc
729 1071 856 1138 odiosae
871 1094 894 1135 o
909 1071 1144 1158 bolpdrorscdpi
1159 1071 1284 1136 &sedek
1300 1073 1332 1136 ds
1343 1079 1463 1158 pltrpd

798 1179 922 1245 lrdklrea.
942 1181 1038 1244 1204.

445 1377 652 1445 Innocentius
662 1377 845 1462 Episcopus
857 1381 918 1442 etc.
935 1375 1189 1461 archiepiscopo
1206 1375 1488 1459 Trinovitanensi,

354 1489 453 1557 totius
470 1487 645 1571 Bulgariae
671 1493 704 1552 et
719 1485 853 1552 Blaciae
879 1485 1034 1569 Primati‚
1061 1493 1093 1551 et
1115 1485 1190 1552 aliis
1208 1485 1489 1573 Archiepiscopis,

355 1595 540 1683 Episcopis‚
565 1595 652 1661 clero
668 1599 701 1660 et
716 1595 836 1680 populo
858 1594 892 1659 in
909 1595 1084 1678 Bulgaria,
1111 1601 1143 1660 et
1158 1595 1273 1661 Blaoia
1289 1594 1490 1662 constitutis.

356 1705 446 1771 Licet
474 1721 581 1786 exeo,
605 1701 701 1786 quod,
721 1720 780 1787 per
795 1701 1026 1786 Apostolorum
1043 1701 1199 1788 principis
1216 1703 1343 1786 merita,
1360 1703 1492 1768 univer-

356 1813 436 1879 salis
451 1811 620 1878 Ecclesiae
635 1811 696 1876 sub
713 1828 751 1876 eo
768 1829 880 1876 sumus
896 1816 1030 1894 pastore
1044 1816 1204 1896 pastores,
1221 1812 1277 1895 qui
1294 1831 1373 1878 oves
1390 1810 1491 1892 alias,

356 1939 419 2005 que
435 1919 476 1985 de
501 1918 604 2004 ipsius
620 1917 698 1984 ovili
724 1937 791 1984 nou
806 1917 954 2001 fucrant,
981 1918 1129 1985 inunum
1153 1919 1289 1986 adduxit
1313 1920 1421 2002 ovile,
1450 1939 1493 1983 ac

356 2025 540 2114 pascendas
556 2043 615 2091 eas
625 2023 721 2092 Petro
738 2023 866 2110 pastori
876 2024 1057 2092 commisit:
1077 2027 1210 2112 „Pasce
1228 2028 1388 2111 iuquiens,
1407 2045 1493 2093 oves

357 2132 467 2202 meas“
485 2133 596 2220 (Joan.
613 2129 730 2219 XXI.),
757 2132 913 2198 instantia
937 2139 1050 2201 nostra
1075 2133 1265 2217 quotidiana
1290 2135 1334 2200 sit
1359 2134 1491 2200 univer·

356 2262 466 2309 sarum
482 2239 703 2307 Ecclesiarum
718 2239 905 2306 sollicitudo
922 2241 1086 2326 continua,
1113 2247 1145 2306 et
1161 2242 1325 2327 profectus
1342 2240 1492 2307 omnium

358 2348 562 2436 populorum,
589 2367 670 2431 quos
686 2354 790 2414 mater
806 2347 973 2432 Ecclesia,
999 2347 1156 2418 fermento
1172 2350 1272 2416 veteri
1291 2355 1491 2436 expurgato,

357 2459 389 2524 in
405 2477 526 2525 novam
542 2454 749 2538 regeneravit
764 2453 946 2538 infantiam,
971 2461 1003 2520 et
1019 2455 1052 2520 in
1069 2457 1174 2523 sinum
1192 2476 1294 2541 suum,
1321 2457 1405 2522 sicut
1419 2455 1493 2540 gal·

357 2564 426 2631 lina
442 2563 550 2649 pullos
567 2581 643 2630 suos
661 2567 858 2648 congregat,
885 2563 1116 2648 congregatim
1134 2564 1349 2648 Bulgurorum
1364 2569 1398 2628 et
1413 2561 1492 2627 Bla-

359 2692 467 2740 corum
480 2671 611 2756 populis
628 2677 718 2738 tauto
736 2691 795 2738 nos
807 2678 995 2758 reputamus
1006 2672 1181 2756 specialius
1191 2672 1365 2756 debitores,
1387 2689 1493 2756 quan·

356 2788 426 2846 tum
442 2797 507 2842 non
522 2777 627 2844 solum
642 2776 738 2842 iidem
750 2776 953 2844 catholicam
971 2778 1156 2863 perSedem
1168 2779 1391 2866 apostolicam
1407 2777 1492 2844 olim

357 2886 506 2954 devotius
521 2890 730 2971 receperunt,
751 2885 810 2950 sed
826 2883 1064 2952 descenderunt
1080 2887 1178 2952 etiam
1194 2907 1234 2953 ex
1250 2887 1409 2972 sanguine
1423 2887 1492 2952 Ro-

359 3012 526 3059 manorum
537 3042 546 3075 ,
574 3010 710 3074 quorum
736 3010 847 3058 sumus
873 2991 1033 3078 profectui
1058 2997 1090 3058 et
1105 2993 1284 3061 ministerio
1310 2993 1491 3079 specialius

357 3099 514 3188 deputati,
532 3099 596 3184 qni,
621 3105 777 3183 tanquam
794 3100 970 3184 peculiaris
987 3102 1126 3187 populus
1147 3107 1278 3186 noster,
1306 3101 1400 3168 uobis
1416 3107 1492 3166 tam

358 3210 390 3275 in
409 3206 645 3296 spiritualibus,
662 3226 760 3290 quam
772 3207 1006 3294 temporalibus
1020 3209 1109 3274 nullo
1122 3209 1294 3293 subjacent
1310 3207 1489 3274 mediante.

358 3317 400 3385 Ut
415 3315 515 3400 igitur
531 3314 602 3398 ejus
619 3315 843 3398 nrsgisterium
859 3321 1107 3400 recognoscant,
1129 3337 1149 3381 a
1165 3336 1231 3400 qua
1247 3315 1352 3382 sciunt
1368 3335 1404 3382 se
1420 3317 1491 3402 spi-

356 3424 517 3490 ritualiter
533 3421 697 3508 didicisse,
723 3424 810 3508 quod
825 3423 978 3508 credunt,
995 3430 1027 3490 et
1043 3424 1128 3508 quod
1144 3430 1227 3509 sunt,
1244 3423 1419 3491 carnaliter
1433 3443 1490 3490 ae-

357 3530 494 3617 cepisse,
513 3548 584 3595 cum
601 3529 779 3596 secundum
796 3549 926 3596 carnem
943 3529 1172 3596 descenderint
1188 3549 1227 3595 ex
1245 3529 1409 3597 nobilibus
1424 3533 1490 3598 Ro·

359 3655 538 3720 manorum,
556 3657 626 3720 nos,
643 3657 701 3723 pro
717 3638 834 3721 quibus
851 3638 1009 3703 Dominus
1030 3646 1187 3722 tanquam
1204 3638 1297 3704 Beati
1313 3638 1400 3704 Petri
1416 3658 1491 3705 suc-

358 3745 542 3811 cessoribus
558 3747 725 3831 exoravit,
751 3766 792 3810 ne
808 3745 938 3812 deficiat
954 3745 1035 3813 fides
1053 3751 1165 3813 nostra
1174 3797 1183 3830 ‚
1211 3746 1271 3812 sed
1286 3746 1403 3812 fratres
1429 3766 1490 3814 uo-

360 3859 444 3920 stros
461 3853 608 3921 conversi
619 3853 795 3938 aliquando
809 3856 1043 3940 confirmemus,
1064 3875 1121 3922 eos
1137 3853 1326 3922 confirmare
1337 3856 1490 3921 volumus

358 3963 393 4028 iu
409 3961 473 4027 lide
489 3959 672 4047 catholica,
695 3968 728 4028 et
743 3962 776 4027 in
794 3961 966 4031 devotione
981 3961 1075 4029 Sedis
1091 3961 1302 4048 Apostolicae
1318 3963 1488 4030 roborare.

360 4069 403 4136 Ut
418 4075 527 4136 autem
553 4075 711 4154 paternae
737 4068 919 4136 dilectionis
936 4069 1073 4138 allectus
1084 4121 1093 4155 ,
1120 4091 1214 4155 quem
1231 4070 1374 4154 gerimus
1399 4071 1491 4137 circa

358 4179 459 4264 ipsos,
478 4178 627 4246 omnibus
644 4177 825 4246 innotescat
835 4229 844 4264 ,
874 4185 906 4246 et
922 4180 956 4246 in
972 4179 1047 4246 filiis
1065 4179 1179 4248 matris
1205 4179 1387 4246 liberalitas
1403 4199 1490 4245 com-

359 4286 528 4355 mendetur
541 4337 550 4371 ,
578 4287 610 4353 in
626 4286 849 4371 spiritualibus
874 4293 906 4353 et
921 4287 1155 4374 temporalibus
1171 4307 1228 4355 eos
1243 4293 1401 4372 tanquam
1417 4307 1489 4372 spe

361 4395 461 4462 ciales
478 4393 646 4463 Ecclesiae
670 4395 838 4462 Romanae
865 4395 949 4461 filios
973 4395 1120 4462 volumus
1144 4393 1323 4479 bonorare,
1349 4393 1490 4478 ideoque

362 4505 514 4572 dilectum
541 4503 643 4570 lilium
659 4504 694 4570 L.
719 4504 805 4570 tituli
831 4504 972 4572 Sanctae
998 4503 1109 4571 Crucis
1127 4503 1357 4589 Presbyterum
1378 4502 1491 4569 Cardi-

359 4613 479 4698 nalem,
497 4611 708 4700 Apostolieae
728 4612 821 4681 Sedis
838 4613 1017 4699 Legatum,
1034 4613 1137 4682 virum
1162 4611 1346 4678 litteratura
1363 4601 1490 4701 conspi-
