3164 5192
98 1121 154 1188 HI.
168 1121 313 1188 Kuemen
325 1124 417 1210 popa
432 1121 561 1208 mopiati
576 1122 709 1210 Rayusa
730 1127 823 1190 adcor
839 1125 997 1213 conopes,
1024 1122 1103 1212 bopy
1119 1145 1157 1188 aa
1172 1131 1214 1188 ot·

249 1231 320 1296 taar‘
335 1229 421 1294 creole
437 1230 525 1294 irunt
540 1228 623 1295 tello
637 1232 809 1298 tirztclettel
824 1233 940 1320 lcpyea.
958 1233 1055 1297 1189.

194 1425 348 1494 Clemens
372 1424 557 1511 Episcopus
582 1445 696 1494 servus
721 1447 887 1496 serrorum
903 1429 963 1495 Dei
988 1428 1116 1495 dilectis
1141 1426 1216 1493 tiliis

97 1533 189 1601 nobili
204 1535 276 1601 viro
294 1533 454 1601 Gervasio
471 1531 589 1601 Comiti
606 1543 638 1602 et
653 1537 805 1604 universo
831 1539 954 1624 populo
973 1536 1141 1621 Rugusino
1167 1555 1217 1600 sa-

98 1642 187 1708 lutem
203 1650 235 1709 et
252 1643 475 1730 Apostolicem
501 1644 769 1712 benedictionem.
796 1645 877 1712 Cum
897 1645 1093 1714 venerabilis
1118 1643 1218 1709 frater

97 1756 199 1818 noster
213 1751 401 1817 Bernardus
425 1751 613 1836 Ragusinus
629 1753 905 1839 Archiepiscopus
931 1753 976 1820 ad
1000 1751 1117 1820 Sedem
1132 1751 1217 1836 Apo-

97 1859 236 1926 stolicam
256 1859 469 1944 accessisset5
486 1858 594 1947 ipsum
612 1861 891 1956 suae'probitatis
911 1860 1104 1943 honestatis,
1122 1863 1154 1922 ct
1169 1859 1217 1924 lit·

96 1974 253 2034 teraturae
268 1967 386 2034 intuitu
403 1966 544 2052 benigne
568 1969 770 2055 recepimus,
797 1969 891 2052 eique
906 1968 1066 2053 Polliam,
1094 1966 1218 2033 scilicet

96 2075 291 2143 Pontificalis
317 2075 417 2141 officii
442 2076 679 2164 plenitudinem
695 2077 869 2144 clementer
892 2077 1079 2143 curavimus
1102 2075 1218 2162 imper-

96 2184 153 2250 tiri.
170 2186 283 2272 Ipsum
300 2183 418 2268 igitur,
445 2203 539 2269 quem
556 2205 636 2252 suae
653 2185 859 2254 discretionis
875 2193 908 2252 et
926 2185 1101 2272 probitatis
1117 2183 1219 2252 consi-

11 2373 12 2380 *
96 2291 258 2360 deratione
275 2293 403 2358 sincera
420 2291 556 2358 caritate
572 2293 747 2379 diligimus,
774 2295 816 2361 ad
833 2316 892 2362 vos
907 2315 981 2361 cum
1000 2293 1108 2380 gratie
1123 2293 1219 2360 Sedis

96 2400 304 2490 Apostolicae
320 2401 538 2486 remittentes,
566 2403 812 2470 universitatem
828 2409 972 2470 vestram
992 2423 1170 2488 monemus,
1187 2411 1220 2470 et

96 2530 150 2594 per
164 2510 360 2600 Apostoliea
375 2509 499 2596 scripta
515 2512 708 2578 mandemus
725 2518 823 2598 atque
844 2511 1084 2598 praecipimus,
1111 2515 1220 2596 quate-

96 2636 151 2683 nus
168 2639 242 2684 eum
257 2617 397 2700 benigne
414 2617 542 2703 curetis,
560 2625 592 2686 et
606 2618 723 2687 devote
734 2621 887 2705 recipcre,
907 2625 939 2683 et
956 2619 986 2685 ei
1002 2617 1221 2685 obedientiam

98 2731 126 2790 et
140 2724 359 2792 reverentiam
385 2723 531 2792 debitam
547 2725 737 2794 exhibentes
753 2727 857 2816 ipsius
878 2727 1024 2794 salubria
1049 2727 1173 2793 monita
1189 2733 1222 2792 et

99 2834 254 2900 mandata
270 2838 453 2899 reverenter
468 2841 500 2899 et
515 2835 587 2900 sine
597 2833 791 2904 refractione
807 2837 954 2920 servetis,
972 2842 1005 2901 et
1019 2835 1052 2902 iu
1069 2835 1120 2919 iis,
1137 2853 1222 2918 quae

99 2941 137 3006 ad
151 2943 260 3008 Deum
276 2947 351 3006 sunt
359 2992 368 3026 ,
395 2942 425 3007 ei
441 2948 597 3027 tanquam
613 2943 700 3031 patri
716 2951 749 3010 et
765 2945 946 3010 animarum
969 2949 1150 3010 vestrarum
1166 2962 1222 3027 pa*

98 3047 171 3114 stori
187 3069 263 3115 cum
279 3047 366 3114 omni
383 3051 630 3118 mansuetudine
646 3059 678 3118 et
693 3051 866 3121 devotione
878 3053 1034 3118 assistere
1050 3050 1225 3152 studeatis·
1258 3101 1266 3116 .

98 3160 128 3218 et
140 3154 290 3224 favorem
306 3163 450 3224 restrum
466 3157 601 3226 fidenter
616 3159 790 3246 impertiri,
812 3169 847 3227 ut
862 3160 933 3248 ipse
949 3160 982 3226 in
998 3165 1148 3244 suscepto
1166 3157 1221 3222 mi·

99 3260 229 3330 nisterio
247 3264 343 3330 vobis
369 3271 403 3330 et
427 3267 621 3332 commissae
648 3268 711 3334 sibi
727 3267 897 3334 Ecclesiae
923 3266 1044 3333 utiliter
1068 3265 1224 3354 proficere

98 3371 224 3457 valeat3
253 3377 287 3438 et
302 3394 361 3440 vos
379 3373 420 3440 de
444 3373 650 3442 obedientiae
665 3381 697 3441 et
712 3375 878 3443 fidelitatis
902 3375 1111 3444 observantia
1133 3392 1223 3459 proe-

99 3479 193 3546 mium
210 3500 232 3545 a
249 3479 391 3546 Domino
407 3481 542 3568 possitis
568 3481 757 3548 indeficiens
783 3488 965 3570 expectare.
990 3483 1110 3548 Datum
1132 3483 1224 3548 Late·

99 3587 166 3652 rani
190 3588 267 3655 VII.
294 3587 465 3694 kalendas
481 3591 670 3658 Decembris
694 3589 905 3660 Pontificatus
928 3591 1031 3660 nostri
1067 3611 1152 3660 anno
1176 3607 1223 3658 se·

98 3694 210 3764 cundo.

341 3823 465 3892 (Falso,
478 3829 616 3895 Illyricum
629 3827 742 3880 Sacrum
755 3827 802 3881 Vl.
816 3829 872 3883 kur.
886 3829 930 3881 88.
943 3823 976 3898 l.)

533 4128 792 4150 mun-d*
