3200 5182
905 241 969 305 446

375 439 441 520 uit;
469 433 616 521 predicta
635 455 712 500 uero
728 437 893 518 possessio
912 436 1072 520 Harlryan
1098 443 1215 502 uocata
1240 435 1396 502 remansit
1412 455 1502 521 pror-

374 563 430 609 sus
455 541 584 625 iudieijs
611 542 761 608 Palatino
787 541 962 626 sepedicto,
990 563 1088 625 quam
1111 533 1214 608 eciam
1238 543 1307 628 ipse
1332 542 1501 607 Palatinus

375 649 548 715 cruciferis
564 649 685 716 Milicie
700 649 827 735 Templi
843 651 1020 735 locauerat,
1044 657 1077 716 et
1093 671 1278 735 supeream
1301 648 1501 715 residebant.

378 758 444 826 Sed
467 759 544 841 quia
559 755 723 840 dicebant,
748 758 835 842 qued
858 778 898 824 ex
915 760 989 844 ipsa
1011 761 1218 844 possessione
1245 757 1350 823 dietus
1366 755 1501 821 Henebe

376 867 492 933 (lomes
517 865 701 950 porcionem
728 866 864 931 haberet
889 869 1016 932 nemine
1043 868 1153 932 uxoris
1177 887 1242 950 sue,
1271 859 1370 946 quam
1396 861 1501 926 dictus

374 972 502 1039 Turdos
518 993 559 1037 es
583 971 795 1057 permissione
811 973 947 1038 filiorum
964 983 995 1040 et
1011 982 1220 1058 cognatorum
1245 995 1378 1041 suorum
1394 972 1502 1038 eidem

375 1082 506 1148 Henehe
524 1081 639 1148 Comiti
665 1083 904 1148 concessissent
920 1083 1016 1170 (lgy),
1043 1084 1188 1152 dieentes
1210 1093 1329 1166 tamem
1356 1081 1445 1165 quod
1468 1081 1500 1144 in

376 1190 516 1256 medium
533 1191 676 1275 ipsorum
688 1197 754 1254 tem
766 1197 989 1276 prepotentem
1000 1192 1104 1257 uirum
1115 1195 1263 1258 timerent
1272 1191 1501 1268 intromittere,

375 1318 415 1362 ne
433 1297 562 1362 racione
588 1299 768 1380 concambij
785 1318 806 1362 a
822 1299 995 1366 Cruciferis
1012 1301 1118 1366 dietus
1134 1301 1303 1366 Palatinus
1328 1297 1500 1382 reciperet,

375 1413 407 1470 et
422 1404 563 1488 plurima
588 1404 629 1469 de
646 1405 909 1488 possessionibus
934 1407 1076 1492 ipsorum
1102 1409 1298 1490 aoqnireret;
1325 1413 1437 1470 temen
1455 1423 1502 1467 se-

375 1509 512 1576 cundum
538 1511 626 1593 quod
650 1511 848 1578 consuetudo
874 1514 978 1595 Regni
1003 1515 1224 1601 approbabat,
1250 1521 1284 1578 ut
1308 1513 1386 1595 quia
1413 1511 1500 1596 prior

375 1625 615 1686 commetuneus
642 1627 712 1684 erat
736 1621 823 1685 illius
847 1627 931 1686 terre
957 1621 1062 1688 dictus
1079 1623 1211 1690 Henehe
1230 1623 1347 1688 (lomes
1373 1625 1406 1684 et
1432 1625 1501 1685 tota

375 1728 548 1812 generacio
574 1727 717 1814 ipsorum
735 1727 894 1795 redimere
909 1731 1090 1812 noluerunt,
1117 1753 1175 1797 nee
1193 1731 1296 1796 eciam
1315 1735 1498 1814 potnerunt,

374 1858 433 1922 pro
458 1838 543 1902 bono
560 1838 651 1922 pacis
674 1836 779 1902 eidem
799 1837 931 1903 Henehe
955 1839 1071 1906 Comiti
1096 1841 1312 1926 permiserunt
1336 1843 1499 1902 remutare

374 1946 442 2010 iure
458 1953 613 2030 perpetuo
639 1951 671 2008 et
686 1945 821 2031 pacifice
837 1947 1068 2031 possidendam
1094 1949 1242 2014 omnibus
1258 1944 1432 2012 heredibus
1448 1942 1499 2006 bc·

374 2053 550 2135 redumque
566 2073 696 2119 suorum
713 2056 966 2138 successoribus,
985 2057 1032 2122 ita
1042 2063 1159 2139 tamen,
1177 2053 1262 2139 quod
1279 2054 1306 2118 si
1322 2050 1443 2135 aliquis
1458 2068 1498 2114 ex

374 2160 455 2245 ipsis
470 2160 524 2224 uel
540 2179 580 2226 ex
606 2159 780 2226 heredibus
805 2161 949 2246 ipsorum
969 2163 1111 2246 aliquam
1128 2163 1218 2228 litem
1242 2165 1419 2240 mouerent,
1446 2157 1498 2221 uel

376 2275 577 2349 reuocarent,
603 2267 657 2330 uel
674 2266 793 2348 aliquis
821 2277 1070 2354 commetaueus,
1098 2281 1173 2337 ante
1199 2268 1447 2353 responsionem
1466 2265 1496 2327 in

373 2373 543 2460 presencia
568 2375 784 2456 quorumlibet
805 2371 950 2459 judicum
975 2387 1102 2444 centum
1118 2397 1245 2444 mareas
1261 2377 1389 2442 soluere
1412 2379 1497 2438 tene·

373 2487 476 2563 retur;
503 2481 580 2562 quia
605 2482 820 2564 personaliter
846 2485 1011 2552 constituti
1036 2487 1233 2552 unanimiter
1259 2485 1495 2554 concesseruut,

373 2588 523 2652 dixerunt
547 2587 663 2672 eciam,
690 2589 776 2672 quod
802 2590 888 2658 idem
905 2592 1035 2658 Henehe
1060 2593 1177 2661 Comes
1207 2615 1228 2658 a
1243 2590 1397 2657 Palatino
1422 2595 1497 2652 eta

374 2694 547 2761 Cruciferis
564 2696 773 2780 septuaginta
790 2705 822 2763 et
838 2701 980 2784 quinque
996 2703 1115 2768 marcis
1130 2703 1186 2768 fini
1202 2701 1329 2785 argenti
1346 2705 1497 2762 remotas·

373 2811 440 2888 set3
458 2803 635 2870 seeundum
646 2805 733 2888 quod
744 2806 884 2873 uidimus
894 2809 928 2874 in
943 2810 1060 2876 litteris
1070 2811 1213 2877 Palatini
1224 2805 1392 2889 contineri,
1412 2801 1496 2888 qnod

373 2908 478 2977 dictus
494 2911 626 2976 Henehe
652 2912 711 2978 has
727 2917 939 3000 septuaginta
962 2920 1102 3003 quinque
1117 2938 1243 2984 marcas
1258 2914 1406 3001 plenarie
1429 2931 1496 2996 per-

373 3017 535 3102 soluisset,
560 3019 689 3102 quando
714 3021 756 3085 ab
771 3023 899 3088 Asceno
915 3027 1004 3109 Rege
1026 3027 1238 3109 Bulgarorum
1264 3031 1314 3090 est
1338 3039 1494 3087 reuersus.

374 3125 473 3192 Ouios
490 3133 598 3192 autem
615 3133 698 3193 terre
715 3131 820 3214 prima
836 3139 923 3198 nrota
939 3134 1093 3219 incipitur
1114 3155 1173 3221 per
1188 3153 1287 3198 uuum
1302 3131 1415 3214 byrob,
1442 3125 1494 3190 ubi

374 3241 466 3298 erunt
492 3236 704 3302 commetanci
730 3237 789 3321 filij
806 3237 991 3324 Beneuebe3
1016 3242 1135 3308 deinde
1159 3261 1235 3306 uero
1260 3237 1429 3305 descendit
1456 3231 1495 3298 ad

374 3339 557 3406 inferiorem
581 3347 707 3428 partem
723 3345 856 3432 piscine,
883 3367 948 3430 qua
970 3347 1056 3436 (lgy)
1082 3349 1180 3414 estin
1197 3346 1311 3413 eadem
1335 3351 1441 3424 terra,
1467 3347 1496 3405 et

372 3447 449 3513 inde
474 3447 578 3514 tendit
594 3450 627 3515 in
643 3451 848 3537 Zarozpotok
874 3475 976 3540 usque
992 3456 1092 3543 uiam,
1119 3463 1151 3522 et
1166 3476 1187 3520 a
1201 3456 1257 3520 uia
1283 3453 1327 3519 ad
1343 3469 1495 3534 maguum

373 3555 481 3636 berch,
508 3555 564 3620 ubi
580 3564 656 3622 sunt
680 3565 783 3625 terree
799 3567 902 3646 mete;
930 3572 962 3630 et
979 3585 1037 3650 per
1061 3563 1199 3630 eundem
1223 3581 1376 3645 magnum
1401 3557 1495 3624 berob

291 3693 296 3698 ·
372 3679 476 3744 usque
491 3661 534 3726 ad
549 3669 670 3730 terram
680 3667 815 3734 Comitis
831 3669 944 3755 Helye‚
956 3671 1110 3738 uidelicet
1126 3673 1168 3738 ab
1181 3670 1333 3756 aquilone
1350 3685 1409 3752 per
1424 3684 1494 3729 eun·

372 3766 445 3834 dem
461 3769 559 3835 berch
583 3789 699 3839 uersus
714 3775 833 3860 Lucen,
860 3777 915 3842 ubi
931 3779 994 3844 erit
1012 3787 1252 3848 commetaneus
1277 3775 1365 3842 idem
1381 3773 1494 3838 Comes

371 3876 505 3944 Henehe
520 3897 577 3964 per
593 3885 715 3948 terreas
739 3891 844 3950 metas
860 3905 973 3954 uersus
990 3887 1235 3956 meridionalem
1256 3904 1359 3968 usque
1375 3883 1419 3948 ad
1434 3889 1494 3947 tres

372 3992 476 4052 metas
502 3994 637 4074 terreus,
663 4008 798 4072 quarum
815 4000 973 4060 metarum
994 4017 1058 4062 vua
1083 3998 1223 4082 pertinet
1239 3995 1357 4062 Comiti
1381 3995 1494 4080 Helye,

371 4093 439 4160 alia
453 4100 539 4160 terre
555 4097 675 4182 Lueeu,
690 4097 792 4164 tercia
807 4100 989 4184 Augustino
1005 4105 1072 4172 lilio
1089 4106 1214 4189 (lumb;
1241 4105 1283 4170 de
1299 4104 1406 4170 tribus
1421 4121 1494 4170 uero

372 4201 465 4268 metis
492 4200 598 4268 eidem
613 4204 746 4270 Henehe
771 4205 888 4274 (lomiti
916 4230 976 4294 per
1000 4211 1098 4278 berch
1117 4213 1318 4298 Augustinus
1342 4219 1393 4278 est
1417 4231 1494 4278 eom·

372 4316 551 4398 metaneus,
569 4309 625 4376 ubi
635 4319 685 4378 est
700 4319 806 4380 terrea
816 4321 920 4402 meta3
938 4324 970 4383 et
986 4319 1172 4388 indetendit
1187 4322 1231 4388 ad
1243 4323 1343 4392 aliam
1358 4331 1494 4392 terream

372 4423 501 4500 metam,
519 4423 551 4483 et
567 4436 626 4505 per
641 4418 779 4488 eundem
795 4421 894 4490 bereb
905 4425 1073 4494 deseendit
1089 4428 1131 4495 ad
1148 4432 1297 4498 arborem
1311 4454 1420 4514 unam,
1437 4453 1493 4518 que

371 4543 481 4634 propex
497 4531 546 4590 est
570 4529 747 4610 pomerium
764 4529 959 4618 Augustini,
988 4535 1077 4604 etde
1107 4539 1164 4604 illa
1189 4541 1306 4607 arbore
1331 4544 1434 4609 tendit
1458 4543 1495 4612 ad
