3164 5192
885 839 960 906 lor.

356 1043 464 1110 Jodro
479 1043 584 1107 actuosi
599 1040 784 1126 kbzoapa'nek
800 1041 978 1126 odomctapa
994 1049 1076 1104 stent
1092 1041 1211 1105 Kouma
1227 1043 1259 1105 e'a
1277 1042 1420 1106 Damion
1438 1041 1489 1106 leo

718 1149 835 1212 tortora
849 1151 1006 1212 saumuro.
1028 1149 1126 1212 1203.

466 1343 651 1432 Capitulum
668 1343 849 1428 Jadrense,
874 1345 1055 1412 Domaldus
1080 1343 1198 1412 Comes
1223 1353 1257 1413 et
1281 1346 1491 1414 Universitas

358 1455 462 1541 ipsius
487 1451 638 1519 Civitatis
667 1453 950 1520 Reverendissimo
976 1453 1066 1519 Patri
1092 1451 1264 1521 Dominieo
1291 1455 1488 1520 Sanotomm

359 1562 498 1631 Oosmae
515 1566 547 1626 et
562 1561 716 1626 Damiani
731 1559 773 1626 de
789 1563 898 1628 Monte
914 1560 1046 1644 Abbati,
1071 1561 1206 1647 ejusque
1223 1561 1402 1629 Catholicis
1420 1581 1492 1628 suo-

359 1671 542 1738 eessoribus
567 1669 782 1735 monasticam
808 1669 909 1736 vitam
932 1668 1091 1755 professis
1117 1669 1375 1757 inperpetuum.
1405 1669 1492 1747 Quo-

359 1781 448 1846 niam
468 1785 601 1845 nostrae
625 1777 840 1844 desolationis
857 1783 889 1844 et
904 1778 995 1844 exilii
1012 1783 1158 1864 tempore
1168 1829 1178 1862 ,
1203 1797 1262 1843 vos
1278 1783 1311 1844 et
1328 1787 1492 1845 monaste-

359 1889 443 1953 rium
458 1891 600 1951 vestrum
617 1885 808 1968 agnovimus
825 1885 920 1952 nobis
935 1883 1119 1970 profligatis
1143 1883 1212 1950 fore
1229 1884 1348 1951 asilum
1364 1887 1490 1972 pariter

361 2002 393 2060 et
409 1993 585 2076 auxilium;
602 1991 723 2058 ideirco
740 1992 782 2057 ad
798 1994 988 2059 memoriam
999 1992 1158 2060 beneficia
1173 1992 1268 2060 nobis
1279 1993 1418 2078 benigne
1435 2015 1492 2060 eu-

360 2103 466 2168 hibita
481 2101 692 2185 reducentes,
720 2100 814 2168 vohis
831 2109 863 2166 ot
877 2121 938 2188 per
952 2121 1011 2168 vos
1028 2105 1138 2170 vestro
1163 2101 1360 2170 monasterio
1380 2103 1491 2168 hioele-

361 2212 444 2278 siam
459 2211 569 2277 Sancti
585 2210 742 2276 Demetrii
758 2210 922 2297 martyris,
940 2209 972 2275 in
988 2217 1101 2278 nostra
1117 2210 1250 2277 eivitate
1266 2211 1375 2292 sitam,
1390 2209 1491 2278 tradi-

361 2339 431 2384 mus
449 2325 546 2401 atque
561 2316 786 2401 ooneedimus3
812 2319 860 2383 ita
876 2315 1056 2403 dumtaxat,
1073 2327 1108 2386 ut
1123 2319 1221 2385 lieeat
1235 2319 1330 2386 robis
1342 2325 1375 2384 et
1396 2338 1490 2405 prae

360 2427 448 2494 dioto
466 2427 662 2493 monasterio
687 2431 899 2493 memoratam
916 2427 1087 2494 eeclesiam
1112 2447 1185 2494 eum
1201 2427 1372 2494 adiuuente
1397 2429 1493 2494 ouria

362 2553 423 2600 sua
437 2533 540 2599 iibere
556 2532 722 2614 obtinere,
749 2537 781 2597 et
796 2532 985 2600 rationabili
1005 2535 1081 2618 jure
1096 2535 1262 2620 perpetuis
1287 2533 1490 2620 temporibus

362 2640 540 2728 possidere.
567 2638 782 2707 Obseeramus
799 2639 900 2724 igitur
916 2647 948 2706 et
964 2649 1184 2708 contestamur
1208 2662 1320 2708 omues
1336 2643 1398 2708 Dei
1412 2642 1490 2707 fide-

255 2755 257 2758 ’
361 2753 410 2816 les
427 2769 485 2834 per
495 2749 599 2814 Deum
609 2750 740 2815 Patrem
751 2749 1023 2836 Omnipotentem‚
1043 2757 1075 2816 et
1084 2749 1196 2816 Jesum
1208 2751 1371 2817 Christum
1387 2751 1489 2816 tilium

363 2859 452 2941 ejus,
478 2875 538 2921 nee
553 2878 617 2923 non
634 2862 666 2922 et
681 2857 839 2942 Spiritum
853 2859 1008 2923 Sanctum
1027 2857 1070 2922 ab
1088 2861 1224 2941 utroque
1247 2856 1488 2942 prosedamum,

362 2973 397 3032 ut
412 2965 493 3030 haee
518 2965 627 3031 omnia
642 2963 802 3032 inviolata
827 2963 1030 3049 custodiant,
1057 2970 1217 3050 quatenus
1241 2966 1274 3030 in
1297 2968 1488 3032 Sanctorum

362 3072 523 3140 consortio
550 3077 704 3137 aeternae
729 3072 951 3139 retributionis
976 3073 1124 3139 bravium
1150 3073 1274 3139 habere
1291 3080 1488 3140 mereantur.

469 3180 538 3264 Ego
555 3178 701 3244 Marinus
725 3177 890 3246 Plebanus
913 3181 1054 3246 Sauetae
1070 3181 1196 3246 Mariae
1219 3181 1294 3246 huie
1320 3178 1488 3248 donationi

361 3287 491 3352 interfui
507 3294 539 3353 et
559 3285 739 3353 subscribo.

469 3393 539 3476 Ego
556 3393 671 3459 Petrus
689 3391 852 3459 Plebanus
869 3393 979 3460 Saneti
997 3393 1154 3479 Stephani
1171 3394 1246 3460 huie
1261 3394 1431 3464 donationi
1446 3397 1488 3463 in-

360 3499 455 3566 terfui
473 3507 505 3566 et
521 3499 703 3566 subsoribo.

468 3609 538 3690 Ego
555 3607 700 3672 Joannes
716 3607 882 3672 Plebanus
900 3605 1011 3674 Sanoti
1028 3608 1199 3676 Michaelis
1214 3609 1398 3678 subsoribo.

469 3713 540 3797 Ego
555 3714 739 3799 Stephanus
756 3713 917 3781 Plebanus
934 3715 1045 3781 Sanoti
1060 3717 1148 3782 Petri
1165 3716 1345 3783 subsoribo.

469 3819 540 3905 Ego
556 3821 732 3906 Presbyter
747 3821 887 3887 Michael
905 3823 1086 3891 subscribo.

469 3927 539 4012 Ego
555 3928 733 4014 Presbyter
751 3927 957 4015 Grisogouns
973 3931 1152 3998 subsoribo.

469 4035 631 4121 Scriptum
641 4035 765 4102 Jadrae
782 4034 966 4104 aOamasio
978 4038 1124 4106 Diaeono
1142 4040 1284 4105 Sanctae
1294 4039 1487 4108 Anastasius

361 4146 394 4204 et
409 4140 593 4208 Communis
609 4141 755 4209 Notario.
783 4142 876 4209 Anno
900 4144 1096 4211 Dominioae
1123 4147 1365 4212 incarnationis
1395 4147 1484 4214 1203.

362 4264 473 4312 mense
488 4248 668 4330 Februarii,
685 4247 868 4315 indictione
885 4257 980 4316 sexta
996 4250 1144 4318 ielieiter.

621 4444 745 4512 (Farlati,
758 4448 896 4514 Illyricum
910 4450 1023 4503 Sacrum
1036 4451 1069 4504 V.
1082 4451 1138 4504 hut.
1154 4453 1196 4504 70.
1209 4451 1240 4518 i.)
