3202 5190
891 369 1050 467 „mr-

408 561 482 628 loca
499 561 633 649 propria
649 562 823 644 tribueret,
850 568 882 626 et
898 579 1027 628 sorores
1044 563 1231 648 praedictae
1254 566 1385 646 propter
1400 560 1516 628 larveus

406 669 569 753 schisma,
595 671 679 755 qnod
697 673 780 738 inter
796 671 924 737 nobiles
939 671 1135 736 sclavoniae
1155 670 1389 752 ortum'luerat,
1407 669 1518 735 diurnis

405 785 438 843 et
453 779 618 846 nocturnis
643 777 849 844 allicerentur
866 776 1099 858 incommodis,
1126 785 1158 843 et
1174 777 1296 844 nullam
1314 777 1465 844 redeundi
1479 777 1517 844 la·

405 885 557 951 cultatem
574 885 616 951 ad
633 887 815 954 Ecclesiam
832 885 943 953 Sancti
960 885 1104 952 Dimitrii
1127 887 1303 969 haberent,
1328 906 1411 971 quae
1426 906 1446 952 a
1460 886 1518 970 qni·

405 993 545 1060 busdam
560 994 743 1061 Jadertinis
767 994 995 1078 habitabatur;
1023 995 1264 1062 illustrissimus
1284 993 1332 1059 rir
1349 993 1518 1060 Domaldru

403 1103 530 1184 Comes,
551 1099 694 1186 Capituli
711 1107 743 1166 et
758 1101 871 1186 populi
889 1101 1024 1168 consilio
1041 1101 1163 1185 habito,
1179 1101 1367 1186 optulerunt
1377 1121 1447 1167 eam
1462 1121 1518 1168 mo

405 1207 548 1276 nasterio
564 1206 675 1273 Sancti
693 1207 847 1274 Damiani
872 1206 914 1272 de
934 1209 1043 1274 lionte
1068 1208 1251 1274 habendam
1277 1207 1310 1273 in
1335 1215 1517 1294 perpetuum

403 1324 501 1402 atque
524 1316 723 1401 regendam
749 1318 800 1383 cui
826 1317 923 1383 etiarn
940 1325 971 1382 et
997 1337 1126 1384 sorores
1152 1335 1244 1382 meae
1270 1336 1343 1382 oum
1363 1314 1519 1400 praedicta

404 1423 531 1510 capella
547 1443 608 1490 sua
624 1431 741 1509 sponte
758 1443 793 1490 se
810 1424 1032 1491 subdiderunt.
1055 1423 1203 1492 Ceterum
1216 1445 1288 1490 cum
1304 1425 1421 1490 civitas
1437 1445 1518 1509 prae·

402 1533 490 1600 dicta
506 1532 636 1600 volente
653 1533 793 1602 Domino
809 1533 851 1600 de
868 1533 920 1599 die
945 1533 977 1600 in
995 1533 1080 1600 diem
1096 1535 1128 1601 iu
1149 1533 1264 1601 melius
1290 1539 1468 1616 cresceret,
1490 1537 1518 1598 et

402 1659 463 1726 ego
480 1639 589 1708 multis
618 1639 818 1724 indigerem,
846 1661 980 1708 reversa
996 1641 1029 1706 in
1054 1641 1277 1726 memetipsam
1302 1639 1384 1705 redii
1400 1649 1430 1704 et
1454 1659 1518 1721 ego,

401 1747 456 1814 ubi
472 1767 543 1814 cum
562 1767 757 1832 quaererem
774 1747 955 1815 Ecclesiam
972 1769 1097 1830 meam,
1124 1749 1368 1834 provoluntate
1387 1744 1518 1832 Capituli

402 1862 433 1922 et
452 1857 570 1922 Vitalis
588 1854 732 1921 Dandnli
749 1855 905 1938 Comitis,
933 1863 965 1922 et
982 1856 1080 1923 totius
1104 1855 1346 1923 communitatis
1371 1855 1459 1920 illam
1472 1853 1517 1919 ha·

403 1965 479 2030 bore
504 1962 655 2046 nequivi;
686 1963 877 2048 praesertim
903 1983 975 2029 eum
1001 1963 1150 2030 domiuus
1176 1963 1374 2029 Benedictus
1398 1962 1517 2028 Faictro

403 2069 583 2137 Gradcnsis
601 2069 794 2136 Patriareba
809 2070 916 2156 ipsam
940 2071 1108 2138 iamdicto
1126 2070 1320 2138 monasterio
1338 2069 1448 2136 Sancti
1462 2069 1516 2133 m-

400 2179 500 2245 niani
517 2177 683 2266 privilegii
709 2178 760 2244 sui
777 2179 952 2244 munimine
970 2179 1165 2246 roborasset.
1193 2181 1263 2262 Ego
1285 2197 1365 2245 vero
1392 2177 1517 2260 benigne

400 2295 432 2353 et
448 2288 702 2354 misericorditer
718 2307 739 2352 a
754 2287 850 2352 Talia
874 2292 1014 2353 Sanctae
1031 2287 1154 2353 Mariae
1171 2287 1371 2370 Abbatissa,
1400 2283 1517 2354 domina

400 2414 482 2478 mea,
499 2415 571 2461 curn
583 2395 750 2462 sororibus
761 2401 925 2480 suscepta,
943 2415 1014 2461 eum
1026 2395 1147 2462 ibidem
1165 2414 1342 2478 manerem,
1363 2393 1515 2460 adexhor·

398 2503 554 2570 tationem
579 2501 720 2589 (laprituli
749 2507 780 2568 et
796 2501 1053 2586 communitatis,
1081 2502 1271 2568 Dominicus
1288 2490 1403 2568 Abbas
1419 2500 1515 2568 Sancti

399 2609 551 2676 Damiani
568 2611 610 2677 ad
636 2611 884 2678 sustentandam
910 2611 1155 2678 inbecillitatem
1182 2631 1287 2678 meam
1312 2612 1427 2678 tribuit
1449 2607 1515 2674 mili

398 2717 462 2783 XX
478 2736 642 2803 perperos,
662 2723 695 2784 et
711 2737 771 2804 pro
788 2717 864 2802 illis,
882 2737 964 2802 quas
975 2737 1035 2802 ego
1054 2739 1179 2786 mecum
1190 2719 1367 2786 eduxeram
1386 2741 1404 2786 c
1421 2735 1514 2783 inona-

398 2825 496 2893 sterio
521 2827 633 2892 Sancti
662 2826 816 2893 Dimitrii.
844 2827 988 2911 ideoque
1013 2828 1119 2913 ipsum
1145 2828 1380 2895 monasterium
1397 2823 1513 2894 amodo

398 2934 564 3020 perpetuis
576 2934 778 3020 temporibus
788 2955 847 3020 per
862 2955 914 3002 me
928 2936 1028 3003 reddo
1039 2955 1195 3019 securum,
1213 2937 1335 3002 nullam
1347 2931 1512 3020 aliquando

397 3041 578 3128 loquelam,
608 3041 659 3108 vel
684 3041 790 3108 rixam
816 3049 929 3109 contra
956 3062 1029 3110 eum
1040 3093 1049 3128 ,
1077 3044 1128 3110 vel
1144 3043 1261 3110 fratres
1285 3043 1391 3130 ipsius
1415 3042 1513 3126 aliqua

395 3148 531 3234 fraude,
559 3149 611 3215 vel
636 3149 775 3236 imperio
804 3151 1029 3218 excitaturum.
1055 3155 1253 3219 l’raetarratu
1276 3161 1352 3218 sunt
1369 3152 1465 3233 haee,
1488 3159 1514 3214 et

396 3259 526 3324 firmata
550 3257 583 3324 in
606 3265 742 3343 aspectu
770 3267 803 3324 et
828 3259 1013 3327 testimonio
1034 3260 1169 3326 Matthei
1185 3260 1375 3343 Presbyteri
1390 3264 1515 3326 Sanctum

396 3365 525 3435 Mariae
542 3366 695 3450 iiaj0ris,
723 3366 885 3433 Praedicii
901 3369 1012 3434 Sancti
1029 3367 1207 3455 Stephani,
1233 3367 1394 3434 liautredi
1417 3365 1514 3434 sanet

395 3473 562 3540 Michaelis
580 3474 811 3556 l‘lebauorum,
833 3473 1013 3559 Grisogoni
1029 3476 1215 3562 Presbyteri
1231 3481 1372 3544 Sanctae
1390 3477 1513 3541 ⁴inresta-

396 3579 475 3662 siae,
491 3586 524 3645 et
540 3577 684 3647 Camosii
701 3583 853 3667 Diaconi,
872 3583 997 3651 Cassae
1012 3583 1199 3669 Grisogoni,
1219 3584 1347 3651 Michae
1363 3581 1514 3665 Perenigi,

395 3689 483 3753 Dese
499 3687 539 3754 de
555 3689 665 3772 Pezzc,
684 3689 824 3757 Vitarae
840 3691 990 3775 i‘etrieii,
1013 3691 1141 3760 Nicolai
1157 3692 1199 3758 de
1215 3691 1429 3778 Lampredio,
1446 3691 1514 3754 Leo-

395 3797 488 3863 nardi
514 3797 554 3863 de
571 3796 740 3881 Ossinico,
768 3807 800 3866 et
827 3799 967 3867 aliorum
995 3801 1179 3868 multorum.
1206 3801 1300 3879 Quod
1326 3819 1389 3887 ego
1409 3795 1514 3865 Vitalis

394 3905 505 3972 Sancti
522 3905 611 3972 Petri
629 3907 758 3972 Veteris
778 3907 961 3991 Plebanus,
991 3915 1023 3975 et
1038 3907 1209 3975 ledrensis
1225 3909 1403 3992 Notarius,
1425 3914 1456 3973 ut
1470 3921 1515 3970 au·

394 4012 470 4099 divi,
489 4013 614 4100 scripsi,
634 4013 803 4099 roboravi,
830 4021 862 4081 et
878 4017 974 4085 solito
994 4017 1088 4102 signo
1104 4016 1234 4101 signavi
1249 4021 1455 4102 procurrente
1469 4030 1516 4078 an-

391 4140 433 4187 no
450 4120 579 4188 Domini
599 4123 694 4188 1208.
712 4141 834 4190 mense
851 4123 1051 4211 Septembris
1071 4125 1253 4193 indictione
1268 4127 1325 4192 iil.
1342 4125 1468 4193 Jadrae

656 4319 780 4386 (Parieti,
796 4323 934 4389 Illyricum
949 4329 1063 4378 Sacrum
1078 4327 1109 4378 V.
1123 4327 1177 4377 ket.
1193 4326 1235 4374 70.
1249 4325 1278 4388 l.)
