3238 5184
158 1105 260 1168 Dosse
278 1103 377 1166 trau-i
391 1100 576 1188 polpu'rnok
592 1099 839 1187 cepiatdzkcde'ss
854 1097 1138 1185 usereueareuda‘ek
1148 1103 1279 1187 jordan.

612 1212 706 1276 1234.
724 1209 825 1274 corut

267 1411 305 1476 ln
321 1409 450 1477 nomine
463 1409 605 1475 Sanctae
624 1413 656 1472 et
672 1406 862 1474 Indiuiduae
872 1407 1051 1476 'lbinitutis
1067 1407 1161 1475 Anno
1177 1409 1283 1476 Incar-

160 1518 302 1586 nationis
320 1518 450 1584 Domini
465 1515 567 1584 nostri
578 1517 656 1582 Jesu
673 1514 793 1582 (ibristi
810 1515 981 1583 millesimo
995 1513 1214 1584 ducentesimo
1229 1517 1282 1582 tri·

160 1625 284 1711 gesimo
300 1633 415 1710 quarto
426 1623 615 1692 duodecimo
633 1623 794 1690 kalendas
804 1623 912 1689 Martii
933 1623 1113 1692 Indictione
1129 1644 1205 1691 vero
1217 1623 1282 1706 Vl.;

160 1733 289 1802 domino
306 1732 464 1818 Gregorio
482 1732 576 1800 Nono
592 1733 724 1800 Summo
740 1731 897 1799 Pontifice
912 1733 1148 1798 sacrosanctae
1173 1731 1281 1796 Eccle-

159 1843 228 1909 siae
244 1841 459 1928 praesidente,
477 1841 607 1908 domino
617 1837 749 1907 Andrea
764 1839 860 1907 tertio
877 1839 1110 1926 (belyesebben
1122 1837 1281 1926 seeundo)

158 1953 336 2036 Regnatori
349 1950 396 2040 (i)
412 1950 601 2034 Hungariae
618 1950 838 2033 gubernante;
861 1969 1000 2016 necnon
1016 1947 1085 2016 viro
1102 1948 1284 2014 venerabili

159 2060 288 2127 domino
305 2061 477 2143 Treguano
492 2057 665 2143 Episcopo,
683 2057 850 2142 Stephano
875 2055 986 2122 inclito
1007 2054 1143 2141 Gemite,
1160 2056 1281 2123 ludici·

159 2171 220 2236 bus
236 2189 289 2238 ser
305 2167 423 2238 Oasoto
440 2175 473 2236 et
488 2167 645 2234 Saladino
655 2166 807 2250 'lbcgurii
823 2165 1047 2249 existentibus,
1068 2185 1181 2234 coram
1196 2165 1283 2232 testi-

161 2279 221 2346 bus
238 2275 374 2344 inierius
389 2273 537 2360 legendis
555 2275 617 2342 hoe
632 2279 738 2342 actum
754 2281 812 2342 est.
830 2279 890 2340 etc.
908 2279 970 2340 otc.
1016 2327 1023 2342 .

268 2383 338 2468 ligo
363 2384 470 2458 Dessa
485 2383 572 2449 Luce
596 2381 759 2466 qnondam
784 2381 870 2448 filius
892 2380 1076 2468 praefatum
1102 2380 1282 2468 periculum

160 2493 241 2560 mihi
259 2493 424 2562 imminere
448 2499 606 2577 metuens,
630 2513 702 2559 cum
718 2511 820 2560 sanus
836 2511 942 2560 essem
957 2499 1024 2559 tam
1040 2495 1157 2576 mente,
1184 2511 1282 2576 qnam

161 2620 304 2686 corpore,
315 2619 452 2668 assensn
469 2599 619 2668 dominae
629 2598 752 2666 Stanae
768 2598 882 2668 uxoris
898 2619 989 2667 meae
1002 2599 1168 2685 requisito,
1185 2607 1281 2670 testa·

160 2716 312 2793 mentum,
336 2695 423 2792 quod
438 2713 510 2794 post
525 2727 630 2776 meum
647 2707 767 2774 obitum
784 2709 858 2776 volo
873 2707 1143 2792 irrefragabiliter
1169 2711 1278 2778 obser·

159 2815 241 2900 vari,
257 2815 298 2902 si,
314 2814 399 2899 quod
412 2815 508 2900 absit,
525 2815 649 2898 absque
663 2813 796 2898 linguae
806 2815 961 2901 propriae
975 2816 1108 2898 loquela
1118 2833 1169 2882 me
1186 2817 1278 2886 obire

160 2925 341 3010 eontigerit,
368 2924 445 2992 duxi
460 2921 626 3012 praesenti
642 2922 764 3010 pagina
778 2921 1027 3008 diligentissime
1043 2924 1281 2992 subnotandum

159 3041 219 3101 etc.
237 3069 281 3080 -
298 3071 341 3082 -
358 3070 400 3082 -
417 3031 497 3100 Cum
522 3033 621 3100 ctiam
640 3031 807 3098 verissime
833 3031 1025 3118 polliceatur
1051 3033 1221 3120 Dominus,
1245 3053 1281 3101 se

159 3141 310 3208 daturum
336 3140 532 3228 centuplum,
559 3147 593 3208 et
608 3141 740 3228 insuper
754 3140 855 3208 ιὶὶιιιιι
871 3146 1048 3226 aeternam,
1074 3141 1282 3227 relinquenti·

160 3252 221 3318 bus
246 3256 377 3337 propter
400 3268 517 3315 nomen
544 3269 637 3316 suum
662 3248 775 3316 vineas
800 3257 832 3316 et
855 3269 972 3334 agros,
998 3267 1119 3337 operae
1144 3249 1300 3336 pretium·

159 3359 247 3445 duni,
266 3356 370 3426 eidem
386 3358 524 3426 Domino
548 3356 799 3424 inservientibus
819 3358 980 3446 universa,
1007 3378 1092 3443 quae
1116 3358 1280 3446 possideo,

158 3465 349 3553 largienda,
376 3466 538 3553 adoptans
557 3467 627 3534 loco
653 3467 833 3534 carnalium
857 3465 1005 3554 filiorum,
1031 3467 1149 3552 quibus
1173 3487 1280 3553 careo,

161 3573 349 3661 spirituales
366 3573 462 3658 lilios,
479 3573 544 3640 imo
555 3579 684 3660 patres3
702 3576 832 3644 Fratres
848 3575 973 3644 scilicet
984 3576 1134 3661 Minores,
1151 3578 1194 3644 ad
1206 3598 1281 3664 quo·

158 3705 229 3750 rum
244 3683 483 3770 receptaculum
499 3690 532 3752 et
548 3682 722 3750 utilitatem
747 3685 920 3752 ecclesiam
936 3682 980 3754 ad
999 3685 1154 3754 bonorem
1171 3685 1233 3754 Dei
1249 3693 1282 3757 et

160 3792 332 3860 Gloriosus
347 3791 492 3877 Virginis
509 3790 634 3858 Mariae
649 3809 723 3858 cum
738 3811 900 3860 murorum
925 3793 1049 3860 ambitu
1075 3797 1108 3859 et
1132 3791 1281 3862 domibus

158 3900 318 3968 fabricavi
333 3921 435 3996 prope
450 3900 615 3970 civitatem
630 3900 892 3989 Traguriensem,
918 3909 951 3970 et
966 3901 1072 3970 adhuc
1087 3901 1225 3970 feliciter
1247 3901 1281 3968 in

159 4029 259 4076 carne
283 4008 432 4094 vivente,
459 4007 514 4093 qni
541 4007 699 4074 blinorum
721 4007 870 4076 Fratrum
898 4007 1029 4074 Ordinis
1055 4015 1088 4074 et
1113 4007 1281 4093 religionis

158 4118 281 4207 primus
297 4116 467 4185 Praelatus
491 4115 600 4184 extitit
614 4122 648 4183 et
662 4115 820 4200 Minister,
845 4136 904 4202 per
919 4135 1050 4183 manum
1066 4113 1189 4182 domini
1205 4117 1281 4184 Tre·

160 4229 270 4314 gnaui
286 4227 455 4294 memorati
479 4223 636 4312 Episcopi
661 4226 799 4294 eandem
824 4225 997 4294 ecelesiam
1023 4223 1146 4292 iaciens
1172 4245 1281 4294 eonse-

159 4336 243 4406 erari
258 4340 319 4406 etc.
774 4399 778 4414 ,

399 4461 522 4530 (Prolati,
533 4461 670 4528 Illyricum
682 4460 793 4514 Sacrum
805 4460 852 4514 1v.
865 4461 921 4514 ker.
934 4463 995 4514 388.
1006 4461 1037 4530 l.)

204 4778 486 4819 somnolenter.
505 4789 541 4798 —
560 4779 631 4815 amr..
649 4769 682 4808 11·
