3164 5192
851 976 925 1043 1:38.

317 1162 346 1228 A
358 1149 465 1252 pa'pat'
480 1155 606 1222 Aduetek
620 1181 657 1220 az
673 1161 809 1242 aposloli
835 1159 905 1223 sze'lc
921 1159 1054 1224 neodhere
1070 1181 1089 1222 α
1107 1157 1261 1224 leerornee'
1284 1163 1394 1245 apdtot
1411 1183 1453 1224 az

316 1273 446 1358 epyddzi
461 1267 599 1336 totalem
607 1267 826 1354 jeludapeiaelt
842 1265 1097 1332 tmzrdtma'tan
1112 1268 1319 1353 creperdse‘tik.
1345 1269 1450 1332 1200.

427 1467 595 1534 lohannes
619 1462 840 1550 Capellanm,
865 1471 897 1530 et
913 1463 1037 1548 Symon
1054 1465 1299 1549 Subdiaoonns,
1323 1465 1455 1532 domini

322 1580 434 1662 Papae
444 1573 649 1654 Familiares,
662 1570 873 1657 Apostolieae
883 1571 978 1637 Sedis
988 1572 1114 1656 Legati,
1133 1573 1260 1639 dilectis
1275 1573 1309 1638 in
1318 1572 1454 1640 Christo

321 1683 441 1750 Abbati
458 1689 490 1749 et
504 1681 655 1768 Capitulo
672 1679 713 1745 de
725 1679 901 1745 Acrumina
917 1685 1082 1745 aeternam
1099 1680 1132 1744 in
1142 1681 1282 1747 Domino
1298 1681 1453 1747 salutem.

317 1792 536 1858 Sacrosancta
558 1791 707 1854 Romana
722 1785 872 1851 Ecclesia
898 1785 1033 1852 devotos
1051 1792 1084 1851 et
1106 1787 1243 1853 humiles
1268 1787 1351 1854 filios
1374 1807 1454 1852 eon-

318 1898 423 1964 suevit
440 1897 581 1964 brachiis
609 1887 758 1960 sincerae
777 1893 959 1960 dilectionis
986 1895 1158 1979 amplecti,
1187 1901 1219 1960 et
1237 1914 1295 1980 pro
1311 1900 1397 1960 statu
1416 1901 1453 1960 et

318 2005 477 2088 qualitate
489 2005 689 2070 diversarum
704 2021 918 2086 personarum
931 2021 1024 2067 auam
1044 2001 1158 2085 cuique
1172 2002 1362 2087 dignitatem
1372 2023 1453 2068 con-

317 2132 449 2180 servare
460 2165 467 2197 ,
494 2119 526 2178 et
543 2113 585 2178 ad
601 2111 739 2196 gradum
756 2111 854 2176 etiam
878 2129 1070 2195 promovere
1095 2113 1262 2196 majorem.
1289 2111 1368 2177 lnde
1383 2117 1450 2190 est,

318 2220 406 2303 quod
421 2241 481 2288 nos
499 2219 725 2302 considerata,
752 2224 784 2284 et
801 2217 965 2284 intellecta
981 2218 1173 2301 diligentius
1197 2219 1286 2285 fama
1302 2226 1334 2284 et
1348 2219 1451 2284 hone-

318 2334 403 2392 state
415 2325 604 2392 ltlonasterii
621 2325 731 2408 vestri,
750 2332 781 2390 et
793 2345 956 2410 personae
972 2333 1109 2408 vestrae,
1133 2334 1165 2392 et
1180 2326 1451 2393 fratremvestro

317 2456 407 2518 rum,
434 2435 573 2520 probata
588 2453 715 2518 quoque
739 2433 911 2500 devotione
927 2433 1015 2500 Cleri
1032 2441 1064 2502 et
1087 2435 1201 2520 populi
1219 2433 1448 2518 Ragusiensis,

319 2539 430 2606 audito
455 2539 640 2608 testimonio
657 2541 813 2607 bonorum
839 2545 906 2604 tam
922 2538 1132 2625 clericorum,
1160 2561 1258 2626 quam
1276 2539 1448 2620 laicorum,

318 2647 405 2730 quod
421 2649 526 2716 bonae
537 2648 713 2714 memoriae
723 2648 998 2735 Archiepiseopns
1015 2649 1162 2715 Andreas
1179 2649 1219 2714 de
1234 2646 1448 2714 concessione

319 2753 442 2820 domini
467 2755 579 2840 Papae
605 2754 746 2840 Eugenii
761 2755 883 2821 Abbati
910 2755 1090 2842 prephatae
1111 2756 1279 2822 Ecclesiae
1302 2753 1446 2834 mitram,

319 2861 480 2944 baculum,
498 2866 530 2926 et
539 2861 692 2927 sandalia
708 2864 916 2946 concesserit,
932 2863 1002 2946 tibi,
1024 2862 1154 2930 domine
1165 2861 1278 2926 Abbas
1288 2860 1447 2927 Constan-

316 2967 361 3033 tie
370 3017 379 3050 ,
406 2973 438 3034 et
454 2968 517 3034 tuis
535 2968 778 3034 successoribus
804 2970 847 3036 ad
864 2969 1017 3038 honorem
1034 2970 1114 3052 Dei,
1144 2976 1176 3034 et
1192 2967 1313 3034 domini
1331 2967 1447 3052 Papae

316 3075 505 3159 Innocentii,
521 3075 617 3142 salva
633 3085 741 3142 tamen
758 3076 791 3142 in
808 3077 958 3144 omnibus
979 3077 1171 3146 auctoritate
1184 3073 1383 3160 Apostolica,
1401 3074 1446 3138 ad

316 3179 510 3248 instanciam
526 3180 611 3246 Cleri
629 3187 660 3246 ot
673 3183 785 3268 populi
795 3184 1020 3268 Ragusiensis,
1037 3185 1199 3270 prephata
1212 3181 1356 3264 insignia
1370 3201 1441 3247 con·

317 3285 460 3354 cedimus
485 3293 517 3354 et
532 3287 769 3355 confirmamus.
799 3290 887 3356 Nulli
904 3311 982 3376 ergo
1002 3290 1131 3358 omnino
1157 3288 1322 3357 hominum
1347 3285 1445 3352 liceat

318 3393 402 3460 hanc
417 3393 575 3480 pagiuam
591 3401 725 3463 nostrae
735 3398 954 3465 concessionis
970 3396 1158 3481 infringere,
1175 3396 1227 3461 vel
1238 3394 1345 3461 eidem
1360 3411 1444 3458 ausu

317 3500 490 3574 temerario
500 3505 671 3570 contraire.
683 3503 906 3589 Quicnnmque
917 3512 1028 3571 autem
1038 3509 1151 3572 eontra
1161 3503 1376 3570 hanctemere
1392 3520 1444 3566 ve-

316 3605 386 3672 nire
401 3610 617 3694 temptaverit,
635 3612 890 3697 indignationem
907 3612 1149 3698 Omnipotentis
1170 3611 1243 3692 Dei,
1266 3616 1298 3676 'et
1312 3611 1444 3676 Sancto·

315 3734 386 3780 rum
402 3714 633 3799 Apostolorum
649 3718 737 3784 Petri
753 3727 784 3786 et
800 3720 896 3786 Pauli
913 3738 949 3785 sc
966 3719 1096 3787 noverit
1111 3721 1323 3785 incursurum.
1348 3716 1444 3782 Anno

317 3820 508 3889 Dominioae
525 3823 764 3892 lucamationis
785 3826 957 3894 millesimo
970 3827 1068 3912 00⁰„
1095 3824 1217 3893 domini
1235 3843 1313 3892 vero
1332 3823 1446 3909 Papae

316 3927 496 3998 Innocentii
512 3932 597 3998 tertii
616 3931 670 4016 Il.,
692 3933 872 4001 Indictione
888 3933 994 4001 tertia.

562 4125 686 4192 (Parieti,
699 4127 837 4194 Illyricum
851 4129 964 4180 Sacrum
976 4130 1023 4182 Vl.
1037 4129 1093 4182 ker.
1107 4131 1150 4180 88.
1163 4129 1193 4194 l.)

750 4400 1010 4414 m
