3164 5192
854 295 1004 398 Q.

371 496 518 578 teruitas,
535 517 595 563 nos
610 495 692 562 illud
708 494 896 561 nullatenus
908 493 1127 579 equanimiter
1142 513 1315 581 possemus
1332 494 1496 561 sustinere

370 603 528 690 precipue
544 625 616 670 cum
628 603 661 668 in
677 603 779 686 brevi,
798 603 825 668 si
842 603 912 670 Deo
930 603 1070 686 placeat,
1088 603 1133 668 ad
1149 602 1385 669 exsolutionem
1405 601 1506 668 votivi

369 711 499 778 itineris
515 710 731 777 transfretare
757 709 937 775 babeamus
954 709 986 776 in
1003 711 1183 796 proposito,
1208 717 1239 776 et
1255 729 1328 775 cum
1343 711 1418 794 ipse
1427 759 1437 792 ,
1452 709 1505 792 qui
1550 703 1554 712 ’

368 818 467 885 uobis
484 820 692 904 presentibus
719 819 882 886 contraire
906 824 939 883 et
954 817 1122 884 adversari
1148 837 1212 884 non
1229 817 1378 900 desistit,
1405 817 1505 882 multo

371 925 536 994 crudelius
559 926 653 994 nobis
672 926 862 992 absentibus
889 931 1002 992 contra
1017 925 1120 1009 Regni
1145 927 1249 992 nostri
1274 945 1390 1011 pacem
1415 925 1505 990 dese·

370 1034 438 1101 vire
453 1033 675 1100 indubitanter
690 1033 871 1100 credamus.
889 1031 1039 1100 Ceterum
1055 1033 1286 1100 siPaternitati
1304 1033 1421 1098 Vestra
1437 1033 1505 1117 pla-

370 1148 459 1208 cerat
470 1191 478 1224 ,
506 1146 542 1205 ut
567 1138 744 1222 aliquando
762 1159 803 1204 ex
819 1145 927 1206 vestro
953 1139 1114 1205 laterado
1133 1139 1251 1204 vestris
1275 1137 1506 1204 Cardinalibns

373 1247 418 1312 ad
433 1247 580 1329 Regnum
598 1252 742 1312 nostrum
753 1247 913 1329 Legatum
929 1245 1202 1328 transmitteretis,
1215 1245 1313 1311 solita
1329 1264 1406 1310 eum
1422 1245 1508 1312 baui-

372 1352 499 1436 gnitate
530 1351 745 1438 reciperemus
772 1361 804 1418 et
827 1374 885 1438 pro
914 1355 1098 1420 reverentia
1122 1351 1336 1420 Sacrosanate
1361 1354 1508 1420 Romane

372 1459 468 1526 Sedis
485 1460 517 1525 in
544 1461 693 1526 omnibus
720 1459 897 1528 honorilice
912 1467 1137 1527 tractaremus.
1163 1461 1202 1525 In
1223 1461 1374 1527 omnibus
1401 1467 1508 1526 autem

372 1570 570 1654 presentium
596 1569 710 1651 latori,
737 1587 799 1651 que
827 1568 867 1634 dc
895 1567 1042 1653 predicto
1066 1567 1319 1655 Arcbiepiscopo
1345 1588 1388 1633 cx
1416 1573 1508 1654 parte

372 1682 485 1744 nostra
501 1675 594 1740 vobis
611 1675 687 1740 viva
704 1693 782 1740 voce
798 1673 930 1756 dixerit,
955 1674 1176 1740 indubitanter
1193 1673 1344 1740 credatis.

374 1871 679 1938 (Huillard-Brdbollsa,
703 1874 823 1922 Examen
842 1872 888 1923 des
909 1873 1016 1923 chartas
1035 1873 1068 1922 ds
1087 1869 1191 1938 l'dglisc
1209 1873 1342 1923 Romaine
1361 1878 1509 1923 contendes

489 1962 556 2012 daus
569 1963 608 2013 las
622 1962 750 2013 roulcanx
764 1961 816 2014 dits
827 1963 955 2014 rouleaux
970 1962 1002 2012 de
1015 1963 1110 2028 Cluny,
1125 1961 1203 2012 Paris
1218 1963 1298 2012 tacu.
1314 1961 1357 2014 78.
1372 1962 1403 2022 l.)
1533 1951 1538 1956 ’

807 2245 1070 2258 -ι-κ-ιι-ιο

900 2733 977 2802 rba.

374 2921 576 3016 A'fraacaia
601 2931 790 3000 kermateaalc
816 2932 1035 3020 nfibtkozata
1050 2929 1114 3036 Ill.
1136 2930 1227 2995 Iacca
1247 2933 1342 3018 pdpu
1367 2931 1447 2996 150.
1462 2951 1503 2994 aa.

709 3039 805 3106 alutta'
819 3039 1056 3108 batarouatdra.
1076 3039 1175 3104 1203.

484 3233 521 3298 Β.
537 3231 712 3301 Flandriac
729 3241 761 3300 ct
771 3235 963 3322 Hainoviac,
973 3237 1010 3301 L.
1022 3235 1188 3305 Blczensis
1199 3231 1503 3305 aaaromontensb

378 3347 410 3406 et
427 3341 468 3407 Η.
484 3342 597 3408 Sancti
622 3342 716 3409 Pauli
732 3341 893 3430 Comites,
921 3343 1014 3412 Oddo
1041 3345 1081 3410 dc
1098 3343 1248 3412 Obanlict
1258 3395 1266 3428 ,
1293 3351 1325 3408 et
1340 3341 1392 3408 W.
1412 3341 1504 3407 frater

377 3449 459 3533 eJus,
485 3450 633 3516 omnibus
650 3452 694 3517 ad
709 3471 790 3536 quos
806 3451 934 3519 litterae
960 3453 1045 3518 istae
1068 3450 1292 3538 pervenerint,
1319 3447 1503 3518 salutemin

377 3553 527 3621 Domino.
544 3555 665 3623 Notum
681 3559 751 3624 lieri
769 3559 935 3643 volumus,
956 3559 1043 3642 quod
1059 3577 1158 3644 super
1174 3579 1223 3644 eo,
1241 3557 1327 3642 quod
1348 3555 1441 3641 apud
1455 3553 1501 3620 Ja-
1527 3610 1530 3618 .

378 3661 490 3727 doram
514 3663 706 3732 incurrimus
733 3667 1099 3735 excommunicationem
1123 3667 1367 3754 Apostolioam,
1396 3665 1448 3730 vel
1463 3663 1501 3727 iu·

378 3767 501 3856 curisse
518 3787 577 3835 nos
593 3771 754 3860 timemus,
772 3781 838 3840 tam
854 3795 924 3860 nos,
951 3795 1048 3858 quam
1063 3793 1268 3843 successores
1284 3781 1416 3840 nostros
1431 3769 1500 3838 Sodi

378 3875 589 3962 apostolicae
605 3879 810 3967 obligamus,
836 3882 924 3966 quod
940 3885 982 3948 ad
1001 3882 1190 3950 mandatum
1215 3883 1284 3968 ojus
1310 3877 1499 3947 satisfactio·

376 4000 450 4049 nem
465 3985 650 4053 curabimus
667 3989 829 4057 exhibere.
857 3991 976 4057 Datum
993 3990 1081 4076 apud
1096 3990 1252 4058 Jaderam
1268 4007 1353 4056 anno
1370 3983 1498 4054 Domini

379 4091 475 4160 1203.
493 4112 604 4160 meuse
619 4095 752 4182 Aprilis.

734 4277 827 4344 urna
840 4295 866 4332 u.
880 4295 904 4331 0.
918 4281 955 4332 11.
970 4281 1026 4334 aaa.
1045 4283 1103 4332 roa.
1118 4279 1147 4345 a)

804 4549 1068 4564 Ἥ
