3268 5194
918 288 963 362 bt)

376 493 462 562 inira
478 497 527 562 est
544 513 635 560 mons
652 489 721 560 sivo
738 492 845 578 vallis,
873 491 1010 558 ameris
1026 491 1099 576 ripa
1116 511 1217 576 usque
1233 487 1277 558 ad
1291 487 1423 574 vineam
1441 483 1551 556 Til-

375 612 539 689 stoeosse;
557 602 666 670 omnia
682 602 767 668 euim
783 602 847 668 ista
864 608 974 668 nostro
990 601 1124 687 proprio
1142 600 1372 686 uequisiuimus
1386 599 1525 685 pretio
1529 649 1544 682 ‚

374 713 448 780 ideo
464 711 498 776 in
514 713 619 778 Domo
638 709 700 776 Dei
716 709 875 776 dedimus.
893 711 977 776 Nam
993 709 1142 794 inprimis
1158 715 1289 792 terram,
1307 708 1340 772 in
1356 727 1423 792 qua
1440 707 1542 773 sita

374 820 503 888 videtur
518 817 668 904 eeclesia,
685 817 945 905 comparavimus
955 838 977 883 a
992 817 1166 904 presbitrio
1182 837 1242 904 pro
1252 815 1377 882 duobus
1388 814 1541 882 solidis

373 935 406 994 et
417 948 480 994 uno
491 927 599 996 modio
610 926 772 1011 frumenti,
778 927 843 994 aiio
854 932 962 992 autem
973 925 1013 993 de
1023 927 1102 1010 sale,
1110 926 1196 1011 quod
1206 925 1354 992 dedimus
1367 945 1428 1010 pro
1441 924 1537 990 fine

374 1037 456 1121 sibi;
483 1041 515 1102 et
530 1035 591 1101 hoe
607 1033 727 1100 factum
743 1039 792 1100 est
807 1053 917 1099 eoram
931 1033 1097 1118 Stephano
1113 1033 1179 1099 filio
1196 1033 1216 1100 J
1220 1033 1318 1118 upani
1334 1032 1536 1114 Pribinne,

374 1151 406 1211 et
422 1143 603 1230 presbitero
620 1141 792 1226 Pradano,
819 1147 851 1208 et
866 1140 1048 1229 presbitero
1065 1143 1258 1226 Dragsano‚
1284 1147 1381 1226 atque
1407 1139 1534 1223 Girgi

374 1251 415 1318 de
430 1251 565 1336 Tuguri.
591 1250 611 1330 †
636 1249 762 1318 Ibidem
786 1249 879 1314 iuxta
898 1255 1018 1316 terram
1034 1250 1172 1317 eandem
1198 1250 1334 1316 emimus
1357 1255 1473 1318 terras
1496 1272 1530 1315 a

374 1358 456 1424 Zulo
472 1377 532 1444 pro
548 1358 613 1424 IIII
630 1357 747 1424 modiis
773 1356 926 1424 frumenti
942 1363 975 1422 et
990 1359 1006 1423 Ι
1021 1363 1210 1442 argenteum
1226 1379 1285 1446 pro
1311 1358 1374 1423 fine
1390 1377 1526 1424 eoram

374 1467 546 1535 Johannne
562 1467 768 1552 Mesagaiina
783 1473 816 1532 et
831 1466 997 1553 Stephano
1014 1465 1152 1552 (iurans,
1179 1465 1365 1550 Boledrugo
1381 1465 1423 1532 de
1442 1467 1525 1532 'Pu-

374 1575 457 1661 gari.
483 1575 656 1660 †Insuper
683 1575 819 1641 emimus
842 1573 1028 1640 Semianum
1045 1594 1064 1639 a
1080 1575 1148 1642 suis
1172 1573 1311 1642 inimieis
1331 1593 1389 1660 pro
1406 1573 1441 1638 X
1459 1596 1523 1640 ro-

374 1683 535 1768 manatis,
560 1683 632 1768 ipse
660 1689 767 1750 autem
793 1701 858 1747 non
874 1683 1019 1767 habens,
1045 1681 1132 1750 unde
1148 1703 1183 1749 se
1209 1682 1382 1748 redimeret
1409 1681 1521 1748 dedit

374 1790 472 1857 miehi
497 1789 714 1874 territorium,
740 1789 828 1874 quod
853 1789 904 1856 sui
930 1791 1032 1874 patris
1058 1795 1148 1875 erat,
1174 1797 1208 1856 ut
1233 1809 1293 1874 ego
1321 1787 1518 1855 dividerem

372 1917 444 1964 eum
459 1896 526 1962 tilio
543 1915 602 1962 sno
618 1915 713 1962 omne
729 1916 788 1982 per
805 1894 1031 1981 medietatem
1050 1903 1082 1962 et
1101 1896 1134 1961 in
1149 1901 1243 1983 parte
1260 1915 1333 1962 mea
1350 1894 1444 1961 dedit
1463 1905 1517 1962 to-

371 2011 440 2072 tum
455 2002 654 2074 territorium
669 2023 768 2089 super
784 2003 943 2088 eeclesia,
969 2009 1002 2070 et
1018 2003 1082 2070 sibi
1096 2003 1227 2070 retinuit
1254 2002 1455 2070 territorium
1475 2005 1515 2070 in

372 2110 512 2194 Maloin,
538 2117 571 2178 et
587 2109 674 2194 quod
690 2117 873 2178 remaneret
888 2110 1087 2196 dividerem,
1114 2117 1146 2178 et
1162 2111 1208 2178 sie
1224 2131 1245 2176 a
1261 2131 1312 2178 me
1327 2111 1410 2178 liber
1427 2112 1515 2178 abs-

373 2217 481 2286 cessit.

480 2325 523 2390 st
538 2322 597 2390 beo
613 2322 784 2390 eontentio
801 2343 840 2390 ae
857 2322 1005 2391 diffinitio
1032 2323 1120 2391 faeta
1147 2323 1207 2390 fnit
1225 2329 1300 2392 ante
1325 2323 1510 2393 ecelesiam

371 2428 404 2496 in
421 2428 628 2498 Actaeorum
645 2429 697 2496 hio
712 2431 887 2516 nobilibus,
905 2430 1029 2498 seilicet
1048 2431 1229 2517 presbitero
1249 2433 1366 2516 Lusca,
1384 2434 1509 2501 etalio

371 2537 553 2623 presbitero
579 2539 704 2622 Lasca,
731 2538 912 2623 presbitero
938 2538 1108 2622 Prodano,
1134 2539 1316 2624 presbitero
1342 2538 1444 2605 Piena
1473 2547 1509 2606 et

372 2645 467 2729 Girgi
483 2645 523 2713 de
539 2645 674 2732 iugari,
700 2651 733 2712 et
748 2648 861 2732 Draga
876 2648 980 2732 Nego,
998 2653 1031 2714 et
1045 2647 1246 2730 Hnbrahanr,
1272 2653 1305 2714 et
1320 2647 1422 2714 fratre
1438 2669 1507 2716 suo

370 2752 513 2840 Andrea,
529 2760 563 2820 et
571 2753 720 2820 omnibus
736 2753 882 2820 eiusdem
898 2754 962 2820 loei
972 2754 1122 2839 sillanis5
1139 2775 1178 2822 ae
1190 2775 1301 2823 eoram
1311 2756 1398 2840 alijs‚
1415 2775 1507 2840 quos

371 2861 541 2946 aSpalato
558 2881 682 2928 meeum
699 2861 786 2946 duxi,
812 2861 963 2928 Jobanne
987 2861 1053 2928 filio
1071 2862 1218 2948 Gustani,
1244 2862 1340 2930 Petro
1357 2862 1425 2930 tilio
1441 2867 1506 2930 Sa·

370 2968 440 3054 lati,
457 2975 490 3034 et
505 2968 596 3034 Bilta
612 2968 678 3034 filio
696 2967 820 3035 Girdei.

478 3073 503 3163 †
519 3075 597 3142 Post
612 3076 672 3142 beu
686 3095 763 3142 vero
780 3076 975 3143 Miroslarus
992 3096 1063 3142 eum
1090 3075 1167 3144 filiis
1192 3075 1386 3144 Michahelis
1402 3096 1424 3142 a
1440 3076 1505 3146 Ce-

368 3182 442 3250 delo
459 3182 589 3268 quidem
605 3191 638 3250 et
653 3179 778 3250 Chualo
807 3183 965 3252 adversus
990 3190 1134 3250 nostram
1159 3183 1386 3252 diffinitionem
1414 3187 1505 3254 hune

368 3290 512 3376 maligno
528 3291 643 3378 spiritu
659 3293 837 3360 concitatus
863 3295 1024 3381 surrexit,
1047 3303 1079 3361 et
1104 3315 1168 3361 non
1185 3294 1345 3362 modicam
1369 3301 1505 3380 parterm

368 3397 408 3466 de
425 3398 585 3484 prephato
601 3401 763 3467 territorio
779 3419 800 3464 a
816 3422 867 3468 me
883 3401 1075 3469 subtrahere
1091 3401 1186 3486 oepit,
1213 3401 1414 3469 aterritorio
1430 3403 1504 3470 Pri-

367 3504 483 3570 bistrio
499 3525 601 3589 usque
616 3526 743 3573 sursum
760 3506 803 3574 ad
819 3513 955 3592 petram.
983 3509 1077 3575 Unde
1101 3529 1160 3575 nos
1176 3510 1363 3576 eonvooatis
1379 3511 1502 3578 iterum

367 3610 477 3678 multis
491 3612 733 3695 Spalatinorum
749 3614 924 3700 nobilibus,
941 3615 1024 3682 inter
1042 3635 1122 3700 quos
1139 3616 1238 3684 etiam
1253 3615 1413 3684 Jaeobum
1431 3621 1502 3687 Ma-

367 3717 532 3783 rianorum
547 3719 671 3787 Ducem
687 3741 758 3786 eum
774 3723 843 3788 suis
867 3721 1021 3788 militibus
1038 3723 1159 3788 ibidem
1184 3723 1341 3790 interesse
1366 3730 1500 3810 rogaui-

367 3844 447 3892 mus.
464 3825 549 3894 Ante
566 3847 699 3911 quorum
715 3830 882 3914 presentia
898 3850 971 3896 oum
986 3829 1113 3914 prefato
1130 3830 1369 3899 desertavimus
1382 3833 1499 3902 Miros·
1542 3851 1552 3862 “

365 3933 460 4016 lavo,
486 3933 541 3998 ubi
558 3941 590 4000 et
605 3939 851 4005 consentionem
867 3939 994 4006 hisdem
1015 3940 1221 4008 monentibus
1237 3941 1405 4008 nobilibus
1421 3963 1498 4012 eum

365 4039 413 4107 eis
423 4037 529 4108 denuo
538 4039 681 4109 fecimus.
689 4043 895 4132 Quapropter
905 4043 1071 4112 aiirmavit
1081 4048 1175 4114 nobis
1187 4047 1366 4133 propbetas
1375 4057 1498 4136 terras,

364 4167 456 4234 quas,
483 4147 652 4216 subtraere
668 4150 809 4236 volebat,
827 4159 860 4218 et
876 4151 1012 4238 insuper
1031 4154 1126 4222 nobis
1142 4155 1366 4238 augmentavit
1382 4159 1498 4224 monti-

364 4255 490 4339 eelium,
508 4260 570 4340 que
586 4276 689 4344 prope
702 4264 797 4342 petra
813 4259 910 4326 situm
926 4267 986 4344 est,
998 4264 1031 4326 et
1048 4261 1138 4328 valle
1156 4262 1306 4328 similiter
1317 4261 1497 4349 insipiente

363 4361 404 4428 de
414 4363 525 4428 Saline
535 4381 636 4446 usque
647 4363 773 4449 Sutilie,
786 4371 818 4430 et
828 4363 869 4430 de
879 4365 994 4432 Satilie
1006 4387 1110 4451 usque
1120 4369 1164 4434 ad
1175 4389 1273 4434 mare.
1288 4371 1330 4436 Et
1340 4371 1494 4441 dedimus
1613 4411 1614 4416 κ

362 4467 426 4534 sibi
436 4488 494 4553 pro
504 4471 719 4537 conventione
729 4473 895 4557 octoginta
906 4473 1014 4540 modia
1025 4475 1116 4542 ordei
1126 4484 1158 4542 et
1169 4497 1267 4544 unum
1278 4477 1421 4546 solidum
1431 4500 1493 4567 pro
1612 4495 1614 4558 t

361 4570 434 4642 une.
459 4577 500 4642 Et
516 4578 588 4670 ipse
612 4579 807 4648 Miroslarus
832 4583 1019 4672 anteposuit
1044 4603 1079 4651 se
1097 4584 1226 4654 dicens:
1247 4584 1492 4676 Quicumquea
1612 4575 1613 4614 ³
