<?xml version="1.0" encoding="UTF-8"?>
<!DOCTYPE html PUBLIC "-//W3C//DTD XHTML 1.0 Transitional//EN"
    "http://www.w3.org/TR/xhtml1/DTD/xhtml1-transitional.dtd">
<html xmlns="http://www.w3.org/1999/xhtml" xml:lang="en" lang="en">
 <head>
  <title>
</title>
<meta http-equiv="Content-Type" content="text/html;charset=utf-8" />
  <meta name='ocr-system' content='tesseract 3.04.00' />
  <meta name='ocr-capabilities' content='ocr_page ocr_carea ocr_par ocr_line ocrx_word'/>
</head>
<body>
  <div class='ocr_page' id='page_1' title='image "./codexdiplomatic05wenzgoog_0542.png"; bbox 0 0 3238 5184; ppageno 0'>
   <div class='ocr_carea' id='block_1_1' title="bbox 947 313 1013 380">
    <p class='ocr_par' dir='ltr' id='par_1_1' title="bbox 947 313 1013 380">
     <span class='ocr_line' id='line_1_1' title="bbox 947 313 1013 380; baseline -0.03 1"><span class='ocrx_word' id='word_1_1' title='bbox 947 313 1013 380; x_wconf 80' lang='lat'><strong>500</strong></span> 
     </span>
    </p>
   </div>
   <div class='ocr_carea' id='block_1_2' title="bbox 899 405 1056 414">
    <p class='ocr_par' dir='ltr' id='par_1_2' title="bbox 899 405 1056 414">
     <span class='ocr_line' id='line_1_2' title="bbox 899 405 1056 414; baseline -0.013 0"><span class='ocrx_word' id='word_1_2' title='bbox 899 405 1056 414; x_wconf 81' lang='lat'>-—--——</span> 
     </span>
    </p>
   </div>
   <div class='ocr_carea' id='block_1_3' title="bbox 416 501 1548 1358">
    <p class='ocr_par' dir='ltr' id='par_1_3' title="bbox 416 501 1548 1358">
     <span class='ocr_line' id='line_1_3' title="bbox 416 501 1542 594; baseline -0.018 -4"><span class='ocrx_word' id='word_1_3' title='bbox 416 519 599 590; x_wconf 89' lang='lat' dir='ltr'><strong>Laurenoio</strong></span> <span class='ocrx_word' id='word_1_4' title='bbox 625 525 702 584; x_wconf 89' lang='lat' dir='ltr'><strong>tunc</strong></span> <span class='ocrx_word' id='word_1_5' title='bbox 726 513 852 582; x_wconf 80' lang='lat' dir='ltr'><strong>Gemite</strong></span> <span class='ocrx_word' id='word_1_6' title='bbox 877 517 1013 594; x_wconf 91' lang='lat' dir='ltr'><strong>nostro,</strong></span> <span class='ocrx_word' id='word_1_7' title='bbox 1039 507 1205 594; x_wconf 79' lang='lat' dir='ltr'><strong>blagistris</strong></span> <span class='ocrx_word' id='word_1_8' title='bbox 1230 504 1397 588; x_wconf 77' lang='lat' dir='ltr'><strong>(ierardo‚</strong></span> <span class='ocrx_word' id='word_1_9' title='bbox 1423 501 1542 583; x_wconf 80' lang='lat' dir='ltr'><strong>Fauno,</strong></span> 
     </span>
     <span class='ocr_line' id='line_1_4' title="bbox 419 612 1545 715; baseline -0.021 -17"><span class='ocrx_word' id='word_1_10' title='bbox 419 631 525 715; x_wconf 89' lang='lat' dir='ltr'><strong>Petro,</strong></span> <span class='ocrx_word' id='word_1_11' title='bbox 544 625 704 712; x_wconf 82' lang='lat' dir='ltr'>Gregorio</span> <span class='ocrx_word' id='word_1_12' title='bbox 715 622 889 689; x_wconf 82' lang='lat' dir='ltr'><strong>Canonicis</strong></span> <span class='ocrx_word' id='word_1_13' title='bbox 902 617 1210 706; x_wconf 90' lang='lat' dir='ltr'><strong>Vesprimiensibns,</strong></span> <span class='ocrx_word' id='word_1_14' title='bbox 1227 623 1260 681; x_wconf 91' lang='lat' dir='ltr'><strong>et</strong></span> <span class='ocrx_word' id='word_1_15' title='bbox 1276 614 1353 680; x_wconf 89' lang='lat' dir='ltr'><strong>aliis</strong></span> <span class='ocrx_word' id='word_1_16' title='bbox 1364 634 1462 699; x_wconf 87' lang='lat' dir='ltr'><strong>qnam</strong></span> <span class='ocrx_word' id='word_1_17' title='bbox 1479 612 1545 696; x_wconf 93' lang='lat' dir='ltr'><strong>plu-</strong></span> 
     </span>
     <span class='ocr_line' id='line_1_5' title="bbox 416 719 1548 813; baseline -0.019 -8"><span class='ocrx_word' id='word_1_18' title='bbox 416 739 507 805; x_wconf 90' lang='lat' dir='ltr'><strong>ribus</strong></span> <span class='ocrx_word' id='word_1_19' title='bbox 530 735 651 802; x_wconf 85' lang='lat' dir='ltr'><strong>ibidem</strong></span> <span class='ocrx_word' id='word_1_20' title='bbox 672 731 894 812; x_wconf 74' lang='lat' dir='ltr'>existentibus,</span> <span class='ocrx_word' id='word_1_21' title='bbox 920 727 975 813; x_wconf 92' lang='lat' dir='ltr'><strong>qui</strong></span> <span class='ocrx_word' id='word_1_22' title='bbox 999 727 1178 792; x_wconf 83' lang='lat' dir='ltr'><strong>intererant</strong></span> <span class='ocrx_word' id='word_1_23' title='bbox 1202 722 1444 790; x_wconf 77' lang='lat' dir='ltr'><strong>consecracioni</strong></span> <span class='ocrx_word' id='word_1_24' title='bbox 1469 719 1548 784; x_wconf 87' lang='lat' dir='ltr'><strong>alta-</strong></span> 
     </span>
     <span class='ocr_line' id='line_1_6' title="bbox 418 826 1548 928; baseline -0.019 -16"><span class='ocrx_word' id='word_1_25' title='bbox 418 847 501 912; x_wconf 90' lang='lat' dir='ltr'><strong>rium</strong></span> <span class='ocrx_word' id='word_1_26' title='bbox 517 849 549 910; x_wconf 92' lang='lat' dir='ltr'><strong>et</strong></span> <span class='ocrx_word' id='word_1_27' title='bbox 574 841 787 928; x_wconf 90' lang='lat' dir='ltr'><strong>disposicioni</strong></span> <span class='ocrx_word' id='word_1_28' title='bbox 813 839 971 904; x_wconf 92' lang='lat' dir='ltr'><strong>bonorum</strong></span> <span class='ocrx_word' id='word_1_29' title='bbox 989 832 1156 914; x_wconf 80' lang='lat' dir='ltr'><strong>Obemerij</strong></span> <span class='ocrx_word' id='word_1_30' title='bbox 1183 829 1353 913; x_wconf 90' lang='lat' dir='ltr'><strong>nominatj.</strong></span> <span class='ocrx_word' id='word_1_31' title='bbox 1377 829 1428 893; x_wconf 85' lang='lat' dir='ltr'><strong>Ne</strong></span> <span class='ocrx_word' id='word_1_32' title='bbox 1450 826 1548 910; x_wconf 83' lang='lat' dir='ltr'><strong>igitur</strong></span> 
     </span>
     <span class='ocr_line' id='line_1_7' title="bbox 417 933 1548 1040; baseline -0.021 -19"><span class='ocrx_word' id='word_1_33' title='bbox 417 951 556 1040; x_wconf 87' lang='lat' dir='ltr'><strong>predicti</strong></span> <span class='ocrx_word' id='word_1_34' title='bbox 573 948 742 1032; x_wconf 83' lang='lat' dir='ltr'><strong>Ohemerij</strong></span> <span class='ocrx_word' id='word_1_35' title='bbox 759 945 937 1034; x_wconf 82' lang='lat' dir='ltr'><strong>disposicio</strong></span> <span class='ocrx_word' id='word_1_36' title='bbox 954 941 1072 1009; x_wconf 84' lang='lat' dir='ltr'><strong>suturis</strong></span> <span class='ocrx_word' id='word_1_37' title='bbox 1091 939 1292 1024; x_wconf 89' lang='lat' dir='ltr'><strong>temporibus</strong></span> <span class='ocrx_word' id='word_1_38' title='bbox 1303 937 1417 1003; x_wconf 85' lang='lat' dir='ltr'><strong>valeat</strong></span> <span class='ocrx_word' id='word_1_39' title='bbox 1432 935 1475 999; x_wconf 90' lang='lat' dir='ltr'><strong>ab</strong></span> <span class='ocrx_word' id='word_1_40' title='bbox 1493 933 1548 998; x_wconf 87' lang='lat' dir='ltr'><strong>ali-</strong></span> 
     </span>
     <span class='ocr_line' id='line_1_8' title="bbox 419 1041 1547 1147; baseline -0.023 -18"><span class='ocrx_word' id='word_1_41' title='bbox 419 1062 536 1147; x_wconf 90' lang='lat' dir='ltr'><strong>quibus</strong></span> <span class='ocrx_word' id='word_1_42' title='bbox 552 1059 585 1124; x_wconf 91' lang='lat' dir='ltr'><strong>in</strong></span> <span class='ocrx_word' id='word_1_43' title='bbox 601 1057 734 1124; x_wconf 87' lang='lat' dir='ltr'><strong>dubium</strong></span> <span class='ocrx_word' id='word_1_44' title='bbox 750 1052 907 1136; x_wconf 87' lang='lat' dir='ltr'><strong>reuocari,</strong></span> <span class='ocrx_word' id='word_1_45' title='bbox 933 1055 1102 1137; x_wconf 90' lang='lat' dir='ltr'><strong>presentes</strong></span> <span class='ocrx_word' id='word_1_46' title='bbox 1126 1047 1252 1112; x_wconf 81' lang='lat' dir='ltr'><strong>litteras</strong></span> <span class='ocrx_word' id='word_1_47' title='bbox 1267 1045 1301 1109; x_wconf 93' lang='lat' dir='ltr'><strong>in</strong></span> <span class='ocrx_word' id='word_1_48' title='bbox 1326 1041 1547 1109; x_wconf 88' lang='lat' dir='ltr'><strong>testimoninm</strong></span> 
     </span>
     <span class='ocr_line' id='line_1_9' title="bbox 418 1147 1547 1252; baseline -0.023 -16"><span class='ocrx_word' id='word_1_49' title='bbox 418 1171 466 1236; x_wconf 95' lang='lat' dir='ltr'><strong>rei</strong></span> <span class='ocrx_word' id='word_1_50' title='bbox 483 1172 575 1252; x_wconf 85' lang='lat' dir='ltr'><strong>geste</strong></span> <span class='ocrx_word' id='word_1_51' title='bbox 592 1165 796 1250; x_wconf 90' lang='lat' dir='ltr'><strong>conscriptas</strong></span> <span class='ocrx_word' id='word_1_52' title='bbox 813 1161 913 1245; x_wconf 84' lang='lat' dir='ltr'><strong>sigilli</strong></span> <span class='ocrx_word' id='word_1_53' title='bbox 929 1157 1033 1226; x_wconf 90' lang='lat' dir='ltr'><strong>nostri</strong></span> <span class='ocrx_word' id='word_1_54' title='bbox 1046 1155 1222 1222; x_wconf 91' lang='lat' dir='ltr'><strong>munimine</strong></span> <span class='ocrx_word' id='word_1_55' title='bbox 1239 1152 1375 1218; x_wconf 87' lang='lat' dir='ltr'><strong>fecimus</strong></span> <span class='ocrx_word' id='word_1_56' title='bbox 1392 1147 1547 1216; x_wconf 87' lang='lat' dir='ltr'><strong>roborari.</strong></span> 
     </span>
     <span class='ocr_line' id='line_1_10' title="bbox 419 1254 1547 1358; baseline -0.022 -16"><span class='ocrx_word' id='word_1_57' title='bbox 419 1279 540 1343; x_wconf 89' lang='lat' dir='ltr'><strong>Datum</strong></span> <span class='ocrx_word' id='word_1_58' title='bbox 567 1272 654 1358; x_wconf 88' lang='lat' dir='ltr'><strong>apud</strong></span> <span class='ocrx_word' id='word_1_59' title='bbox 680 1273 834 1336; x_wconf 82' lang='lat' dir='ltr'><strong>Sanctam</strong></span> <span class='ocrx_word' id='word_1_60' title='bbox 860 1267 995 1334; x_wconf 80' lang='lat' dir='ltr'><strong>Crucem</strong></span> <span class='ocrx_word' id='word_1_61' title='bbox 1021 1263 1062 1328; x_wconf 90' lang='lat' dir='ltr'><strong>de</strong></span> <span class='ocrx_word' id='word_1_62' title='bbox 1078 1264 1210 1328; x_wconf 90' lang='lat' dir='ltr'><strong>Kenesa</strong></span> <span class='ocrx_word' id='word_1_63' title='bbox 1237 1279 1322 1324; x_wconf 87' lang='lat' dir='ltr'><strong>anno</strong></span> <span class='ocrx_word' id='word_1_64' title='bbox 1348 1255 1482 1322; x_wconf 93' lang='lat' dir='ltr'><strong>Domini</strong></span> <span class='ocrx_word' id='word_1_65' title='bbox 1507 1254 1547 1318; x_wconf 66' lang='lat' dir='ltr'><strong>ll*</strong></span> 
     </span>
    </p>
   </div>
   <div class='ocr_carea' id='block_1_4' title="bbox 420 1378 729 1464">
    <p class='ocr_par' dir='ltr' id='par_1_4' title="bbox 420 1378 729 1464">
     <span class='ocr_line' id='line_1_11' title="bbox 420 1378 729 1464; baseline -0.026 -14"><span class='ocrx_word' id='word_1_66' title='bbox 420 1381 485 1450; x_wconf 78' lang='lat'><strong>00⁰</strong></span> <span class='ocrx_word' id='word_1_67' title='bbox 495 1379 603 1448; x_wconf 84' lang='lat' dir='ltr'>XXX⁰</span> <span class='ocrx_word' id='word_1_68' title='bbox 615 1378 729 1464; x_wconf 89' lang='lat' dir='ltr'><strong>primo.</strong></span> 
     </span>
    </p>
   </div>
   <div class='ocr_carea' id='block_1_5' title="bbox 421 1561 1548 1727">
    <p class='ocr_par' dir='ltr' id='par_1_5' title="bbox 421 1561 1548 1727">
     <span class='ocr_line' id='line_1_12' title="bbox 421 1561 1548 1646; baseline -0.02 -15"><span class='ocrx_word' id='word_1_69' title='bbox 421 1579 558 1646; x_wconf 81' lang='lat' dir='ltr'><strong>(Eredetie</strong></span> <span class='ocrx_word' id='word_1_70' title='bbox 576 1571 749 1641; x_wconf 74' lang='lat' dir='ltr'><strong>bb&#39;rhdrtydn,</strong></span> <span class='ocrx_word' id='word_1_71' title='bbox 769 1573 881 1640; x_wconf 84' lang='lat' dir='ltr'><strong>melyrb&#39;l</strong></span> <span class='ocrx_word' id='word_1_72' title='bbox 895 1589 912 1624; x_wconf 81' lang='lat' dir='ltr'><strong>a</strong></span> <span class='ocrx_word' id='word_1_73' title='bbox 924 1569 1084 1638; x_wconf 77' lang='lat' dir='ltr'><strong>pllspltlrnelr</strong></span> <span class='ocrx_word' id='word_1_74' title='bbox 1098 1565 1216 1634; x_wconf 80' lang='lat' dir='ltr'><strong>pecsdtje</strong></span> <span class='ocrx_word' id='word_1_75' title='bbox 1237 1567 1323 1616; x_wconf 87' lang='lat' dir='ltr'><strong>barna</strong></span> <span class='ocrx_word' id='word_1_76' title='bbox 1336 1561 1461 1612; x_wconf 83' lang='lat' dir='ltr'><strong>zsindron</strong></span> <span class='ocrx_word' id='word_1_77' title='bbox 1475 1562 1548 1624; x_wconf 74' lang='lat' dir='ltr'><strong>l&#39;r&#39;rgg.</strong></span> 
     </span>
     <span class='ocr_line' id='line_1_13' title="bbox 705 1655 1268 1727; baseline -0.02 -11"><span class='ocrx_word' id='word_1_78' title='bbox 705 1683 721 1715; x_wconf 85' lang='lat' dir='ltr'><strong>a</strong></span> <span class='ocrx_word' id='word_1_79' title='bbox 734 1665 816 1716; x_wconf 88' lang='lat' dir='ltr'><strong>budai</strong></span> <span class='ocrx_word' id='word_1_80' title='bbox 832 1659 930 1727; x_wconf 73' lang='lat' dir='ltr'><strong>lrirdlyi</strong></span> <span class='ocrx_word' id='word_1_81' title='bbox 944 1661 1066 1711; x_wconf 83' lang='lat' dir='ltr'><strong>karnarai</strong></span> <span class='ocrx_word' id='word_1_82' title='bbox 1078 1655 1268 1719; x_wconf 71' lang='lat' dir='ltr'><strong>lsrbltdrban.)</strong></span> 
     </span>
    </p>
   </div>
   <div class='ocr_carea' id='block_1_6' title="bbox 850 1977 1119 1992">
    <p class='ocr_par' dir='ltr' id='par_1_6' title="bbox 850 1977 1119 1992">
     <span class='ocr_line' id='line_1_14' title="bbox 850 1977 1119 1992; baseline -0.011 0"><span class='ocrx_word' id='word_1_83' title='bbox 850 1977 1119 1992; x_wconf 49' lang='grc' dir='ltr'><strong>-μ</strong></span> 
     </span>
    </p>
   </div>
   <div class='ocr_carea' id='block_1_7' title="bbox 951 2466 1028 2536">
    <p class='ocr_par' dir='ltr' id='par_1_7' title="bbox 951 2466 1028 2536">
     <span class='ocr_line' id='line_1_15' title="bbox 951 2466 1028 2536; baseline -0.026 0"><span class='ocrx_word' id='word_1_84' title='bbox 951 2466 1028 2536; x_wconf 81' lang='lat' dir='ltr'><strong>als.</strong></span> 
     </span>
    </p>
   </div>
   <div class='ocr_carea' id='block_1_8' title="bbox 423 2646 1549 2855">
    <p class='ocr_par' dir='ltr' id='par_1_8' title="bbox 423 2646 1549 2855">
     <span class='ocr_line' id='line_1_16' title="bbox 423 2646 1549 2742; baseline -0.011 -20"><span class='ocrx_word' id='word_1_85' title='bbox 423 2655 472 2724; x_wconf 69' lang='lat' dir='ltr'><strong>Aa</strong></span> <span class='ocrx_word' id='word_1_86' title='bbox 487 2653 670 2742; x_wconf 75' lang='lat' dir='ltr'><strong>aazterpomi</strong></span> <span class='ocrx_word' id='word_1_87' title='bbox 694 2647 915 2738; x_wconf 77' lang='lat' dir='ltr'><strong>kdptalaoook</strong></span> <span class='ocrx_word' id='word_1_88' title='bbox 931 2646 1190 2734; x_wconf 76' lang='lat' dir='ltr'><strong>bizooysdplaoelo</strong></span> <span class='ocrx_word' id='word_1_89' title='bbox 1213 2671 1235 2712; x_wconf 90' lang='lat' dir='ltr'><strong>o</strong></span> <span class='ocrx_word' id='word_1_90' title='bbox 1249 2647 1347 2714; x_wconf 81' lang='lat' dir='ltr'><strong>Sabus</strong></span> <span class='ocrx_word' id='word_1_91' title='bbox 1370 2669 1470 2718; x_wconf 76' lang='lat' dir='ltr'><strong>comeo</strong></span> <span class='ocrx_word' id='word_1_92' title='bbox 1484 2657 1514 2718; x_wconf 61' lang='grc' dir='ltr'><strong>ὁ,</strong></span> <span class='ocrx_word' id='word_1_93' title='bbox 1529 2677 1549 2716; x_wconf 81' lang='lat' dir='ltr'><strong>a</strong></span> 
     </span>
     <span class='ocr_line' id='line_1_17' title="bbox 502 2757 1476 2855; baseline -0.006 -23"><span class='ocrx_word' id='word_1_94' title='bbox 502 2765 655 2855; x_wconf 81' lang='lat' dir='ltr'><strong>poaeooyi</strong></span> <span class='ocrx_word' id='word_1_95' title='bbox 670 2760 903 2848; x_wconf 76' lang='lat' dir='ltr'><strong>udrjobbcipyok</strong></span> <span class='ocrx_word' id='word_1_96' title='bbox 918 2759 1002 2822; x_wconf 65' lang='lat' dir='ltr'><strong>lebeti</strong></span> <span class='ocrx_word' id='word_1_97' title='bbox 1013 2779 1104 2844; x_wconf 82' lang='lat' dir='ltr'><strong>perer</strong></span> <span class='ocrx_word' id='word_1_98' title='bbox 1120 2757 1363 2842; x_wconf 71' lang='lat' dir='ltr'><strong>eqyezoodesrtl.</strong></span> <span class='ocrx_word' id='word_1_99' title='bbox 1380 2765 1476 2828; x_wconf 83' lang='lat'><em>1231.</em></span> 
     </span>
    </p>
   </div>
   <div class='ocr_carea' id='block_1_9' title="bbox 771 2937 1207 3006">
    <p class='ocr_par' dir='ltr' id='par_1_9' title="bbox 771 2937 1207 3006">
     <span class='ocr_line' id='line_1_18' title="bbox 771 2937 1207 3006; baseline -0.002 0"><span class='ocrx_word' id='word_1_100' title='bbox 771 2937 1207 3006; x_wconf 71' lang='lat' dir='ltr'><strong>aaut)</strong></span> 
     </span>
    </p>
   </div>
   <div class='ocr_carea' id='block_1_10' title="bbox 425 3119 1553 4712">
    <p class='ocr_par' dir='ltr' id='par_1_10' title="bbox 425 3119 1553 4712">
     <span class='ocr_line' id='line_1_19' title="bbox 531 3119 1551 3211; baseline -0.001 -21"><span class='ocrx_word' id='word_1_101' title='bbox 531 3125 676 3192; x_wconf 81' lang='lat' dir='ltr'><strong>Thomas</strong></span> <span class='ocrx_word' id='word_1_102' title='bbox 691 3119 879 3206; x_wconf 88' lang='lat' dir='ltr'><strong>Prepositus</strong></span> <span class='ocrx_word' id='word_1_103' title='bbox 895 3119 1137 3204; x_wconf 84' lang='lat' dir='ltr'><strong>Strigoniensis‚</strong></span> <span class='ocrx_word' id='word_1_104' title='bbox 1164 3125 1197 3185; x_wconf 92' lang='lat' dir='ltr'><strong>et</strong></span> <span class='ocrx_word' id='word_1_105' title='bbox 1212 3119 1357 3186; x_wconf 88' lang='lat' dir='ltr'><strong>eiusdem</strong></span> <span class='ocrx_word' id='word_1_106' title='bbox 1378 3123 1443 3189; x_wconf 92' lang='lat' dir='ltr'><strong>loci</strong></span> <span class='ocrx_word' id='word_1_107' title='bbox 1461 3123 1551 3211; x_wconf 86' lang='lat' dir='ltr'><strong>Capi·</strong></span> 
     </span>
     <span class='ocr_line' id='line_1_20' title="bbox 425 3227 1550 3316; baseline -0.001 -18"><span class='ocrx_word' id='word_1_108' title='bbox 425 3233 527 3299; x_wconf 91' lang='lat' dir='ltr'><strong>tulum</strong></span> <span class='ocrx_word' id='word_1_109' title='bbox 545 3229 705 3313; x_wconf 86' lang='lat' dir='ltr'><strong>omnibus,</strong></span> <span class='ocrx_word' id='word_1_110' title='bbox 732 3227 775 3294; x_wconf 90' lang='lat' dir='ltr'><strong>ad</strong></span> <span class='ocrx_word' id='word_1_111' title='bbox 791 3247 872 3312; x_wconf 92' lang='lat' dir='ltr'><strong>quos</strong></span> <span class='ocrx_word' id='word_1_112' title='bbox 888 3228 994 3293; x_wconf 89' lang='lat' dir='ltr'><strong>littere</strong></span> <span class='ocrx_word' id='word_1_113' title='bbox 1010 3232 1179 3314; x_wconf 82' lang='lat' dir='ltr'><strong>presentes</strong></span> <span class='ocrx_word' id='word_1_114' title='bbox 1196 3229 1413 3316; x_wconf 88' lang='lat' dir='ltr'><strong>peruenerint‚</strong></span> <span class='ocrx_word' id='word_1_115' title='bbox 1432 3233 1550 3298; x_wconf 86' lang='lat' dir='ltr'><strong>oracio</strong></span> 
     </span>
     <span class='ocr_line' id='line_1_21' title="bbox 426 3333 1551 3419; baseline -0.003 -14"><span class='ocrx_word' id='word_1_116' title='bbox 426 3359 484 3406; x_wconf 91' lang='lat' dir='ltr'><strong>nes</strong></span> <span class='ocrx_word' id='word_1_117' title='bbox 500 3341 532 3404; x_wconf 92' lang='lat' dir='ltr'><strong>in</strong></span> <span class='ocrx_word' id='word_1_118' title='bbox 549 3337 699 3405; x_wconf 91' lang='lat' dir='ltr'><strong>Domino.</strong></span> <span class='ocrx_word' id='word_1_119' title='bbox 721 3333 936 3404; x_wconf 85' lang='lat' dir='ltr'><strong>Vniuersitati</strong></span> <span class='ocrx_word' id='word_1_120' title='bbox 952 3339 1060 3400; x_wconf 83' lang='lat' dir='ltr'><strong>uestra</strong></span> <span class='ocrx_word' id='word_1_121' title='bbox 1074 3333 1304 3419; x_wconf 86' lang='lat' dir='ltr'><strong>significamus,</strong></span> <span class='ocrx_word' id='word_1_122' title='bbox 1332 3335 1420 3418; x_wconf 90' lang='lat' dir='ltr'><strong>quod</strong></span> <span class='ocrx_word' id='word_1_123' title='bbox 1437 3340 1551 3404; x_wconf 87' lang='lat' dir='ltr'><strong>consti-</strong></span> 
     </span>
     <span class='ocr_line' id='line_1_22' title="bbox 426 3440 1550 3532; baseline -0.002 -20"><span class='ocrx_word' id='word_1_124' title='bbox 426 3447 504 3513; x_wconf 89' lang='lat' dir='ltr'><strong>tutis</strong></span> <span class='ocrx_word' id='word_1_125' title='bbox 521 3447 553 3512; x_wconf 95' lang='lat' dir='ltr'><strong>in</strong></span> <span class='ocrx_word' id='word_1_126' title='bbox 570 3445 740 3532; x_wconf 88' lang='lat' dir='ltr'><strong>presencia</strong></span> <span class='ocrx_word' id='word_1_127' title='bbox 764 3449 879 3510; x_wconf 89' lang='lat' dir='ltr'><strong>nostra</strong></span> <span class='ocrx_word' id='word_1_128' title='bbox 894 3442 999 3507; x_wconf 84' lang='lat' dir='ltr'><strong>Sabus</strong></span> <span class='ocrx_word' id='word_1_129' title='bbox 1016 3440 1140 3508; x_wconf 85' lang='lat' dir='ltr'><strong>Oomite</strong></span> <span class='ocrx_word' id='word_1_130' title='bbox 1156 3441 1198 3506; x_wconf 90' lang='lat' dir='ltr'><strong>ab</strong></span> <span class='ocrx_word' id='word_1_131' title='bbox 1214 3462 1279 3508; x_wconf 82' lang='lat' dir='ltr'><strong>una</strong></span> <span class='ocrx_word' id='word_1_132' title='bbox 1303 3451 1405 3528; x_wconf 85' lang='lat' dir='ltr'><strong>parte,</strong></span> <span class='ocrx_word' id='word_1_133' title='bbox 1430 3444 1550 3528; x_wconf 86' lang='lat' dir='ltr'><strong>Bacha,</strong></span> 
     </span>
     <span class='ocr_line' id='line_1_23' title="bbox 426 3549 1550 3638; baseline -0.001 -19"><span class='ocrx_word' id='word_1_134' title='bbox 426 3556 544 3637; x_wconf 83' lang='lat' dir='ltr'><strong>Kotor,</strong></span> <span class='ocrx_word' id='word_1_135' title='bbox 570 3552 675 3620; x_wconf 87' lang='lat' dir='ltr'><strong>Jacob</strong></span> <span class='ocrx_word' id='word_1_136' title='bbox 690 3550 921 3634; x_wconf 82' lang='lat' dir='ltr'><strong>iobagionibus</strong></span> <span class='ocrx_word' id='word_1_137' title='bbox 948 3549 1056 3616; x_wconf 78' lang='lat' dir='ltr'><strong>Castri</strong></span> <span class='ocrx_word' id='word_1_138' title='bbox 1071 3549 1280 3618; x_wconf 90' lang='lat' dir='ltr'><strong>Posonicnsis</strong></span> <span class='ocrx_word' id='word_1_139' title='bbox 1305 3571 1362 3636; x_wconf 93' lang='lat' dir='ltr'><strong>pro</strong></span> <span class='ocrx_word' id='word_1_140' title='bbox 1379 3571 1416 3617; x_wconf 90' lang='lat' dir='ltr'><strong>sc</strong></span> <span class='ocrx_word' id='word_1_141' title='bbox 1445 3557 1479 3617; x_wconf 84' lang='lat' dir='ltr'><strong>et</strong></span> <span class='ocrx_word' id='word_1_142' title='bbox 1495 3574 1550 3638; x_wconf 94' lang='lat' dir='ltr'><strong>pro</strong></span> 
     </span>
     <span class='ocr_line' id='line_1_24' title="bbox 427 3655 1551 3744; baseline -0.001 -20"><span class='ocrx_word' id='word_1_143' title='bbox 427 3659 503 3744; x_wconf 89' lang='lat' dir='ltr'><strong>alijs</strong></span> <span class='ocrx_word' id='word_1_144' title='bbox 518 3657 745 3740; x_wconf 83' lang='lat' dir='ltr'><strong>iobagionibos</strong></span> <span class='ocrx_word' id='word_1_145' title='bbox 762 3655 907 3722; x_wconf 88' lang='lat' dir='ltr'><strong>eiusdem</strong></span> <span class='ocrx_word' id='word_1_146' title='bbox 919 3655 1026 3724; x_wconf 83' lang='lat' dir='ltr'><strong>Oastri</strong></span> <span class='ocrx_word' id='word_1_147' title='bbox 1043 3656 1085 3721; x_wconf 88' lang='lat' dir='ltr'><strong>ab</strong></span> <span class='ocrx_word' id='word_1_148' title='bbox 1102 3657 1219 3740; x_wconf 86' lang='lat' dir='ltr'><strong>altera,</strong></span> <span class='ocrx_word' id='word_1_149' title='bbox 1239 3657 1403 3724; x_wconf 89' lang='lat' dir='ltr'><strong>mediante</strong></span> <span class='ocrx_word' id='word_1_150' title='bbox 1414 3660 1551 3726; x_wconf 86' lang='lat' dir='ltr'><strong>blartino</strong></span> 
     </span>
     <span class='ocr_line' id='line_1_25' title="bbox 426 3762 1552 3852; baseline 0 -20"><span class='ocrx_word' id='word_1_151' title='bbox 426 3765 493 3832; x_wconf 88' lang='lat' dir='ltr'><strong>tilio</strong></span> <span class='ocrx_word' id='word_1_152' title='bbox 510 3765 651 3832; x_wconf 88' lang='lat' dir='ltr'><strong>Simonis</strong></span> <span class='ocrx_word' id='word_1_153' title='bbox 677 3765 717 3830; x_wconf 92' lang='lat' dir='ltr'><strong>de</strong></span> <span class='ocrx_word' id='word_1_154' title='bbox 734 3765 815 3831; x_wconf 88' lang='lat' dir='ltr'><strong>villa</strong></span> <span class='ocrx_word' id='word_1_155' title='bbox 831 3765 971 3849; x_wconf 88' lang='lat' dir='ltr'><strong>Volyan,</strong></span> <span class='ocrx_word' id='word_1_156' title='bbox 1000 3764 1055 3847; x_wconf 90' lang='lat' dir='ltr'><strong>qui</strong></span> <span class='ocrx_word' id='word_1_157' title='bbox 1080 3783 1115 3830; x_wconf 92' lang='lat' dir='ltr'><strong>se</strong></span> <span class='ocrx_word' id='word_1_158' title='bbox 1140 3762 1335 3850; x_wconf 88' lang='lat' dir='ltr'><strong>pristaldnm</strong></span> <span class='ocrx_word' id='word_1_159' title='bbox 1360 3766 1460 3852; x_wconf 86' lang='lat' dir='ltr'><strong>Regis</strong></span> <span class='ocrx_word' id='word_1_160' title='bbox 1477 3768 1552 3833; x_wconf 91' lang='lat' dir='ltr'><strong>Bele</strong></span> 
     </span>
     <span class='ocr_line' id='line_1_26' title="bbox 428 3871 1553 3958; baseline -0.001 -17"><span class='ocrx_word' id='word_1_161' title='bbox 428 3893 501 3941; x_wconf 90' lang='lat' dir='ltr'><strong>esse</strong></span> <span class='ocrx_word' id='word_1_162' title='bbox 517 3873 658 3958; x_wconf 87' lang='lat' dir='ltr'><strong>dicebat,</strong></span> <span class='ocrx_word' id='word_1_163' title='bbox 684 3873 857 3958; x_wconf 90' lang='lat' dir='ltr'><strong>proposuit</strong></span> <span class='ocrx_word' id='word_1_164' title='bbox 872 3871 1060 3958; x_wconf 81' lang='lat' dir='ltr'><strong>pristaldos,</strong></span> <span class='ocrx_word' id='word_1_165' title='bbox 1085 3872 1172 3956; x_wconf 88' lang='lat' dir='ltr'><strong>quod</strong></span> <span class='ocrx_word' id='word_1_166' title='bbox 1188 3879 1315 3939; x_wconf 88' lang='lat' dir='ltr'><strong>centnm</strong></span> <span class='ocrx_word' id='word_1_167' title='bbox 1331 3880 1364 3938; x_wconf 92' lang='lat' dir='ltr'><strong>et</strong></span> <span class='ocrx_word' id='word_1_168' title='bbox 1380 3875 1553 3957; x_wconf 80' lang='lat' dir='ltr'><strong>sexaginta</strong></span> 
     </span>
     <span class='ocr_line' id='line_1_27' title="bbox 429 3978 1552 4066; baseline 0.001 -19"><span class='ocrx_word' id='word_1_169' title='bbox 429 3982 543 4066; x_wconf 84' lang='lat' dir='ltr'><strong>iugera</strong></span> <span class='ocrx_word' id='word_1_170' title='bbox 566 3988 652 4047; x_wconf 90' lang='lat' dir='ltr'><strong>terre</strong></span> <span class='ocrx_word' id='word_1_171' title='bbox 667 3981 701 4047; x_wconf 95' lang='lat' dir='ltr'><strong>in</strong></span> <span class='ocrx_word' id='word_1_172' title='bbox 716 3981 796 4046; x_wconf 89' lang='lat' dir='ltr'><strong>villa</strong></span> <span class='ocrx_word' id='word_1_173' title='bbox 812 3982 904 4064; x_wconf 71' lang='lat' dir='ltr'><strong>(lent,</strong></span> <span class='ocrx_word' id='word_1_174' title='bbox 923 3986 955 4045; x_wconf 88' lang='lat' dir='ltr'><strong>et</strong></span> <span class='ocrx_word' id='word_1_175' title='bbox 980 3987 1066 4046; x_wconf 92' lang='lat' dir='ltr'><strong>terra</strong></span> <span class='ocrx_word' id='word_1_176' title='bbox 1082 3978 1127 4043; x_wconf 94' lang='lat' dir='ltr'><strong>ad</strong></span> <span class='ocrx_word' id='word_1_177' title='bbox 1143 3999 1241 4046; x_wconf 93' lang='lat' dir='ltr'><strong>unum</strong></span> <span class='ocrx_word' id='word_1_178' title='bbox 1264 3987 1406 4047; x_wconf 86' lang='lat' dir='ltr'><strong>aratrum</strong></span> <span class='ocrx_word' id='word_1_179' title='bbox 1423 3983 1457 4047; x_wconf 92' lang='lat' dir='ltr'><strong>in</strong></span> <span class='ocrx_word' id='word_1_180' title='bbox 1473 3985 1552 4049; x_wconf 77' lang='lat' dir='ltr'><strong>uilla</strong></span> 
     </span>
     <span class='ocr_line' id='line_1_28' title="bbox 428 4085 1551 4174; baseline -0.001 -19"><span class='ocrx_word' id='word_1_181' title='bbox 428 4089 567 4174; x_wconf 88' lang='lat' dir='ltr'><strong>Korosa,</strong></span> <span class='ocrx_word' id='word_1_182' title='bbox 593 4109 673 4172; x_wconf 85' lang='lat' dir='ltr'><strong>quas</strong></span> <span class='ocrx_word' id='word_1_183' title='bbox 689 4095 793 4154; x_wconf 90' lang='lat' dir='ltr'><strong>terras</strong></span> <span class='ocrx_word' id='word_1_184' title='bbox 810 4087 889 4153; x_wconf 88' lang='lat' dir='ltr'><strong>dicti</strong></span> <span class='ocrx_word' id='word_1_185' title='bbox 914 4085 1106 4172; x_wconf 77' lang='lat' dir='ltr'><strong>iobagiones</strong></span> <span class='ocrx_word' id='word_1_186' title='bbox 1126 4086 1255 4154; x_wconf 90' lang='lat' dir='ltr'><strong>nomine</strong></span> <span class='ocrx_word' id='word_1_187' title='bbox 1281 4088 1361 4154; x_wconf 88' lang='lat' dir='ltr'><strong>iuris</strong></span> <span class='ocrx_word' id='word_1_188' title='bbox 1378 4086 1487 4154; x_wconf 81' lang='lat' dir='ltr'><strong>Castri</strong></span> <span class='ocrx_word' id='word_1_189' title='bbox 1512 4091 1551 4154; x_wconf 89' lang='lat' dir='ltr'><strong>ab</strong></span> 
     </span>
     <span class='ocr_line' id='line_1_29' title="bbox 429 4193 1552 4282; baseline -0.002 -18"><span class='ocrx_word' id='word_1_190' title='bbox 429 4198 461 4263; x_wconf 84' lang='lat' dir='ltr'><strong>S.</strong></span> <span class='ocrx_word' id='word_1_191' title='bbox 479 4197 605 4264; x_wconf 82' lang='lat' dir='ltr'><strong>Comite</strong></span> <span class='ocrx_word' id='word_1_192' title='bbox 621 4197 822 4280; x_wconf 87' lang='lat' dir='ltr'><strong>repetebant,</strong></span> <span class='ocrx_word' id='word_1_193' title='bbox 840 4202 873 4262; x_wconf 87' lang='lat' dir='ltr'><strong>et</strong></span> <span class='ocrx_word' id='word_1_194' title='bbox 888 4194 921 4260; x_wconf 89' lang='lat' dir='ltr'><strong>S.</strong></span> <span class='ocrx_word' id='word_1_195' title='bbox 940 4193 1056 4261; x_wconf 80' lang='lat' dir='ltr'><strong>Comes</strong></span> <span class='ocrx_word' id='word_1_196' title='bbox 1072 4195 1271 4262; x_wconf 89' lang='lat' dir='ltr'><strong>hereditario</strong></span> <span class='ocrx_word' id='word_1_197' title='bbox 1286 4195 1356 4261; x_wconf 90' lang='lat' dir='ltr'><strong>iure</strong></span> <span class='ocrx_word' id='word_1_198' title='bbox 1371 4195 1415 4262; x_wconf 87' lang='lat' dir='ltr'><strong>ad</strong></span> <span class='ocrx_word' id='word_1_199' title='bbox 1432 4216 1468 4262; x_wconf 85' lang='lat' dir='ltr'><strong>se</strong></span> <span class='ocrx_word' id='word_1_200' title='bbox 1485 4217 1552 4282; x_wconf 88' lang='lat' dir='ltr'><strong>per·</strong></span> 
     </span>
     <span class='ocr_line' id='line_1_30' title="bbox 428 4301 1553 4390; baseline -0.003 -18"><span class='ocrx_word' id='word_1_201' title='bbox 428 4307 533 4373; x_wconf 89' lang='lat' dir='ltr'><strong>tinere</strong></span> <span class='ocrx_word' id='word_1_202' title='bbox 549 4305 729 4386; x_wconf 88' lang='lat' dir='ltr'><strong>asserebat,</strong></span> <span class='ocrx_word' id='word_1_203' title='bbox 756 4324 813 4388; x_wconf 90' lang='lat' dir='ltr'><strong>per</strong></span> <span class='ocrx_word' id='word_1_204' title='bbox 830 4309 1069 4368; x_wconf 88' lang='lat' dir='ltr'><strong>sacramentum</strong></span> <span class='ocrx_word' id='word_1_205' title='bbox 1095 4303 1199 4390; x_wconf 88' lang='lat' dir='ltr'><strong>ipsius</strong></span> <span class='ocrx_word' id='word_1_206' title='bbox 1215 4303 1249 4369; x_wconf 86' lang='lat' dir='ltr'><strong>S.</strong></span> <span class='ocrx_word' id='word_1_207' title='bbox 1266 4301 1401 4370; x_wconf 82' lang='lat' dir='ltr'><strong>Comitis</strong></span> <span class='ocrx_word' id='word_1_208' title='bbox 1418 4303 1481 4370; x_wconf 90' lang='lat' dir='ltr'><strong>sibi</strong></span> <span class='ocrx_word' id='word_1_209' title='bbox 1498 4325 1553 4390; x_wconf 86' lang='lat' dir='ltr'><strong>per</strong></span> 
     </span>
     <span class='ocr_line' id='line_1_31' title="bbox 429 4410 1552 4497; baseline 0.002 -18"><span class='ocrx_word' id='word_1_210' title='bbox 429 4413 627 4480; x_wconf 86' lang='lat' dir='ltr'><strong>sentenciam</strong></span> <span class='ocrx_word' id='word_1_211' title='bbox 644 4411 680 4475; x_wconf 92' lang='lat' dir='ltr'><strong>B.</strong></span> <span class='ocrx_word' id='word_1_212' title='bbox 697 4411 796 4495; x_wconf 85' lang='lat' dir='ltr'><strong>Regis</strong></span> <span class='ocrx_word' id='word_1_213' title='bbox 812 4418 887 4477; x_wconf 87' lang='lat' dir='ltr'><strong>svnt</strong></span> <span class='ocrx_word' id='word_1_214' title='bbox 903 4410 1109 4496; x_wconf 89' lang='lat' dir='ltr'><strong>adiudicata;</strong></span> <span class='ocrx_word' id='word_1_215' title='bbox 1136 4411 1222 4494; x_wconf 87' lang='lat' dir='ltr'><strong>quod</strong></span> <span class='ocrx_word' id='word_1_216' title='bbox 1239 4412 1338 4495; x_wconf 85' lang='lat' dir='ltr'><strong>ijdem</strong></span> <span class='ocrx_word' id='word_1_217' title='bbox 1364 4411 1552 4497; x_wconf 83' lang='lat' dir='ltr'><strong>iobagiones</strong></span> 
     </span>
     <span class='ocr_line' id='line_1_32' title="bbox 429 4518 1553 4605; baseline 0.003 -21"><span class='ocrx_word' id='word_1_218' title='bbox 429 4521 475 4586; x_wconf 88' lang='lat' dir='ltr'><strong>ita</strong></span> <span class='ocrx_word' id='word_1_219' title='bbox 492 4540 565 4585; x_wconf 88' lang='lat' dir='ltr'><strong>esse</strong></span> <span class='ocrx_word' id='word_1_220' title='bbox 589 4518 730 4604; x_wconf 86' lang='lat' dir='ltr'><strong>professi</strong></span> <span class='ocrx_word' id='word_1_221' title='bbox 747 4525 830 4584; x_wconf 87' lang='lat' dir='ltr'><strong>sunt.</strong></span> <span class='ocrx_word' id='word_1_222' title='bbox 857 4519 938 4584; x_wconf 90' lang='lat' dir='ltr'><strong>ltem</strong></span> <span class='ocrx_word' id='word_1_223' title='bbox 956 4521 1125 4605; x_wconf 89' lang='lat' dir='ltr'><strong>proposuit</strong></span> <span class='ocrx_word' id='word_1_224' title='bbox 1148 4519 1338 4605; x_wconf 85' lang='lat' dir='ltr'><strong>pristaldos,</strong></span> <span class='ocrx_word' id='word_1_225' title='bbox 1364 4521 1454 4602; x_wconf 91' lang='lat' dir='ltr'><strong>quod</strong></span> <span class='ocrx_word' id='word_1_226' title='bbox 1468 4529 1553 4587; x_wconf 90' lang='lat' dir='ltr'><strong>terra</strong></span> 
     </span>
     <span class='ocr_line' id='line_1_33' title="bbox 429 4625 1550 4712; baseline 0 -16"><span class='ocrx_word' id='word_1_227' title='bbox 429 4627 472 4696; x_wconf 84' lang='lat' dir='ltr'><strong>ad</strong></span> <span class='ocrx_word' id='word_1_228' title='bbox 489 4647 584 4692; x_wconf 89' lang='lat' dir='ltr'><strong>unum</strong></span> <span class='ocrx_word' id='word_1_229' title='bbox 611 4635 753 4692; x_wconf 89' lang='lat' dir='ltr'><strong>aratrum</strong></span> <span class='ocrx_word' id='word_1_230' title='bbox 771 4625 803 4690; x_wconf 90' lang='lat' dir='ltr'><strong>in</strong></span> <span class='ocrx_word' id='word_1_231' title='bbox 829 4627 955 4711; x_wconf 86' lang='lat' dir='ltr'><strong>prelata</strong></span> <span class='ocrx_word' id='word_1_232' title='bbox 979 4628 1058 4692; x_wconf 92' lang='lat' dir='ltr'><strong>villa</strong></span> <span class='ocrx_word' id='word_1_233' title='bbox 1074 4629 1212 4712; x_wconf 86' lang='lat' dir='ltr'><strong>Korosa,</strong></span> <span class='ocrx_word' id='word_1_234' title='bbox 1239 4648 1336 4711; x_wconf 84' lang='lat' dir='ltr'><strong>quam</strong></span> <span class='ocrx_word' id='word_1_235' title='bbox 1360 4628 1550 4711; x_wconf 82' lang='lat' dir='ltr'><strong>iobagiones</strong></span> 
     </span>
    </p>
   </div>
   <div class='ocr_carea' id='block_1_11' title="bbox 0 0 1637 5184">
    <p class='ocr_par' dir='ltr' id='par_1_11' title="bbox 0 0 1637 5184">
     <span class='ocr_line' id='line_1_34' title="bbox 0 0 1637 5184; baseline 0 0"><span class='ocrx_word' id='word_1_236' title='bbox 0 0 1637 5184; x_wconf 95' lang='lat' dir='ltr'><strong> </strong></span> 
     </span>
    </p>
   </div>
  </div>
 </body>
</html>
