3200 5182
389 1095 498 1183 dycta
513 1097 616 1162 nudor
640 1121 679 1163 αι
694 1099 825 1164 abactae
849 1103 1004 1188 lrdptolan
1030 1099 1411 1168 turcomanorum
1434 1103 1510 1165 orori

389 1203 572 1286 lplaatuodt
587 1204 750 1292 Sedeatyda
776 1232 843 1294 pap
859 1211 940 1275 uitat
958 1213 995 1295 rrj
1010 1209 1199 1276 tarurokkat
1215 1209 1385 1296 dluctarja.
1419 1211 1509 1272 1224.

492 1399 570 1468 Jula
585 1403 648 1470 Dei
673 1405 788 1489 gracia
812 1406 981 1472 Palatinus
999 1411 1031 1472 et
1051 1404 1279 1492 Soproniensis
1304 1405 1423 1472 Comes
1447 1406 1510 1470 rui-

384 1509 489 1574 uersis
506 1517 691 1596 presentem
715 1513 872 1599 paginam
889 1515 1083 1600 inspecturis
1110 1515 1249 1582 salutem
1266 1513 1299 1580 in
1316 1531 1366 1596 eo,
1392 1513 1448 1596 qni
1463 1533 1508 1578 sa-

386 1615 471 1684 lutes
487 1619 630 1704 mandat,
648 1622 770 1688 salutes
786 1623 899 1690 Jacob.
928 1623 969 1688 Vt
985 1623 1162 1708 emergenti
1182 1620 1343 1688 calumnie
1369 1621 1509 1706 impona-

386 1733 438 1790 tur
462 1725 641 1814 silenoinm,
668 1734 699 1794 et
723 1729 898 1796 obliuiouis
922 1730 1100 1796 redimatur
1126 1729 1345 1814 dispendium,
1373 1729 1509 1814 prouida

385 1831 553 1900 adiuuenit
578 1837 665 1904 racio
691 1838 819 1904 fidelem
836 1838 1024 1905 memoriam
1050 1838 1230 1905 litterarum
1256 1836 1319 1902 sibi
1346 1835 1508 1903 efficacem

387 1940 587 2010 adiutricem.
605 1943 694 2012 Sciat
709 1946 820 2030 itaque
838 1955 908 2012 etas
925 1965 1060 2031 presens
1076 1951 1108 2011 et
1124 1950 1238 2012 noscat
1253 1950 1400 2030 postera,
1426 1946 1506 2030 quod

385 2049 571 2118 uniuersum
597 2051 784 2138 Capitulum
803 2052 964 2120 Budensis
990 2051 1136 2118 Ecclesia
1162 2051 1372 2118 considerans
1399 2051 1508 2136 predia

387 2161 418 2220 ct
433 2156 578 2242 piscinas
604 2161 725 2228 collata
748 2161 853 2228 cidem
869 2161 1015 2228 Ecclesia
1031 2159 1073 2224 ab
1090 2159 1243 2244 antiquo,
1260 2179 1302 2225 ne
1324 2159 1507 2244 prolixitate

386 2269 578 2350 temporum,
597 2267 649 2330 uel
665 2273 822 2334 metarum
847 2273 1009 2334 uetustate
1032 2287 1131 2354 super
1154 2266 1202 2332 eis
1218 2265 1323 2351 possit
1348 2266 1507 2332 calumnia

386 2368 538 2452 suboriri,
566 2374 697 2440 anobis
713 2375 878 2442 humiliter
903 2375 1090 2461 postulauit,
1117 2374 1203 2458 quod
1223 2374 1265 2440 ad
1288 2393 1402 2440 eorum
1419 2373 1505 2460 pisci-

386 2494 471 2558 nam,
489 2496 551 2561 que
568 2481 654 2564 wlgo
671 2480 836 2550 Ohechtoo
852 2483 979 2570 dicitur,
1006 2483 1046 2548 de
1062 2481 1184 2549 nostris
1201 2482 1341 2566 fidelem,
1368 2483 1426 2565 qui
1441 2501 1505 2548 eam

388 2583 657 2675 circumspiceret,
675 2597 708 2656 et
722 2612 827 2657 nonas
844 2597 948 2658 metas
965 2591 1129 2658 ueteribus
1144 2596 1332 2677 apponeret,
1349 2592 1503 2657 transmit·

386 2698 537 2762 teramus.
554 2696 623 2764 Nos
638 2698 738 2783 igitur
752 2699 983 2766 Sebastianum
1009 2699 1179 2782 clericum,
1205 2699 1335 2766 fidelem
1352 2707 1384 2767 et
1409 2697 1503 2786 proni-

388 2801 484 2887 dum,
510 2805 553 2872 ad
579 2809 751 2891 negocium
776 2817 843 2876 tam
873 2808 1009 2874 arduum
1035 2809 1237 2875 decreuimus
1269 2806 1503 2875 destinandum.

386 2909 555 2980 Predictns
579 2915 678 3000 igitur
701 2915 925 3003 Sebastianur,
951 2917 1066 2982 vicinis
1092 2917 1279 2984 conuocatis
1304 2925 1337 2982 et
1361 2916 1505 2982 omnibus

388 3023 643 3110 commetalibus,
670 3025 815 3110 predicte
830 3026 956 3112 piscine
971 3027 1125 3093 terminos
1143 3026 1309 3108 circuiuit,
1337 3033 1429 3090 etex
1453 3021 1505 3088 cir·
1550 3024 1554 3030 ’

389 3127 644 3198 cumiaoentibus
660 3139 838 3200 memorate
854 3135 978 3221 piscine
994 3155 1055 3200 nec
1070 3142 1121 3200 est
1136 3134 1286 3199 inuentus
1303 3133 1425 3216 aliquis
1441 3150 1506 3196 eou-

388 3235 551 3304 tradictor.
576 3241 677 3308 Porro
693 3247 779 3309 terra
803 3243 929 3328 prefate
953 3243 1109 3326 Ecclesia,
1136 3241 1220 3307 infra
1242 3241 1333 3306 cuius
1357 3239 1507 3306 terminos

388 3345 536 3428 predicta
545 3347 689 3432 pisscina
706 3351 916 3435 concluditur,
933 3351 1070 3436 primam
1080 3351 1180 3416 habet
1191 3355 1310 3415 metam
1328 3347 1506 3415 oboriente

388 3449 480 3518 iuxta
496 3455 632 3539 'lyciam
647 3459 828 3544 proximam
845 3459 938 3542 silue,
963 3478 1026 3542 que
1045 3459 1131 3544 wigo
1147 3455 1346 3541 nyzutorku
1372 3454 1504 3521 dicitur:

388 3555 464 3624 inde
480 3580 557 3628 vero
573 3566 775 3647 protenditur
791 3587 848 3652 per
864 3565 1003 3630 medium
1020 3565 1153 3630 fluuium
1169 3563 1271 3648 Tycie
1286 3563 1372 3626 vltra
1393 3562 1505 3641 lacum,

389 3666 444 3748 qui
469 3667 634 3754 Lapusfeu
659 3673 795 3762 dicitur,
821 3675 913 3741 iuxta
939 3693 1034 3758 quem
1054 3672 1204 3740 exienea
1229 3669 1376 3756 predicto
1401 3667 1505 3748 fluuio,

387 3793 501 3841 versus
517 3777 674 3845 orientem
686 3783 889 3867 protenditur
904 3782 946 3848 ad
966 3781 1189 3865 aqueductum,
1207 3777 1261 3862 qni
1278 3775 1455 3842 Ohechtow
1468 3774 1506 3838 di-

388 3881 478 3968 citur,
495 3885 663 3956 includens
679 3891 848 3977 piscinam,
866 3889 1102 3976 qureFfeyrtow
1119 3887 1249 3971 diuitum
1267 3893 1298 3951 et
1315 3883 1392 3950 iude
1408 3901 1506 3948 reuer-

386 3991 469 4066 titur,
479 3994 522 4060 ad
537 3996 683 4083 Tyciam,
707 3999 799 4066 iuxta
815 4021 898 4084 aque
914 4001 1052 4083 alueum,
1070 4017 1129 4082 per
1145 4014 1239 4079 quem
1255 4012 1368 4059 omnes
1386 3991 1506 4058 incluse

388 4101 512 4185 piscine
522 4105 748 4173 detrimentum
764 4127 848 4191 aque
864 4107 1062 4193 susscipiuut
1072 4112 1104 4171 et
1118 4107 1337 4188 arrgmentum,
1355 4105 1390 4166 et
1406 4097 1452 4164 ibi
1469 4093 1507 4160 ad

390 4211 517 4298 rippam
538 4219 683 4288 eiusdem
699 4219 787 4284 aluei
803 4216 1046 4284 meridionalem
1060 4211 1233 4294 transiens,
1251 4208 1294 4275 ad
1311 4207 1507 4276 occidentem

389 4328 545 4412 flectitur,
572 4336 605 4395 et
620 4326 728 4413 tangit
750 4325 914 4409 quoddam
938 4321 1156 4410 precipicium,
1183 4317 1269 4403 qnod
1288 4317 1453 4400 Peteraya
1467 4310 1506 4376 di-

388 4437 489 4522 citur,
516 4443 549 4503 et
563 4435 639 4502 iude
655 4433 840 4503 extenditur
861 4433 953 4498 iuxta
968 4431 1075 4516 ripam
1091 4425 1221 4510 Sedum,
1248 4430 1281 4490 et
1305 4423 1383 4488 inde
1402 4423 1506 4506 girans

389 4563 502 4610 versus
528 4543 695 4611 meridiem
719 4543 810 4608 iuxta
830 4539 966 4606 eandem
982 4537 1088 4622 ripam
1103 4533 1207 4601 tendit
1231 4531 1276 4598 ad
1291 4530 1405 4596 villam
1422 4527 1506 4594 Salo·

390 4652 504 4737 monis,
531 4657 563 4718 et
578 4652 653 4719 inde
669 4650 713 4718 ad
727 4651 840 4717 villam
856 4649 986 4733 Kokot,
1004 4645 1173 4731 inde2vero
1189 4641 1233 4707 ad
1249 4639 1448 4708 occidentem
1463 4634 1502 4699 di·
