3202 5190
647 291 799 394 aa*

158 492 317 578 quiescit,
337 517 377 560 an
396 502 524 579 propter
550 512 642 556 stram
659 491 869 557 rebellionem
887 501 918 557 et
938 490 1192 557 inobedientiam
1218 491 1285 558 dati

157 599 277 666 suerint
292 603 325 666 iu
342 600 555 686 direptionem
573 607 604 664 et
620 595 787 683 praedam,
804 606 839 663 ut
855 598 970 663 saltem
982 596 1073 664 daret
1090 599 1138 664 eis
1155 599 1286 665 vexatio

157 708 368 792 intellectum,
395 715 426 772 et
442 727 537 790 quern
553 707 585 771 iu
602 707 766 792 prosperis
788 727 852 771 non
869 715 1105 790 cognoverant,
1134 727 1286 790 recogno-

156 823 284 880 scerent
301 815 333 879 in
351 809 527 880 ediersis?
554 811 638 889 Quia
654 811 762 898 igitur,
779 811 962 878 charissimi
984 811 1100 878 iratres
1118 821 1150 878 et
1170 813 1237 899 lilii,
1256 816 1285 880 si

157 921 258 1004 digne
276 919 422 986 uolumus
438 919 624 1005 impositum
641 919 731 984 uobis
748 921 914 1004 pastorale
939 917 1078 985 osticium
1095 918 1283 1006 adimplere,

156 1033 315 1114 qnantum
332 1027 497 1110 fragilitas
514 1028 655 1091 bumana
672 1025 847 1111 permittit,
874 1046 932 1092 ros
951 1024 993 1092 ad
1010 1047 1050 1093 ea
1070 1025 1224 1095 debemus
1240 1029 1284 1094 in-

156 1136 285 1221 ducere,
303 1157 360 1222 per
374 1153 457 1218 quae
474 1133 677 1220 dispendium
691 1133 925 1219 temporalium,
945 1143 976 1200 et
995 1143 1197 1200 aeternorum
1215 1157 1284 1221 pos·

157 1244 231 1310 sitis
265 1244 444 1330 periculum
474 1245 616 1326 evitare,
650 1241 804 1307 dilectum
831 1240 932 1306 lilium
963 1250 1107 1306 nostrum
1133 1244 1171 1307 G.
1199 1242 1284 1309 tituli

157 1353 271 1417 Sancti
288 1351 406 1416 Vitalis
423 1351 652 1433 Presbyterum
669 1347 896 1431 cardinalem,
924 1349 1029 1413 virum
1054 1369 1171 1433 genere
1198 1351 1284 1418 nobi·

155 1459 229 1542 lem,
249 1458 428 1524 litterarum
445 1458 580 1523 seientia
598 1455 791 1543 praeditum,
809 1475 932 1520 morum
951 1455 1123 1521 honestate
1140 1459 1284 1541 praecla-

157 1587 248 1648 rum,
283 1565 456 1632 discretum
482 1575 514 1630 et
538 1565 707 1650 providum
734 1573 783 1648 ct,
817 1563 885 1627 suis
912 1563 1118 1645 exigentibus
1149 1566 1283 1648 meritis,

155 1673 251 1740 nobis
267 1685 300 1740 et
315 1673 471 1739 fratribus
496 1673 614 1738 rrrrstris
630 1692 740 1736 carum
767 1669 941 1737 admodum
968 1679 999 1737 et
1025 1681 1213 1758 acceptum,
1239 1674 1282 1740 ad

155 1789 266 1866 partes
294 1789 420 1846 uestras
445 1781 596 1846 duximus
622 1777 869 1860 destinandum,
895 1787 930 1842 ut
956 1779 1055 1842 liliam
1080 1778 1212 1848 reducat
1238 1781 1282 1847 ad

156 1897 310 1970 matrem,
332 1899 363 1955 et
379 1890 556 1954 membrum
573 1887 615 1953 ad
632 1895 747 1972 caput,
773 1905 928 1951 concessa
948 1885 1009 1950 sibi
1036 1886 1180 1970 plenaria
1196 1897 1281 1972 pote-

154 2001 260 2080 state,
288 2005 321 2062 ut
345 1997 466 2063 evellat
486 2005 517 2062 et
543 1995 704 2080 destruat,
732 1991 883 2060 aedificet
908 2001 940 2058 et
957 1993 1034 2078 plan
1058 2001 1122 2078 tet,
1149 1997 1280 2079 quaein

158 2103 306 2189 partibus
323 2103 439 2170 restris
466 2100 636 2169 euellenda
652 2109 684 2166 et
702 2101 916 2184 destruenda,
942 2099 1144 2167 aedificanda
1167 2122 1280 2187 cogno·

154 2210 239 2275 uerit
254 2218 287 2276 et
301 2209 490 2295 plantanda.
518 2213 683 2275 lloucmus
709 2208 845 2294 prolude
872 2208 1123 2275 Universitatem
1140 2220 1279 2280 vestram

156 2318 335 2400 attentius,
360 2323 391 2381 et
408 2317 613 2382 exhortamur
629 2317 661 2381 iu
680 2317 836 2402 Domino,
863 2335 920 2401 per
945 2316 1134 2403 Apostolica
1159 2321 1279 2406 scripta

155 2423 386 2510 praecipiendo
419 2425 630 2506 mandentes,
662 2433 820 2506 quatenus
852 2422 1035 2510 paracletum
1062 2423 1277 2515 Cardinalem,

152 2541 308 2615 tanquam
325 2533 483 2616 Legatum
500 2532 709 2618 Apostolicae
726 2529 830 2615 sedis,
856 2541 887 2596 ct
907 2553 1060 2618 magnum
1080 2533 1113 2598 in
1129 2535 1278 2604 Ecclesia

154 2641 215 2704 Dei
243 2639 350 2704 locum
374 2640 566 2722 habentem,
599 2640 662 2705 imo
687 2659 859 2723 personam
885 2645 1027 2706 nostram
1054 2641 1087 2705 in
1112 2661 1169 2726 eo,
1202 2645 1279 2710 reci-

154 2745 283 2831 pientes
307 2747 471 2812 humiliter
488 2755 519 2813 et
533 2748 669 2830 deuote,
694 2746 860 2832 ipsiusque
884 2747 1067 2814 salubribus
1092 2751 1220 2818 monitis
1246 2761 1278 2820 et

155 2853 343 2939 praeceptis
359 2854 469 2938 pronis
490 2855 652 2920 mentibus
679 2853 893 2938 intendentes,
920 2873 1003 2937 quae
1027 2855 1192 2924 intervos
1216 2869 1279 2927 ste·

152 2960 276 3028 tuenda
292 2961 431 3046 duxerit,
457 2971 613 3045 tauquam
630 2961 811 3029 devotionis
828 2963 895 3048 lilii,
912 2963 1079 3048 recipiatis
1098 2965 1231 3032 firmiter
1245 2977 1277 3034 et

151 3069 309 3150 servetis3
327 3069 367 3134 de
383 3070 476 3153 eujus
492 3068 643 3134 nimirum
660 3070 946 3155 circumspectione
972 3071 1109 3154 prouida
1128 3079 1160 3138 et
1175 3075 1277 3157 provi·

151 3177 264 3244 dantia
280 3177 513 3264 circumspecta
524 3179 740 3246 indubitatam
755 3177 906 3244 fiduciam
917 3179 1106 3264 obtinemus,
1124 3183 1275 3266 quoniam

153 3282 315 3366 dirigente
330 3283 469 3349 Domino
487 3303 617 3367 gressus
634 3286 722 3369 ejus,
748 3283 905 3349 intervos
922 3303 962 3349 ea
978 3285 1102 3350 curabit
1121 3296 1274 3374 statuere,

150 3409 210 3476 per
226 3409 311 3474 quae
328 3391 418 3477 Deo,
444 3393 537 3460 nobis
555 3411 682 3478 quoque
698 3413 737 3458 ac
753 3393 847 3458 vobis
864 3392 1002 3478 pariter,
1028 3395 1141 3461 merito
1157 3400 1275 3482 poterit

149 3499 363 3584 complacere.
391 3500 512 3567 Datum
530 3501 665 3566 Viterbii
681 3501 783 3570 Nonis
800 3499 961 3566 Octobris.
988 3501 1198 3572 Pontificatus
1222 3527 1274 3574 no-

147 3606 312 3672 striarum
333 3607 374 3670 X.

148 3802 307 3868 (Turgensr
320 3805 352 3855 A.
365 3805 402 3868 J„
415 3805 553 3858 Historias
566 3805 682 3860 Russiue
695 3811 868 3874 bladimentis,
882 3812 925 3864 Sz.
938 3809 1067 3864 Ptarvtr
1082 3795 1159 3868 lssli.
1179 3818 1200 3868 1.
1215 3817 1271 3870 kat.

148 3900 174 3948 3.
189 3896 225 3960 l.;
244 3897 337 3964 bligne
356 3897 391 3951 id.
407 3915 440 3950 m.
461 3901 497 3952 11.
512 3901 567 3954 kat.
585 3905 660 3954 1232.
674 3903 710 3965 l.;
730 3921 754 3954 v.
769 3911 793 3956 o.
815 3903 892 3968 l'ejer
907 3906 970 3958 Cod.
984 3908 1055 3973 Dipl.
1075 3911 1126 3964 111.
1143 3911 1196 3962 tot.
1213 3912 1235 3962 l.
1250 3925 1271 3962 r.

669 3995 711 4050 st.
725 3993 756 4058 l.)

572 4277 829 4294 mm
