3238 5184
644 305 799 408 joj-

39 564 44 576 .
154 505 287 571 Franen
313 511 346 572 er
361 524 420 590 per
445 523 517 569 enm
534 500 603 567 eius
629 499 871 567 successoribus
895 520 936 565 ex
951 500 1058 586 Regia
1077 501 1288 586 liberalitate,

153 617 234 682 licet
249 617 400 698 respectu
426 605 659 695 magnitudinis
683 607 766 674 tanti
783 607 888 674 meriti
912 628 1027 693 parum
1043 607 1196 676 videatur
1215 629 1288 677 oon-

154 722 243 802 serri,
270 727 390 788 terram
409 717 479 800 Gal,
505 716 700 800 inquesita
718 723 768 782 est
791 714 931 782 eeclesia
955 715 1158 784 inhonorem
1176 717 1287 784 Sancti

154 830 255 912 Petri,
272 851 294 894 a
318 826 434 893 Castro
450 823 686 910 Suppruniensi
710 827 879 910 exceptam
906 823 976 888 iure
1002 828 1160 908 perpetuo
1186 822 1288 908 possi-

155 936 318 1018 dendam
346 931 505 1000 introduci
524 930 682 998 facientes
699 929 835 996 eundem
852 930 885 994 in
901 927 1047 996 eiusdem
1057 937 1143 997 terre
1161 948 1288 1016 posses-

155 1045 281 1112 sionem
292 1043 496 1130 corporalem
512 1061 571 1126 per
581 1039 735 1105 dilectum
751 1043 784 1105 et
799 1036 927 1104 fidelem
937 1043 1081 1104 nostrum
1091 1036 1284 1104 Ladiclaum

156 1154 318 1220 Comitem
343 1148 610 1217 llussuniensem.
641 1145 739 1214 Cuius
755 1145 861 1231 prima
884 1151 971 1211 meta
986 1143 1146 1230 incipiens
1173 1161 1287 1212 uersus

155 1261 313 1327 orientem
330 1278 434 1345 prope
448 1256 560 1323 villam
576 1255 706 1321 nomine
722 1253 836 1336 Ywan,
853 1271 916 1338 que
932 1258 981 1319 est
998 1251 1135 1317 Abbatis
1152 1249 1194 1317 de
1210 1253 1285 1317 Per-

155 1390 209 1452 oe,
232 1375 265 1436 et
280 1369 313 1434 in
330 1368 417 1434 ualle
442 1363 648 1432 descendenti
674 1379 787 1427 uersus
814 1358 925 1424 uillam
950 1359 1041 1424 illam
1067 1358 1286 1445 per'eandem

158 1476 281 1542 vallem
298 1474 389 1541 uadit
406 1473 449 1538 ad
465 1471 578 1538 uillam
595 1464 747 1548 Ferteud
763 1470 796 1531 et
810 1470 923 1530 tenens
936 1469 1041 1530 metas
1057 1483 1130 1530 cum
1146 1463 1205 1530 illa
1221 1471 1287 1530 terr·

157 1583 206 1650 dit
221 1602 337 1648 uersus
353 1578 533 1659 meridiem,
551 1581 584 1640 et
599 1579 688 1640 tenet
702 1578 807 1639 meras
828 1591 900 1636 cnm
916 1575 1005 1636 terra
1019 1570 1098 1636 ville
1113 1570 1238 1654 Ladan,
1255 1577 1288 1636 et

155 1689 322 1756 transiens
339 1707 440 1774 prope
455 1680 627 1751 ecelesiam
643 1679 755 1747 Sancti
770 1677 921 1744 Nicbolai
938 1675 1030 1743 uadit
1040 1675 1084 1742 ad
1099 1675 1213 1742 uillam
1234 1695 1287 1741 no·

156 1797 245 1863 mine
261 1795 331 1880 Cal,
349 1801 381 1860 et
395 1790 559 1860 transiens
575 1790 668 1856 iuxta
688 1786 779 1851 illam
795 1801 1022 1871 permagnam
1037 1781 1125 1848 viam
1144 1779 1240 1848 uadit
1256 1788 1288 1847 et

157 1911 247 1973 tenet
272 1912 377 1971 metas
402 1921 474 1968 oum
490 1899 570 1964 villa
592 1893 744 1962 Nicbolai
771 1893 829 1977 filij
846 1892 1001 1958 Zothmar
1026 1888 1157 1955 nomine
1181 1889 1286 1956 Bereu

157 2030 273 2080 uersus
285 2007 503 2091 occidentem
522 2010 554 2070 et
569 2002 646 2069 inde
665 1999 758 2066 uadit
768 2005 799 2064 et
815 2003 904 2063 tenet
918 2004 1021 2064 metas
1037 2015 1110 2062 oum
1122 1994 1191 2061 alia
1205 1995 1288 2062 villa

158 2119 306 2186 eiusdem
322 2113 475 2181 Nieholai
500 2108 630 2178 nomine
646 2107 716 2190 Cal,
733 2112 765 2172 et
780 2102 929 2191 peruenit
947 2101 989 2168 ad
1002 2101 1140 2189 primam
1155 2103 1285 2168 meta'm.

157 2226 278 2292 Postea
294 2245 371 2290 uero
388 2217 524 2288 Arnoltb
542 2217 658 2284 (lomes
683 2213 785 2280 irater
800 2208 912 2277 Buaad
928 2217 1047 2276 terram
1067 2206 1285 2294 supradictam

160 2333 334 2418 requisiuit
344 2349 453 2398 coram
465 2325 558 2394 nobis
571 2345 590 2390 a
601 2325 726 2389 llrancu
739 2326 916 2386 memorato
927 2317 988 2383 sub
998 2315 1128 2383 nomino
1136 2313 1285 2382 donacio·

158 2442 211 2508 nis
231 2447 360 2524 nostre3
385 2435 444 2504 sed
460 2435 538 2518 quia
554 2434 587 2500 in
604 2433 720 2519 primo,
744 2427 887 2498 seeundo
904 2435 936 2496 et
952 2426 1053 2494 torcio
1076 2425 1212 2491 termino
1229 2441 1287 2488 suo

159 2549 203 2614 ad
220 2541 422 2615 offerendum
446 2539 540 2608 nobis
565 2537 772 2624 priuilegium
798 2543 884 2603 terre
911 2533 1055 2601 eiusdem
1080 2531 1212 2599 anobis
1233 2547 1287 2616 pe-

159 2651 334 2738 remptorie
350 2649 529 2732 assignato,
554 2643 679 2709 nullum
693 2641 822 2728 penitus
838 2640 954 2708 offerre
977 2638 1082 2726 potuit
1097 2638 1287 2704 instrumen-

160 2769 241 2846 tum,
267 2768 389 2826 terram
405 2751 605 2839 sepedictam
631 2746 737 2814 eidem
752 2747 882 2812 Franco
906 2745 1096 2828 reliquimus
1119 2740 1287 2829 possiden·

159 2868 257 2952 dam3
285 2864 496 2934 decernentes
512 2855 704 2925 auctoritate
718 2852 834 2937 Regia,
851 2859 887 2918 ut
902 2851 1017 2918 Amolt
1035 2849 1151 2916 (lomes
1167 2849 1221 2915 uel
1237 2848 1287 2916 sui

162 2991 371 3046 successores
387 2969 512 3036 nullum
522 2983 618 3050 super
633 2962 696 3029 bac
711 2967 799 3026 terra
815 2959 915 3026 offere
924 2956 1050 3044 possint
1069 2953 1288 3040 priuilegium,

161 3093 195 3153 et
210 3085 239 3150 si
256 3099 399 3167 unquam
424 3072 558 3160 aliquod
583 3068 770 3150 obtulerint,
796 3065 990 3132 auctoritate
1015 3060 1219 3148 presencium
1234 3057 1288 3127 de·

161 3191 328 3270 struimus,
344 3185 555 3251 decernentes
582 3193 655 3244 esse
670 3175 788 3240 falsum
804 3171 862 3254 ita,
881 3175 918 3236 ut
933 3168 1041 3236 nullas
1059 3165 1187 3252 penitus
1202 3163 1289 3230 vires

162 3299 287 3366 babeat
301 3295 335 3362 in
361 3287 574 3377 preiudicium
599 3283 695 3350 istius
718 3277 932 3348 instrumenti.
957 3277 1000 3343 llt
1014 3281 1051 3342 ut
1065 3275 1163 3340 heca
1185 3269 1290 3355 Regia

162 3401 362 3470 liberalitate
378 3396 463 3463 iuste
478 3413 518 3460 ac
533 3389 681 3476 legitime
696 3387 784 3454 lacta
794 3383 929 3452 collacio
945 3387 1038 3468 terre,
1056 3383 1214 3466 perpetue
1227 3383 1289 3443 sta-

162 3509 299 3577 bilitatis
316 3505 413 3573 robur
430 3500 585 3583 obtineat,
623 3514 684 3561 nec
703 3511 855 3577 umquam
871 3489 904 3555 in
923 3487 1050 3555 irritum
1074 3487 1187 3552 ualeat
1201 3501 1290 3551 reuo-

163 3617 242 3700 cari,
269 3615 302 3681 in
335 3613 560 3695 argumentum
585 3599 661 3669 fidei
686 3599 837 3668 cercioris
861 3600 1042 3684 presentem
1071 3589 1291 3659 concessimus

163 3723 319 3812 paginam
335 3711 574 3805 priuilegiarrtis
589 3709 692 3794 sigilli
702 3707 804 3794 nostri
825 3703 1002 3771 munimine
1012 3701 1210 3770 roboratam.
1227 3699 1291 3764 Da-

164 3838 233 3898 tum
258 3845 316 3912 pcr
340 3839 456 3888 manus
482 3813 665 3884 Reuerendi
680 3809 814 3898 Vgulini
838 3808 1024 3878 colocensis
1046 3802 1292 3891 Arcbiepiscopi

164 3938 241 4005 aule
263 3930 368 4017 Regia
383 3922 578 4009 cancellarij
604 3941 691 3988 anuo
706 3916 877 3986 Dominice
901 3913 1145 3984 lneamacionis
1169 3906 1292 3977 M⁰cc⁰

165 4041 373 4123 xxx⁰1111⁰‚
399 4033 505 4122 Regni
529 4037 638 4098 autem
663 4015 765 4097 nostri
790 4043 875 4092 anno
900 4021 1069 4088 XXX⁰V⁰.
1102 4015 1292 4084 Venerabili

165 4155 307 4223 Roberto
317 4144 571 4231 Archiepiseopo
587 4135 814 4223 Strigoniensi
826 4130 983 4214 Gregorio
995 4124 1180 4208 (lauriensi,
1200 4122 1306 4190 orere

166 4258 330 4348 Agriensi
346 4253 493 4324 Renaldo
509 4247 743 4328 Vitrasiluano‚
759 4241 862 4308 Bulsu
878 4235 1107 4320 Chenadierrsi,
1127 4231 1294 4302 Bartholo-

167 4387 240 4434 meo
256 4353 628 4448 Quinquellcclesiensi,
645 4351 813 4438 Stephano
823 4344 1049 4432 Zagrabiensi
1068 4339 1295 4410 bartholomeo

167 4468 427 4561 wesprimiensi‚
443 4462 551 4530 Bricio
562 4456 738 4542 Waeiensi‚
754 4451 932 4522 Benedicta
942 4446 1151 4517 Waradiensi
1167 4443 1298 4530 Episco-

169 4583 242 4676 pis;
266 4573 427 4670 Dyonisio
451 4565 612 4656 Palatino,
638 4563 804 4635 Demetrio
829 4561 904 4628 aule
919 4565 1027 4630 nostre
1044 4552 1160 4626 Judioe
1185 4556 1218 4618 et
1234 4547 1291 4617 (lo-
