3200 5182
606 333 765 436 ‘uor-

121 529 245 594 latatur
261 528 353 595 iuxta
368 529 569 615 sepedictam
585 533 691 618 ripam
708 531 750 598 ad
767 538 886 598 terram
902 531 1040 597 filiorum
1057 531 1196 613 Kollou;
1214 537 1247 596 et

120 635 200 700 inde
216 636 259 702 ad
276 643 396 704 terram
413 657 579 706 seruorum
597 641 696 726 Regis
713 639 897 708 extenditur
912 659 1027 706 versus
1043 637 1248 722 aquilonem

121 742 241 811 deinde
266 765 343 812 vcro
360 784 403 794 -—
419 783 463 793 -
479 784 523 794 -
540 747 739 832 sepedictam
765 747 872 832 ripam
891 745 994 811 tendit
1018 744 1059 810 ad
1076 745 1164 811 uiam
1179 765 1250 830 pre·

121 852 265 936 cipitem,
282 873 346 937 quc
357 855 566 940 Golumbaya
582 855 716 940 dicitur,
734 861 766 921 et
782 854 857 922 inde
872 852 1074 941 protenditur
1088 871 1190 937 usque
1206 852 1249 918 ad

118 964 243 1028 terram
258 961 378 1048 Bulsn;
398 971 430 1030 et
445 964 490 1030 ibi
507 965 720 1030 terminantur
736 969 821 1029 mete
841 964 934 1029 iuxta
944 963 1050 1049 ripam
1065 961 1172 1048 posite
1187 979 1250 1026 me·

120 1073 265 1153 morate,
283 1075 316 1135 et
331 1070 407 1136 inde
418 1071 593 1140 reflectitur
614 1091 728 1138 versus
739 1071 906 1155 orientem,
922 1069 1092 1136 includens
1107 1067 1250 1134 radicem

119 1175 220 1258 aluei,
237 1179 292 1260 qui
309 1179 492 1244 Homurher
509 1180 636 1263 dicitur,
663 1186 695 1245 et
714 1180 934 1266 complectens
959 1177 1113 1264 paludem
1128 1177 1249 1242 Tamar

118 1283 263 1368 nomine,
281 1287 391 1354 multis
418 1289 512 1356 metis
528 1289 741 1374 interpositio,
766 1287 871 1354 tendit
896 1287 940 1353 ad
956 1293 1075 1353 metam
1101 1283 1249 1371 primam,

120 1391 164 1456 de
175 1413 241 1475 qua
251 1393 371 1461 circum
382 1433 425 1442 -
438 1434 481 1442 -
495 1434 535 1444 -
548 1436 583 1444 —
600 1399 673 1482 poio
684 1397 769 1462 dicte
781 1405 864 1463 terre
880 1395 985 1462 suerat
996 1396 1135 1462 incoata.
1152 1390 1251 1470 Quid·

119 1499 201 1584 qnid
217 1509 326 1568 autern
341 1502 428 1570 inira
444 1511 549 1570 metas
566 1504 766 1572 concluditur
783 1510 990 1585 memoratas,
1015 1500 1175 1568 Budensis
1191 1501 1250 1564 Ec-

119 1607 225 1672 clesia
240 1609 282 1674 ab
299 1610 434 1694 antiquo
461 1617 606 1699 tempore
622 1613 769 1698 possedit
787 1611 921 1698 pacifice
946 1617 978 1675 et
993 1609 1110 1694 quiete.
1137 1609 1180 1672 Vt
1197 1626 1251 1672 au-

119 1719 187 1780 tem
203 1715 298 1782 huius
322 1719 370 1783 rei
386 1720 489 1786 series
514 1726 705 1806 permaneat
730 1699 927 1786 inconcussa
943 1725 975 1784 et
997 1718 1093 1784 illesa
1117 1735 1176 1800 pro
1196 1736 1250 1799 po-

119 1821 240 1904 steris,
268 1845 340 1891 earn
371 1827 555 1894 censuimus
583 1828 807 1894 recordatione
835 1823 1039 1912 presencium
1069 1823 1249 1888 litterarum

119 1939 153 1996 et
178 1933 281 1998 nostri
313 1935 414 2018 sigilli
440 1936 615 2002 munimine
644 1936 800 2004 roborari.
843 1933 938 1999 Anno
967 1930 1059 1998 verbi
1089 1927 1249 1996 incarnati

119 2037 395 2110 M⁰CO⁰XX⁰IW

119 2237 215 2302 (Fojdr
233 2257 297 2291 ezerr
318 2241 448 2309 okmdnyt
467 2246 601 2294 Herronesi
621 2243 686 2295 utrin
706 2245 755 2295 sok
775 2240 886 2294 hibr'rval
906 2246 970 2292 tctte
990 2237 1072 2291 kdaad
1092 2237 1156 2288 Cod.
1175 2235 1248 2300 Dipl.

119 2327 171 2378 111.
186 2329 212 2378 lr.
230 2333 252 2380 1.
268 2348 288 2379 r.
302 2333 362 2382 tro.
377 2334 412 2396 l.;
433 2331 577 2384 alribtkar
595 2333 740 2399 Zsigmorid
759 2329 848 2397 lrirdly
865 2331 974 2382 raas-ki
993 2323 1139 2379 tursrtbtl
1152 2327 1246 2377 Knaua

310 2419 419 2472 Ndndor
431 2419 574 2487 igaaitotta
588 2422 625 2484 lri,
638 2422 754 2486 Magyar
767 2421 830 2472 Sion
845 2422 866 2470 1.
880 2422 936 2470 lrdt.
951 2421 1011 2469 291.
1026 2412 1056 2484 l.)

646 3171 723 3240 270.

117 3355 164 3418 ΙΙ.
181 3353 289 3419 Errdre
305 3356 413 3440 loirdly
430 3356 695 3420 irrte'zlcedc'soinelc
711 3353 844 3439 folytn'n
862 3378 884 3416 α
900 3353 1140 3416 dorsrnonostori
1155 3355 1247 3436 aprit-

164 3468 222 3548 sdy
238 3467 385 3526 szdmcira
402 3463 491 3527 Zuka
507 3464 628 3551 helysdp
643 3463 774 3528 baldred
788 3460 1075 3548 caaddlyoztatoalc.
1103 3462 1199 3524 1225.

228 3658 430 3726 Wladislaus
446 3661 508 3726 stb.
529 3659 564 3746 (a
575 3661 703 3726 csornai
720 3660 950 3744 lronventheu.)
966 3657 1142 3742 Noveritis,
1160 3658 1246 3741 qnod

116 3765 276 3831 Nicolaus
292 3765 334 3832 de
350 3768 533 3833 Zelesthew
558 3787 618 3852 pro
635 3766 814 3835 venerabili
839 3772 872 3834 et
888 3766 1041 3851 religioso
1067 3767 1168 3833 tratre
1184 3767 1244 3832 Va·

116 3874 240 3940 lentino
255 3875 386 3941 Abbate
401 3875 548 3943 Ecclesie
574 3874 614 3941 de
631 3875 890 3960 Borsmonostra,
916 3875 949 3940 in
966 3895 1062 3960 quern
1080 3895 1139 3961 per
1164 3895 1243 3940 mor·

116 3987 184 4046 tem
209 3981 346 4048 condam
372 3982 484 4050 fratris
507 3984 668 4052 lobannis
693 3985 832 4052 Abbatis
858 3984 1005 4052 ciusdem
1030 3982 1177 4050 Ecolesic
1204 3982 1245 4047 de

116 4088 370 4157 Borsmonostra
396 4112 530 4178 presens
556 4099 732 4159 causaest
756 4093 996 4176 condescensa,
1023 4096 1055 4158 et
1075 4090 1242 4158 Conuentu

116 4197 180 4263 loci
198 4196 353 4283 eiusdem,
376 4221 450 4266 cum
464 4201 699 4287 procuratoriis
715 4201 833 4268 litteris
850 4197 1037 4282 eorundem,
1065 4199 1157 4264 iuxta
1172 4216 1244 4262 oon-

114 4305 293 4374 tinenciam
309 4307 515 4375 Serenissimi
530 4308 691 4394 Principis
708 4308 846 4376 condam
865 4305 987 4374 domini
1003 4306 1125 4372 Mathis
1140 4306 1241 4389 Regis

116 4415 360 4500 predecessoris
385 4417 489 4484 nostri
515 4417 704 4502 immediati,
730 4422 762 4483 et
777 4415 908 4482 tandem
930 4414 1004 4501 ipso
1030 4413 1071 4480 dc
1096 4413 1160 4479 hac
1175 4413 1246 4479 vita

117 4521 297 4590 decedente
321 4531 505 4592 nostrarum
521 4527 702 4592 litterarum
727 4524 1035 4612 prorogatoriarnm,
1052 4527 1085 4588 et
1100 4520 1245 4608 Capituli

117 4629 268 4698 Ecclesic
284 4629 392 4699 Castri
408 4632 520 4700 Ferrei
545 4634 805 4702 euocatoriarum
830 4638 863 4701 et
886 4629 1184 4714 insinuatoriarum,
1209 4626 1243 4692 in
