3268 5194
4 1067 7 1108 Ρ
27 1093 30 1098 ·
144 1069 186 1135 Χ.
204 1067 310 1133 Ju'nos
318 1074 412 1156 popa
437 1068 547 1152 lescle,
573 1067 716 1154 melplyel
735 1071 894 1136 Tamiscld
909 1096 927 1135 ο
945 1072 1096 1137 borvdtolc
1120 1073 1275 1161 kirctiydt,

5 1155 30 1216 ''-
145 1175 273 1262 Mihdlp
289 1177 439 1241 cbrrlmioi
455 1176 609 1264 iercchct
618 1225 629 1258 ,
654 1179 758 1243 Jdaos
773 1177 898 1243 solonoi
915 1178 1085 1265 (spulutoi)
1111 1181 1230 1246 bracket
1245 1181 1277 1244 a

20 1283 29 1382 1'
143 1307 184 1348 oz
200 1291 300 1351 ὅπως
312 1285 624 1351 solemniori-dalmat
641 1297 783 1352 mmzctet
799 1285 961 1374 tozdcja,
986 1288 1066 1375 kopp
1082 1313 1121 1353 ua
1137 1291 1209 1374 ipos
1225 1288 1273 1353 ka·

144 1393 287 1477 recztpdo
303 1393 403 1456 liitltcz
427 1392 584 1457 salmurii
605 1394 902 1480 roposzlcodjoacic,
925 1395 1150 1478 obcaecatio,
1173 1396 1277 1462 Jonas

15 1503 24 1543 l
145 1503 285 1565 ancorroi
309 1503 340 1564 ds
365 1501 427 1565 Leo
448 1504 626 1586 praecreatci
646 1502 868 1588 pmpctotdez
894 1502 1092 1570 bicolcmmcl
1120 1503 1274 1591 lcpycnck.

614 1612 689 1674 925.
711 1608 812 1676 tosti.

255 1805 400 1871 loannes
416 1801 598 1892 Episcopus
614 1825 727 1874 servus
743 1826 909 1873 servorum
920 1805 983 1874 Dei
999 1805 1117 1874 dilecto
1132 1807 1199 1873 tilio
1215 1809 1277 1873 Ta·

147 1911 267 1978 mislao
277 1912 357 1997 Regi
369 1909 570 1996 croatorum,
588 1919 619 1978 et
635 1913 787 1980 llicbacli
798 1913 1079 1980 cxccllcntessimo
1090 1914 1172 1980 Duci
1182 1912 1277 1980 cuul-

9 2057 13 2063 -
146 2039 283 2102 morum,
300 2037 360 2086 nec
374 2039 440 2084 uon
458 2019 749 2104 Reverendissimo,
776 2029 808 2086 et
823 2020 1038 2088 Sanctissimo
1054 2019 1206 2087 confratri
1222 2042 1276 2088 no·

4 2151 11 2194 r
146 2137 215 2195 stro
225 2127 346 2196 Joauni
356 2129 495 2195 Sanctae
505 2129 716 2196 Salonitauae
727 2129 1167 2217 Ecclesiaedrchiepiscopo,
1178 2131 1277 2198 omni·

147 2239 274 2320 busque
285 2237 458 2323 Epiacopis
475 2237 706 2324 suffraganeis5
726 2257 837 2304 varum
853 2239 951 2304 ctiam
967 2243 1001 2304 ct
1011 2239 1161 2305 omnibus
1172 2240 1276 2326 Eupa-

146 2345 216 2428 nis,
236 2346 426 2430 cunctisque
451 2345 696 2431 sacerdotibus,
723 2353 756 2414 et
771 2347 921 2414 universo
937 2347 1058 2434 populo
1074 2368 1133 2434 per
1147 2349 1275 2416 Sclavo·

146 2452 236 2517 niam
254 2460 286 2518 ct
301 2453 501 2518 Dalmatiam
526 2454 798 2522 commorantibus
815 2453 1036 2521 dilectissimis
1056 2453 1131 2522 filiis
1145 2455 1275 2522 nostris.

146 2561 269 2626 Divina
293 2560 522 2646 omnipotentis
548 2563 610 2631 Dei
636 2563 880 2650 dispensatione
905 2562 967 2628 hoc
992 2561 1114 2630 factum
1141 2572 1208 2648 cst,
1241 2571 1276 2632 ut

145 2669 333 2736 sollicitudo
358 2669 500 2736 omnium
516 2669 736 2738 Ecclesiamm
752 2671 846 2770 nobis
872 2670 1047 2739 commissa
1067 2690 1140 2740 esse
1166 2672 1275 2739 creda·

146 2785 217 2863 tur3
245 2799 286 2846 ca
310 2779 462 2846 videlicet
487 2780 612 2846 ratione
624 2830 633 2863 ,
659 2787 694 2847 ut
718 2779 880 2868 spirituali
906 2787 1082 2867 augmento
1107 2780 1275 2848 valeamus

146 2884 312 2970 nequitiae
328 2885 501 2970 caliginem
518 2886 673 2954 radicitus
690 2887 854 2972 extirpare
870 2887 912 2953 ab
929 2888 1015 2956 omni
1032 2893 1125 2954 coetu
1143 2886 1274 2954 Christi-

147 3015 293 3078 anorum,
310 2995 503 3080 praesertim
520 2995 562 3062 ab
579 2996 663 3082 illis,
691 2996 745 3080 qui
762 2995 990 3081 specialissimi
1005 2995 1062 3062 filii
1078 2993 1198 3063 Sacrae
1212 2997 1274 3062 Rc-

117 3169 130 3178 ,
147 3121 265 3170 manae
281 3101 448 3168 Ecclesiae
464 3104 724 3189 comprobantur.
751 3101 830 3180 Quis
848 3103 933 3170 enim
956 3103 1094 3187 ambigit
1110 3103 1274 3170 Sclavino·

148 3231 218 3276 mm
233 3211 350 3295 Regna
364 3209 398 3274 in
413 3209 556 3296 primitie
572 3209 822 3296 Apostolorum,
850 3218 882 3277 ct
897 3211 1092 3276 universalis
1108 3209 1276 3276 Ecclesiae

147 3337 221 3386 esse
247 3325 519 3402 commemoratu,
549 3337 621 3384 cum
647 3338 668 3382 a
693 3318 863 3384 cunabulis
890 3336 998 3382 escam
1022 3315 1275 3403 praedicationis

147 3429 358 3514 Apostolicac
373 3427 541 3494 Ecclesiae
557 3435 770 3514 perceperunt
786 3447 858 3494 cum
874 3427 958 3492 lacte
978 3425 1104 3509 camis;
1121 3426 1204 3493 sicut
1219 3427 1274 3492 Sa-

147 3557 249 3604 xones
266 3555 351 3602 noro
367 3545 512 3620 tempore
527 3555 548 3600 a
564 3541 673 3600 nostro
689 3535 904 3602 Antecessore
918 3535 995 3620 piae
1009 3533 1183 3601 memoriae
1198 3530 1275 3601 Gre-

148 3646 239 3729 gorio
256 3644 349 3729 Papa
364 3642 541 3710 doctrinam
558 3643 680 3727 pariter
696 3647 728 3708 et
743 3642 923 3709 litterarum
940 3641 1057 3727 studia,
1082 3642 1115 3708 in
1132 3662 1172 3708 ea
1188 3639 1273 3708 vidc-

148 3753 225 3819 licet
240 3752 365 3836 lingua,
383 3750 416 3816 in
432 3769 497 3834 qua
512 3749 641 3817 illomm
658 3757 761 3817 mater
771 3749 964 3835 Apostolica
974 3749 1122 3816 Ecclesia
1137 3748 1275 3816 infulata

147 3859 311 3926 manebat.
328 3857 422 3925 Unde
437 3856 603 3924 hortamur
619 3878 687 3941 vos,
710 3856 913 3924 dilectissimi
929 3857 998 3940 filii,
1025 3865 1060 3923 ut
1076 3859 1195 3924 caritas
1211 3857 1274 3923 Dei

146 3987 204 4054 per
220 3967 326 4031 celum
341 3963 542 4031 rectitudinis
558 3964 591 4030 in
607 3965 725 4030 vestris
742 3963 949 4052 resplendeat
968 3963 1138 4047 cordibus,
1164 3968 1271 4046 quate-

147 4096 207 4142 nus
220 4076 265 4140 ab
280 4072 369 4141 omni
384 4080 512 4158 torpore
536 4074 652 4138 mentis
670 4070 797 4157 expulsi
815 4073 884 4138 Deo
902 4069 1123 4157 Omnipotenti
1144 4069 1274 4154 placere

146 4182 300 4268 possitis3
326 4188 359 4247 ct
374 4181 452 4264 quia
466 4180 500 4246 in
517 4179 675 4264 Decalogi
692 4179 846 4247 mandato
869 4179 1077 4246 commissum
1094 4183 1154 4258 est,
1172 4183 1206 4240 ut
1222 4173 1274 4240 dc-

147 4293 249 4359 cimas
259 4341 268 4374 ‚
297 4289 505 4374 etprimitias
522 4308 562 4353 cx
579 4289 699 4355 nostris
724 4287 932 4354 facultalibus
948 4284 1214 4366 contulissemus;
1240 4283 1273 4348 in
1325 4286 1327 4290 ’

148 4420 229 4468 novo
246 4399 369 4485 quippe
395 4405 604 4485 praeceptum
630 4405 697 4481 cst,
724 4406 837 4464 utnon
865 4397 969 4464 solum
989 4414 1029 4460 ex
1055 4391 1273 4474 facultatibus,

150 4507 375 4574 verumetiam
400 4526 440 4574 cx
456 4505 575 4574 nostris
602 4505 716 4572 diebus
731 4506 766 4570 in
788 4505 895 4592 spatio
921 4504 1008 4570 vitae
1023 4500 1178 4590 praefixis
1203 4501 1273 4566 Deo

148 4615 294 4681 decimas
310 4611 494 4680 offeramus.
521 4612 614 4682 Unde
630 4612 795 4680 hortamur
809 4633 879 4696 vos,
901 4633 920 4678 ο
937 4608 1139 4678 dilectissimi
1154 4606 1222 4694 filii,
1239 4615 1275 4676 ut
