3200 5182
587 336 738 438 ..iffi

91 532 223 600 auxilio
243 530 400 618 praestito
416 530 514 599 alicui
529 538 717 618 generetur;
734 551 905 618 superque
920 533 1041 599 auxilio
1058 533 1217 602 neminem

92 638 248 707 duximus
268 639 482 708 eximendum.

343 839 459 905 (rursu
474 841 612 908 Illyricum
625 841 736 894 Sacrum
749 839 800 896 ΙΙΙ.
815 839 870 893 noe.
885 840 945 892 250.
959 835 990 908 l.)

534 1128 787 1142 *tu—nnn·—

625 1576 702 1644 254.

97 1765 144 1828 ΙΙ.
155 1761 264 1828 Endre
279 1759 449 1848 eis-clymis
462 1758 624 1846 Meglocizc
641 1769 717 1824 uenit
733 1757 866 1823 birtokot
883 1760 1034 1843 tcirpyozo'
1042 1759 1220 1844 oclomrinyo

257 1865 361 1934 Belud
376 1871 409 1934 es
425 1867 490 1952 oo,
509 1867 565 1934 Oai
580 1863 687 1936 comes
695 1865 769 1951 fini,
786 1866 940 1930 ozcmcra.
965 1865 1062 1930 1222.

208 2075 246 2139 In
262 2073 391 2138 nomine
415 2075 534 2138 Sancte
549 2071 719 2136 Trinitatis
744 2077 775 2135 et
790 2063 961 2134 Indiuidua
984 2063 1136 2132 Unitatis.
1159 2063 1220 2128 An-

98 2183 198 2249 dreas
214 2181 276 2248 Dei
292 2179 404 2264 gracia
419 2177 595 2264 Hungarie,
614 2175 792 2261 Dalmaoie,
809 2174 952 2259 croceis,
969 2177 1080 2256 Romo,
1098 2171 1221 2252 Seruio,

99 2289 260 2372 Gallicis,
287 2285 541 2372 Lodorncrieque
565 2289 634 2353 Rex
651 2285 683 2350 in
708 2292 909 2371 perpetuum.
935 2279 1074 2348 Prouida
1097 2282 1222 2363 Regum

98 2396 261 2465 discrecio
277 2403 344 2461 tarn
363 2393 628 2480 circumspectam
652 2413 731 2476 erga
746 2393 808 2458 sibi
828 2389 974 2457 subditos
994 2387 1089 2452 debet
1104 2385 1222 2452 habere

100 2505 321 2592 diligenciam,
340 2509 375 2570 ut
389 2511 508 2587 quanto
534 2501 606 2585 quis
623 2500 684 2568 sibi
700 2499 891 2582 famulatur,
919 2505 1009 2564 tanto
1029 2493 1221 2583 propensius

100 2611 325 2681 munificencie
348 2609 442 2677 donis
459 2607 709 2674 remunerandus
732 2605 801 2672 iore
817 2610 994 2673 censeatur.
1018 2602 1097 2668 Cum
1113 2601 1222 2684 itaque

99 2721 196 2790 nobis
220 2718 358 2788 fideliter
374 2715 624 2804 obsequencium
646 2715 762 2781 merita
777 2735 840 2781 non
857 2711 1032 2779 debeamus
1053 2709 1220 2794 ingratitu-

104 2831 194 2898 dinis
208 2828 365 2916 preterire
381 2826 533 2910 silencio;
554 2831 683 2909 propter
698 2821 868 2888 indecidue
884 2819 970 2907 (igy)
985 2817 1152 2884 fidelitatis
1168 2817 1221 2882 ob-

101 2937 229 3024 sequia,
255 2935 371 3022 quibus
387 2933 489 3002 oculis
514 2937 622 2998 nostre
644 2929 824 2997 Maiestatis
848 2927 949 2995 nostri
973 2925 1104 3010 fideles,
1121 2922 1223 2989 Belud

100 3047 228 3114 scilicet
243 3053 276 3113 et
292 3045 382 3111 Os'lw
398 3041 457 3128 filij
477 3039 611 3108 Comitis
628 3038 728 3121 Oslw,
744 3045 811 3103 tam
827 3037 860 3102 in
877 3037 998 3119 Regno,
1019 3051 1116 3116 quam
1131 3037 1224 3096 extra

101 3157 251 3242 Regnum
266 3150 487 3233 seruiueruut,
510 3148 544 3213 in
561 3165 669 3212 eorum
685 3142 1008 3230 recompensacionem
1026 3139 1222 3226 probitatum

102 3271 138 3332 et
153 3259 351 3344 memoriam,
374 3263 493 3324 terram
511 3252 673 3340 quandam
690 3248 1000 3334 nomineMoglocha
1024 3245 1067 3311 ad
1083 3253 1223 3312 castrum

106 3371 149 3439 de
164 3371 293 3458 Suprun
316 3365 541 3455 pertinentem,
568 3371 635 3428 tam
653 3360 700 3426 cis
716 3378 812 3444 quam
838 3377 947 3424 eorum
965 3354 1138 3422 heredibus
1152 3375 1225 3422 con-

102 3480 237 3549 tulimus
254 3478 494 3564 inperpetuum
519 3465 759 3556 possidendam.
784 3469 821 3532 In
838 3464 929 3532 cuius
945 3473 1053 3530 nostre
1076 3461 1224 3529 donacio-

105 3589 157 3657 nis
172 3585 413 3676 possessionem
437 3601 493 3668 per
509 3579 620 3644 Bulsw
635 3576 838 3662 Prepositum
855 3573 1066 3641 Geuriensem
1090 3569 1225 3636 fecimus

103 3686 194 3784 ipsos
209 3693 381 3762 introduci.
406 3689 505 3756 Cuius
526 3695 608 3753 terre
625 3685 729 3771 prima
746 3690 831 3749 meta
846 3679 958 3769 incipit
973 3701 994 3745 a
1009 3675 1122 3766 predio
1138 3679 1224 3744 Petri

104 3803 241 3873 Comitis
264 3803 323 3891 filij
341 3799 470 3880 uncus,
496 3793 581 3880 quod
597 3791 695 3876 uulgo
714 3791 863 3873 Morgcta
888 3787 1023 3871 dicitur,
1050 3785 1225 3873 porrigitur

105 3934 163 4002 per
179 3911 321 3980 medium
340 3920 511 3996 stagnum,
537 3902 624 3990 quod
639 3903 759 3970 Uswen
775 3905 908 3968 vocatur
923 3899 956 3963 in
983 3897 1092 3962 uillam
1109 3893 1225 3963 Belidii

105 4025 272 4109 Borboso,
300 4023 395 4090 sitam
411 4021 443 4086 in
461 4017 563 4105 plaga
581 4009 803 4093 meridionali;
828 4026 929 4092 aqua
943 4003 1141 4090 protenditur
1157 4022 1225 4068 uer-

104 4153 160 4203 sus
179 4131 379 4200 occidentem
397 4131 431 4195 in
447 4121 693 4203 arundinetum,
721 4115 807 4202 quod
823 4123 872 4180 est
888 4115 971 4179 inter
990 4111 1129 4177 insulam
1146 4110 1226 4194 Osly

105 4242 244 4310 Comitis
261 4246 293 4308 et
317 4237 394 4306 uille
410 4231 603 4320 Megloeha;
630 4247 687 4314 per
704 4224 842 4292 medium
860 4241 936 4288 uero
953 4221 1018 4284 iarn
1039 4217 1117 4284 dicti
1133 4239 1226 4284 aruu-

106 4350 209 4419 diueti
236 4348 336 4417 currit
350 4347 383 4412 i'n
409 4343 542 4432 plagam
562 4331 864 4434 septemtrionalem
889 4327 932 4396 ad
950 4325 1061 4395 uillam
1077 4325 1226 4409 Sarkan,

109 4459 230 4530 dehinc
245 4455 289 4522 ad
305 4461 408 4522 metas
425 4450 503 4518 uille
518 4447 624 4531 Bene;
650 4449 724 4531 post
738 4437 825 4524 quod
844 4437 1013 4504 reuertitur
1037 4434 1069 4498 iu
1088 4433 1226 4518 primam

113 4577 234 4638 metam
249 4565 327 4632 uille
342 4565 491 4646 Morgota
507 4563 539 4624 et
553 4560 704 4639 stagnum
719 4549 837 4631 Vsuen,
857 4543 949 4612 etsie
964 4541 1161 4610 terminatur.
1187 4541 1229 4605 Vt

114 4679 215 4776 igitur
228 4675 288 4752 hec
304 4670 433 4754 anobis
447 4669 537 4748 iacta
563 4661 698 4743 donacio
715 4665 746 4725 et
770 4657 887 4742 uostris
910 4661 942 4740 et
956 4657 1136 4738 uostromm
1159 4667 1228 4728 suc·
