3238 5184
943 294 1011 360 540

408 493 546 578 iniuriis,
564 491 733 574 molestiis,
759 489 988 559 uexationibus
1009 497 1043 556 et
1057 490 1292 573 exactionibus,
1318 509 1382 576 que
1397 497 1432 556 et
1456 509 1537 574 quas

408 601 528 668 iniuste
544 606 577 666 et
592 596 738 665 indebite
762 596 860 664 infert
874 596 969 664 nobis
984 596 1115 683 populis
1134 605 1167 664 et
1177 596 1415 682 jobagionibus
1430 597 1538 664 idoale

408 709 457 776 sie
481 707 594 775 Sanoti
618 703 751 772 Martini
784 703 1060 772 Grauamina
1083 703 1435 772 uduornioorum
1461 711 1537 770 sunt

406 817 485 883 beo:
507 813 604 899 Cogit
627 829 684 879 eos
699 811 828 879 soluere
852 811 942 878 iilum
966 811 1001 877 in
1019 829 1216 898 unoquoque
1239 829 1353 880 mense
1375 809 1421 876 nd
1436 828 1536 877 unum

406 933 476 991 rete
491 919 604 989 ueonis
620 926 653 986 et
662 923 791 1004 portare
807 916 852 984 ad
867 917 1108 1002 monasterium,
1128 924 1160 985 et
1176 917 1397 986 dareinterim
1416 936 1535 1004 panem

405 1031 483 1118 illis,
499 1030 555 1115 qui
571 1032 690 1114 parunt
704 1025 795 1110 retia,
813 1032 845 1091 et
861 1025 989 1093 soluere
1004 1024 1159 1110 deeimae,
1187 1033 1219 1093 et
1244 1043 1405 1095 renouare
1429 1031 1534 1092 ortum

405 1136 551 1205 eiusdem
566 1133 714 1202 boolesie
729 1133 763 1200 in
778 1133 951 1201 Pannonia
974 1133 1063 1217 oogit
1077 1132 1235 1202 indebite.
1258 1135 1408 1202 Graue
1418 1133 1532 1198 mina

404 1242 682 1330 equestrium
705 1238 1007 1306 seruientium
1029 1245 1105 1305 sunt
1130 1238 1219 1307 istu:
1246 1236 1341 1317 Quod
1365 1257 1441 1306 oum
1465 1257 1530 1305 nou

403 1358 574 1420 teneantur
587 1348 668 1415 dare
683 1365 802 1432 equum
816 1346 938 1413 nuntiis
954 1345 1105 1428 Abbatis,
1120 1346 1209 1432 eogit
1223 1364 1291 1430 eos,
1312 1363 1374 1411 neo
1389 1344 1448 1411 dat
1464 1365 1532 1430 pre-

403 1459 545 1526 bendum
568 1457 661 1542 equis
686 1455 831 1540 ipsorum
847 1453 882 1520 in
897 1453 961 1536 uia,
987 1453 1076 1537 quod
1098 1453 1208 1521 faeere
1222 1454 1339 1536 debet;
1367 1459 1402 1520 et
1416 1457 1532 1539 petunt

404 1566 485 1634 dari.
511 1567 554 1634 lit
569 1582 641 1630 oum
657 1561 771 1628 Abbas
795 1581 862 1628 uon
878 1558 996 1628 debeat
1011 1567 1106 1627 extra
1119 1561 1269 1645 Regnum
1293 1560 1412 1628 duoere
1431 1577 1530 1644 equos

404 1693 524 1754 eorum,
541 1668 657 1757 reeipit
671 1673 782 1735 tamen
797 1668 842 1734 ab
857 1667 918 1750 eis,
938 1673 970 1733 et
985 1665 1084 1751 duait,
1110 1674 1142 1734 et
1157 1669 1258 1735 semel
1282 1667 1377 1734 duxit
1391 1669 1528 1735 Romam

402 1779 500 1850 xxn
515 1793 616 1862 equos
632 1791 743 1842 eorum
757 1793 819 1842 neo
834 1771 988 1856 reddidit,
1004 1779 1037 1840 et
1052 1792 1125 1840 oum
1139 1793 1206 1842 non
1220 1780 1392 1840 teneantur
1408 1781 1528 1840 metere

402 1885 586 1969 arundines,
610 1900 671 1950 neo
686 1879 830 1964 quinque
854 1877 1002 1964 eupetias
1016 1897 1077 1965 per
1091 1881 1238 1964 singulae
1253 1882 1452 1961 mansiones,
1468 1899 1526 1947 neo

397 1995 509 2062 lenum
534 1989 688 2075 oolligere
702 1986 756 2054 vel
780 1989 922 2070 portare,
938 1993 1047 2052 tamen
1071 1986 1216 2054 indebite
1235 1989 1324 2075 eogit
1338 2007 1406 2056 eos.
1431 1987 1526 2054 Gra-

395 2099 574 2168 uamina
597 2115 702 2163 uero
724 2091 977 2176 fabrorum,
1009 2093 1384 2180 pellipariorum,
1410 2115 1526 2162 oooo

395 2204 765 2291 rum,pistorum,
791 2203 1010 2283 sutorum,
1034 2197 1427 2268 oubiooloriorum
1450 2211 1526 2268 sunt

395 2313 476 2380 beo:
502 2309 582 2376 (lum
597 2308 799 2375 incessanter
824 2301 972 2370 debitum
990 2311 1165 2372 exeroeaut
1188 2305 1341 2391 offioium,
1358 2307 1525 2394 eompollit

393 2439 451 2486 eos
466 2418 600 2501 iusuper
625 2412 742 2498 grauia
757 2410 904 2498 plaustra
929 2408 1047 2476 dooere
1069 2429 1129 2496 per
1153 2420 1257 2479 totum
1271 2415 1421 2497 Regnum
1436 2415 1525 2481 llum

394 2521 485 2610 garis
508 2523 721 2588 incessanter.
755 2515 1027 2584 Grauamiua
1056 2536 1160 2585 uero
1184 2517 1523 2588 Sooriserorum

392 2635 467 2698 sunt
480 2630 565 2696 ista:
587 2625 674 2704 Quia
689 2645 761 2693 oum
776 2630 951 2692 teneantur
967 2621 1046 2690 dare
1065 2643 1183 2708 equum
1198 2625 1242 2692 ad
1257 2625 1455 2713 portandam
1471 2647 1524 2692 oa-

390 2737 515 2825 pellam
530 2716 681 2818 Abbatis,
708 2742 741 2800 et
755 2732 870 2799 Abbas
892 2739 1067 2819 postquam
1082 2735 1265 2817 reuertitur,
1291 2735 1385 2801 illum
1401 2735 1523 2802 debeat

392 2844 440 2911 eis
457 2841 602 2923 reddere,
621 2839 684 2906 boo
699 2859 764 2905 non
780 2837 870 2921 iaoit,
882 2837 941 2904 sed
956 2837 1057 2906 donat
1073 2857 1147 2904 eum
1162 2839 1314 2923 ouivult3
1331 2849 1364 2906 et
1373 2842 1521 2925 quinque

392 2969 493 3036 equos
509 2949 639 3017 illorum
666 2943 801 3014 donauit
817 2943 932 3010 amieis
948 2944 1028 3025 suis,
1054 2951 1087 3010 et
1102 2945 1190 3027 quod
1204 2945 1279 3032 plus
1294 2952 1353 3028 est,
1376 2947 1524 3029 quolibet

391 3077 478 3124 anuo
502 3056 623 3142 aooipit
653 3054 697 3120 ab
722 3053 770 3120 eia
795 3051 877 3118 duas
908 3069 1037 3117 muroae
1060 3051 1216 3119 indebite.
1248 3053 1523 3122 Pisoatores

392 3185 496 3232 uero
520 3164 570 3231 de
592 3162 709 3229 uille
732 3157 918 3244 Veynek
945 3167 1201 3244 conqueruntur,
1230 3161 1285 3245 qni
1311 3179 1386 3226 oum
1409 3163 1522 3247 pisoes

390 3272 470 3340 dure
484 3277 666 3352 teneantur,
682 3275 715 3334 et
729 3265 892 3350 remigare
902 3265 1048 3332 oariuam
1066 3265 1197 3352 plenam
1207 3267 1406 3334 victualibus
1415 3288 1521 3353 usque

390 3379 435 3444 ad
450 3379 566 3464 looum‚
583 3375 639 3461 qui
648 3373 768 3441 dieitur
777 3371 941 3456 Zigetieu3
958 3372 1032 3457 ipse
1043 3373 1397 3459 temeneompelliteos
1412 3395 1519 3458 usque

389 3481 434 3550 ad
448 3483 589 3552 oondnie
603 3481 708 3567 Regni
724 3479 899 3563 Hungarie,
927 3487 960 3546 et
975 3478 1108 3566 insuper
1128 3481 1293 3566 oompellit
1309 3500 1366 3549 eos
1384 3484 1520 3568 explere

388 3589 530 3656 oldoium
554 3599 727 3656 nouarum
750 3587 785 3653 in
810 3595 898 3654 eerto
921 3587 993 3654 looo
1019 3587 1147 3671 stando,
1172 3587 1320 3655 duoeudo
1344 3607 1461 3655 ourrus
1484 3599 1519 3656 et

388 3693 554 3778 victualia,
571 3713 672 3778 equos
688 3704 720 3762 et
735 3692 804 3759 alie
819 3691 905 3758 ultra
924 3699 956 3758 et
971 3692 1055 3758 eitra
1064 3691 1262 3775 Danubium,
1278 3691 1366 3775 quod
1382 3715 1449 3760 nou
1465 3697 1518 3763 de-

387 3799 610 3868 beretlaoere.
630 3801 841 3867 Homines
864 3797 1043 3882 quidem
1066 3798 1117 3864 de
1139 3799 1418 3868 villa'leueu
1441 3823 1517 3872 oon-

386 3913 574 3994 queruntur,
598 3907 685 3991 quod
700 3927 773 3975 oum
788 3913 958 3973 teneantur
982 3913 1113 3992 portare
1131 3906 1280 3974 Eoeleeie
1303 3907 1416 3975 Sauoti
1432 3910 1517 3976 blar-

386 4017 446 4082 tiui
460 4015 567 4083 leuem
591 4033 719 4080 ourrum
735 4013 804 4080 uini
820 4011 864 4079 ad
888 4031 1067 4099 expensam
1092 4012 1188 4079 unius
1204 4011 1278 4099 diei,
1295 4014 1410 4082 Abbas
1436 4016 1515 4083 laoit

385 4123 509 4209 imponi
525 4121 672 4188 ourribus
686 4119 833 4206 ipsorum
848 4139 929 4187 onus
942 4119 1161 4204 importabile.
1175 4117 1383 4187 Homines
1409 4143 1431 4188 n
1441 4143 1460 4189 e
1470 4145 1515 4190 m·

385 4247 437 4314 pe
454 4225 1135 4311 deuillaoustodumporoorum
1158 4235 1407 4311 conqueruntur,
1424 4231 1515 4313 quod

384 4353 457 4400 oum
482 4335 612 4402 soluaut
626 4331 749 4401 Abbati
764 4339 797 4400 et
812 4331 994 4400 conuentui
1016 4333 1059 4399 de
1074 4333 1213 4418 singulis
1230 4335 1316 4401 binis
1335 4339 1514 4405 mansioni-

385 4441 446 4507 bus
463 4459 562 4508 unum
578 4461 711 4528 poroum
722 4441 936 4526 etLXpelles
946 4440 1098 4526 oaprinas
1108 4458 1182 4507 oum
1201 4441 1510 4524 aruiuasuffioienti‚

384 4552 418 4611 et
442 4549 574 4616 soluuut
590 4550 693 4616 eoiam
716 4547 971 4634 quadringentos
987 4547 1112 4615 aleones
1135 4547 1248 4634 optimi
1270 4547 1379 4632 tritici,
1397 4552 1510 4618 Abbas
