3202 5190
828 325 983 432 jae-

337 533 443 600 autin
459 531 602 598 futurum
625 527 835 594 concessione
850 523 1051 608 Pontificum,
1077 525 1252 610 largitione
1272 528 1398 610 Regum
1412 526 1464 592 vel

337 637 535 723 Principum,
549 633 714 703 oblatione
722 631 877 714 fidelium,
894 649 951 696 seu
962 629 1038 696 aliis
1050 631 1148 715 justis
1159 632 1264 700 modis
1275 639 1465 719 praestante

315 801 318 806 .
337 745 480 814 Domino
497 743 616 830 poterit
632 739 792 826 adipisci,
819 737 914 804 firma
929 737 1009 821 tihi,
1030 740 1157 824 tuisque
1174 741 1416 808 successorihus
1433 747 1466 804 et

337 852 468 921 illibata
483 856 715 938 permancant,
742 847 909 933 inquibus
926 845 1008 912 haec
1024 847 1165 933 propriis
1191 849 1343 916 duximus
1360 847 1467 934 expri-

338 957 658 1028 mendavocahulis:
675 955 901 1023 Abbatias
924 953 1076 1020 videlicet
1098 957 1258 1023 Sancti
1279 957 1468 1044 Aegidii

339 1068 390 1134 de
413 1065 636 1151 Ungaria,
670 1069 703 1130 et
728 1062 841 1130 Sancti
862 1061 995 1128 Eusehii
1020 1062 1061 1128 de
1085 1061 1278 1150 Provincia,
1305 1066 1467 1134 ecclesias

340 1173 450 1243 Sancti
461 1172 592 1258 Aegidii
602 1171 643 1238 de
658 1171 769 1254 Accio,
786 1169 960 1237 ecclesiam
970 1169 1083 1236 Sancti
1093 1170 1224 1258 Aegidii
1240 1170 1281 1238 de
1291 1175 1399 1256 Duno,
1416 1194 1468 1240 ec·

339 1281 475 1348 clcslam
484 1279 594 1349 Sancti
602 1277 734 1365 Acgldii
750 1277 791 1345 de
803 1279 964 1366 Supervia
975 1297 1047 1346 cnm
1063 1279 1151 1364 villa,
1167 1281 1341 1348 ecclesiam
1351 1282 1470 1350 Sancti

339 1388 474 1455 Eusehii
485 1384 776 1471 dehongobardia,
787 1386 959 1453 ecclesiam
966 1385 1076 1453 Sancti
1086 1385 1229 1454 Baudilii
1240 1385 1282 1454 de
1291 1389 1468 1474 Hispania,

340 1495 520 1564 Ecclesiam
530 1495 671 1562 Sanctae
681 1493 831 1560 Eulaliae
846 1493 887 1560 de
898 1494 1069 1578 Barbam,
1086 1493 1258 1561 ecclesiam
1269 1494 1311 1560 dc
1321 1497 1471 1563 Meinas

341 1625 415 1671 cum
424 1623 486 1672 sua
494 1599 585 1688 villa,
597 1601 772 1669 ecclesiam
784 1601 982 1668 deBoccona
991 1621 1063 1667 cnm
1074 1602 1163 1686 villa,
1174 1603 1346 1671 ecclesiam
1355 1603 1471 1672 Sancti

343 1710 498 1778 Andreae
514 1709 555 1776 de
570 1709 767 1796 anapello,
794 1707 948 1775 eclesiam
968 1707 1079 1774 Sancti
1095 1707 1226 1791 Acgidii
1242 1707 1282 1774 de
1298 1710 1471 1795 Tolmone,

343 1816 516 1886 ecclesiam
532 1817 643 1884 Sancti
653 1814 786 1902 Aegidii
801 1815 842 1882 dc
863 1816 1046 1900 dreisscco,
1066 1815 1238 1882 ecclesiam
1258 1816 1372 1884 Sancti
1382 1820 1473 1905 Hyp-

343 1925 437 2014 politi
453 1923 495 1991 de
513 1925 635 1992 hielseo
651 1943 724 1989 cum
740 1923 840 2006 villa,
857 1922 1030 1990 eccleciam
1046 1921 1158 1988 Sancti
1173 1925 1275 2009 Lupi,
1296 1926 1472 1993 ecclesiam

344 2037 484 2102 Sanctae
498 2033 623 2100 Mariae
648 2032 689 2098 de
705 2031 901 2098 l‘raixeneto
912 2081 920 2114 ,
947 2029 1119 2096 ecclesiam
1142 2031 1251 2098 Sancti
1268 2034 1408 2100 loannis
1428 2033 1474 2100 de

345 2141 563 2212 Sardonenca
578 2161 651 2208 cum
661 2139 751 2226 villa,
772 2139 944 2206 ecclesiam
964 2141 1104 2206 Sanctae
1113 2137 1223 2206 Orncis
1235 2139 1473 2226 dellolaaauo‚

345 2249 516 2318 ecclesiam
533 2249 644 2316 Sancti
660 2247 791 2314 Martini
811 2246 853 2314 de
869 2245 1023 2314 Oerhario
1039 2265 1112 2312 cnm
1128 2265 1189 2312 sua
1203 2248 1353 2332 capella,
1372 2251 1475 2316 ecclc-

346 2357 428 2426 siam
443 2357 554 2425 Sancti
569 2357 728 2444 Stephani
745 2355 786 2423 de
802 2355 990 2438 corconna,
1015 2354 1186 2420 ecclesiam
1199 2355 1311 2422 Sancti
1325 2357 1475 2422 Amantii

346 2483 417 2530 cum
433 2463 523 2547 villa,
541 2465 714 2532 ecclesiam
730 2464 842 2532 Sancti
858 2462 990 2529 Martini
1006 2461 1047 2528 de
1063 2461 1277 2546 Orianegues,
1298 2463 1475 2530 ecclesiam

347 2569 458 2636 Sancti
473 2570 606 2638 Martini
622 2572 662 2638 de
678 2571 846 2655 (liaciano,
866 2571 1039 2637 ecclesiam
1054 2568 1164 2635 Sancti
1179 2567 1331 2636 Andreae
1347 2569 1476 2638 deBer-

346 2677 398 2746 nia
413 2697 486 2744 cum
499 2679 630 2764 capella
645 2697 716 2762 sua,
735 2676 909 2744 ecclesiam
925 2674 1038 2742 Sancti
1047 2675 1214 2742 Saturnini
1230 2675 1383 2742 deSeura
1399 2695 1474 2744 cum

347 2785 423 2870 ipsa
438 2785 530 2869 villa,
547 2785 660 2852 villam
677 2785 836 2869 deBiona,
854 2783 1027 2851 ecclesiam
1038 2782 1179 2850 Sanctae
1189 2781 1330 2850 (leciliae
1345 2783 1388 2850 de
1403 2787 1476 2851 Sta·

347 2891 434 2976 gello
451 2909 523 2958 cum
539 2890 711 2979 ipsavilla,
730 2891 901 2958 ecclesiam
911 2890 1022 2958 Sancti
1031 2889 1150 2957 Felicis
1167 2890 1381 2976 deAspirano
1399 2909 1476 2958 cum

346 2998 421 3084 ipsa
436 2999 525 3084 villa,
544 2999 716 3065 ecclesiam
728 2998 869 3064 Sanctae
881 2997 1060 3065 Columbae
1069 3017 1142 3064 cum
1156 2997 1363 3082 mediavilla,
1374 2999 1477 3066 eccle·

346 3107 428 3174 siam
442 3107 553 3174 Sancti
567 3106 718 3172 Andreae
734 3106 776 3171 dc
791 3125 909 3190 campo
926 3105 1118 3191 Mariniano,
1142 3105 1315 3171 eccleciam
1330 3105 1476 3173 Sanctae

347 3215 472 3281 Mariae
489 3211 753 3296 deSaturanicis,
774 3211 947 3277 ecclesiam
958 3210 1071 3276 Sancti
1080 3211 1211 3296 Aegidii
1222 3211 1263 3278 de
1273 3211 1476 3294 Miasiniaco,

348 3321 520 3390 ecclesiam
535 3321 646 3388 Sancti
660 3319 818 3406 Stephani
835 3317 876 3386 de
892 3316 1023 3385 Gastlar
1040 3339 1112 3386 cum
1130 3320 1278 3406 capella,
1298 3320 1475 3387 ecclesiam

343 3430 459 3498 Sancti
474 3431 560 3496 Petri
577 3429 618 3496 de
627 3427 871 3517 Provenchcriis
887 3447 961 3494 cum
969 3428 1050 3494 villa
1065 3435 1097 3494 et
1112 3430 1260 3496 ecclesiia
1276 3431 1357 3513 suls,
1373 3430 1477 3496 eccle-

347 3537 431 3604 siam
448 3536 559 3604 Sancti
575 3535 715 3604 Andeoli
741 3533 781 3600 de
797 3535 943 3603 Robiaco
959 3555 1032 3602 cum
1048 3536 1179 3622 capella
1200 3543 1234 3601 et
1248 3536 1346 3620 villa,
1375 3537 1477 3603 ecclc·

348 3642 431 3710 siam
447 3641 558 3708 Sancti
575 3640 733 3709 Victorini
744 3691 752 3724 ,
780 3642 952 3709 ecclesiam
976 3643 1088 3710 Sancti
1104 3637 1274 3726 Andreae,
1301 3646 1477 3712 ecclesiam

348 3748 461 3815 Sancti
476 3747 564 3814 Petri
580 3749 621 3816 dc
636 3751 761 3817 Vannis
778 3750 941 3838 cumipse
956 3752 1046 3837 villa,
1064 3753 1235 3820 ecclesiam
1251 3755 1393 3821 Sanctae
1409 3757 1477 3821 lla·

348 3855 419 3922 riae
443 3855 485 3922 de
499 3857 608 3923 Monte
623 3857 699 3924 Alto
724 3877 798 3925 cum
821 3860 952 3945 capella
978 3861 1019 3926 de
1043 3859 1140 3942 villa,
1166 3859 1338 3927 ecclesiam
1362 3861 1477 3927 Sancti

348 3962 492 4032 Baudilli
518 3963 559 4030 de
584 3965 728 4034 Somerlo
755 3985 827 4033 oum
854 3968 1003 4054 capella,
1035 3965 1208 4036 ecclesiam
1231 3968 1343 4034 Sancti
1368 3968 1477 4037 Servii

349 4071 436 4138 ultra
449 4071 644 4139 Rhodanum
667 4091 740 4139 cum
756 4071 835 4140 villa
844 4123 853 4156 ,
880 4075 1052 4140 ecclesiam
1069 4072 1182 4142 Sancti
1201 4075 1288 4140 Petri
1313 4081 1346 4140 et
1361 4077 1476 4144 Sancti

350 4177 522 4246 Michaelis
534 4181 630 4263 juxta
646 4187 788 4246 casuum
803 4181 1009 4266 Rossiliauis‚
1034 4181 1207 4248 ecclesiam
1224 4179 1337 4247 Sancti
1352 4183 1478 4251 Privati

349 4307 421 4354 cum
437 4287 529 4370 villa,
546 4287 717 4354 ecelesiam
728 4289 839 4355 Sancti
851 4287 1008 4376 Stephani
1026 4290 1234 4356 deMenerba
1249 4309 1323 4356 cum
1338 4291 1478 4378 capellis

349 4399 382 4461 ct
397 4395 488 4480 villa,
505 4393 678 4461 ecclesiam
688 4393 800 4462 Sancti
811 4395 1005 4465 Christolori
1022 4399 1063 4465 de
1074 4397 1244 4463 vacheriis
1263 4415 1336 4462 cum
1346 4401 1479 4486 capella

351 4511 384 4570 et
400 4503 497 4585 vlila,
523 4503 696 4570 ecclesiam
712 4502 825 4571 Sancti
845 4505 982 4574 Joannis
998 4505 1039 4573 de
1055 4507 1227 4574 Alhenatis
1252 4525 1324 4571 cnm
1341 4507 1422 4573 villa
1447 4515 1481 4574 et

349 4609 531 4695 parochiali
545 4612 687 4676 ecclesia
703 4617 843 4680 Sanctae
860 4613 993 4696 Mariae,
1011 4613 1187 4682 ecclesiam
1196 4619 1340 4680 Sanctae
1350 4613 1482 4682 tianae
