3218 5192
903 309 1057 412 Q

414 509 563 578 inducias
588 509 792 596 postularunt
809 547 850 556 -·-
872 547 911 559 -
932 548 970 556 —-
992 547 1035 556 -
1052 509 1096 575 ad
1111 529 1232 576 causac
1255 508 1452 577 decisionem
1476 505 1539 574 illis

412 620 584 687 terminum
600 618 749 703 primum,
774 615 970 699 secundum,
996 617 1145 700 tertium,
1170 621 1322 698 quartum
1337 623 1371 682 et
1395 616 1539 700 quintum

413 727 643 813 praefiximus,
670 723 883 790 consideratis
907 725 1126 809 temporibus,
1151 730 1184 790 et
1206 725 1375 790 ambarum
1400 723 1539 811 partium

411 833 728 923 opportunitatibus,
755 831 867 899 cudite
891 831 978 914 quod
992 831 1080 917 apud
1095 831 1232 899 Jadrnm
1247 832 1424 898 Furcasius
1449 829 1539 897 Pala·

409 943 498 1009 tinus
523 943 639 1008 Comes
664 939 787 1006 domiui
814 939 878 1006 mei
893 938 993 1021 Regis
1013 937 1191 1023 Ungariec,
1213 943 1245 1004 ct
1267 958 1339 1004 cum
1355 957 1395 1002 co
1411 937 1539 1004 Flasco·

410 1069 471 1116 nns
487 1048 640 1115 Tinensis
667 1046 869 1132 Episcopus,
896 1051 928 1112 ct
945 1045 1190 1113 Macharcusius
1209 1046 1344 1128 Comes,
1371 1051 1405 1110 et
1429 1043 1539 1131 plnres

409 1156 537 1222 nobiles
563 1155 625 1220 viri
640 1153 834 1220 Sclavoniac
861 1159 990 1237 essent,
1019 1153 1064 1218 ad
1088 1153 1163 1218 illos
1188 1170 1326 1237 pergere
1351 1151 1482 1235 studui,
1507 1151 1539 1215 in

410 1283 547 1348 quorum
575 1261 778 1346 praesentia,
805 1267 837 1326 et
863 1280 955 1345 mea,
982 1265 1015 1326 et
1040 1259 1238 1342 adquorum
1263 1257 1539 1324 collaudationem

409 1373 541 1454 volema,
567 1369 655 1452 quod
680 1369 764 1434 ratio
792 1369 841 1433 ita
864 1367 992 1434 definiri
1019 1367 1208 1450 deberetur,
1233 1363 1420 1450 praedictos
1445 1366 1538 1431 Sara·

408 1497 523 1544 cenum
547 1484 580 1543 ct
604 1476 799 1542 Bruconiam
825 1475 1006 1558 citavimus,
1033 1473 1155 1556 habito,
1181 1479 1215 1539 ct
1239 1472 1315 1540 dato
1331 1472 1398 1540 illis
1424 1471 1538 1538 ultimo

408 1586 564 1670 termino,
594 1593 629 1650 ut
646 1585 689 1650 od
704 1585 793 1651 litem
810 1583 1078 1666 contestandum,
1102 1581 1132 1648 si
1148 1581 1189 1647 dc
1206 1601 1305 1648 causa
1328 1579 1537 1663 confiderent,

408 1693 600 1758 accederent
625 1691 832 1776 responsuri,
861 1692 911 1757 sin
935 1710 1021 1774 vero,
1046 1689 1229 1756 sentcntiae
1245 1709 1310 1754 non
1332 1688 1539 1754 lucrarentur

406 1821 554 1867 examen.
570 1801 641 1886 Ipsi
667 1819 744 1868 vero
771 1820 835 1867 non
855 1801 1042 1884 venientes,
1066 1799 1157 1882 justa
1173 1797 1379 1864 necessitatis
1404 1815 1538 1880 praecc-

406 1909 512 1974 dentis
532 1929 632 1974 causa
647 1908 800 1993 sublate,
829 1908 924 1974 nobis
941 1907 1072 1973 dandae
1097 1907 1279 1974 sententiae
1302 1903 1538 1992 praestiterant

405 2013 689 2102 opportunitatem.
713 2014 783 2079 Nos
799 2014 910 2099 itaque
926 2014 1151 2098 instrumenta,
1168 2019 1280 2096 testes,
1297 2019 1397 2096 etque
1413 2011 1536 2095 allega-

404 2121 512 2189 tiones
519 2121 769 2207 ,praedictorum
784 2124 974 2189 Sanctorum
990 2120 1189 2188 sufficientes
1206 2139 1278 2187 esse
1294 2124 1476 2203 cernentes,
1496 2117 1536 2185 de

406 2229 542 2295 consilio
559 2228 701 2296 omnium
718 2229 903 2314 astantium,
929 2227 1094 2316 Episcopi,
1112 2233 1143 2293 et
1159 2227 1329 2312 Comitum,
1349 2247 1409 2311 pro
1426 2227 1535 2292 Eccle-

404 2336 454 2402 sia
470 2335 663 2404 Ssnctorum
672 2337 816 2404 Dimitrii
828 2347 860 2404 et
870 2338 1026 2425 Thomae,
1041 2335 1226 2402 sentcntiae
1236 2335 1535 2403 corroborationem

402 2451 515 2510 nostra
530 2445 723 2512 auctoritate
736 2425 945 2530 firmavimus,
964 2453 1084 2510 terram
1094 2465 1115 2509 a
1125 2443 1302 2530 praedictis
1318 2446 1486 2511 Saracena
1504 2449 1535 2509 et

405 2550 566 2618 Bruconia
591 2551 739 2619 invasam
763 2554 836 2638 jure
851 2559 1007 2640 perpetuo
1032 2553 1075 2618 ad
1090 2552 1270 2618 Ecclesiam
1286 2551 1462 2618 Beatorum
1479 2552 1533 2616 Di-

401 2659 500 2724 mitrii
516 2660 672 2744 Martyris
689 2667 721 2725 ct
737 2661 882 2728 Thomas
897 2661 1049 2748 Apostoli
1065 2660 1184 2726 reverti
1209 2660 1328 2726 debere
1351 2661 1531 2727 secundum

399 2768 548 2849 regulam
565 2788 726 2836 canonum
742 2775 774 2837 et
790 2769 896 2836 civilis
907 2771 1010 2854 juris,
1037 2775 1070 2834 ct
1085 2769 1129 2835 ad
1144 2769 1291 2836 ultimum
1310 2788 1369 2853 per
1385 2769 1532 2836 solidita·

400 2881 466 2940 tem
486 2876 644 2961 prestsldi
670 2877 791 2944 nobilis
816 2875 878 2944 viri
901 2878 1084 2945 Drassenni
1101 2877 1247 2963 Juppani
1273 2877 1331 2944 filii
1348 2877 1530 2963 Sloviniae,
1596 2953 1599 2958 Δ

396 2981 561 3048 dominam
577 2983 703 3052 Bonam
726 2984 885 3069 praedicti
912 2985 1101 3052 monasterii
1122 2984 1333 3066 Abbatissam
1348 2983 1382 3050 in
1399 3006 1530 3072 posses·

396 3092 489 3158 sione
505 3092 745 3179 praedictarum
761 3099 921 3160 terrarum
939 3112 1062 3179 ponere
1077 3091 1221 3176 fecimus,
1246 3100 1279 3158 ct
1293 3112 1349 3158 eas
1366 3101 1530 3181 perpetuo

390 3200 466 3282 jure
476 3199 694 3284 possidendas
706 3200 863 3266 dedimus.
881 3203 1097 3285 Haneutiquc
1107 3201 1301 3268 sententiam
1313 3200 1354 3266 dc
1368 3203 1529 3269 mandato

395 3307 553 3390 praedicti
562 3307 732 3374 Michaelis
744 3307 980 3376 Scardoncnsis
993 3309 1148 3394 Episcopi
1159 3309 1277 3396 scripsi
1287 3328 1349 3392 ego
1359 3310 1528 3376 Mattheus

394 3415 535 3480 Sanctae
546 3417 743 3484 Anastasius
754 3416 992 3503 Subdiaccnus,
1011 3419 1176 3485 etJadrae
1191 3417 1338 3501 tabellio,
1355 3417 1526 3502 utsudiri,

394 3522 555 3608 roboravi,
572 3531 605 3590 ct
620 3526 717 3593 solito
733 3527 829 3611 signo
846 3528 984 3613 signavi.

395 3713 519 3782 (ratlac,
532 3719 671 3786 Illyricum
685 3721 798 3772 Sacrum
812 3721 859 3772 1v.
873 3722 929 3774 kat.
945 3725 986 3774 ll.
999 3725 1016 3776 1.
1036 3722 1117 3790 cher
1130 3741 1195 3775 enon
1209 3722 1385 3792 okmdnynalr
1400 3729 1470 3779 csalr
1484 3734 1523 3780 rd-

581 3810 625 3860 vro
638 3810 784 3864 srvonatut
796 3813 868 3876 acta,
883 3813 947 3864 coe.
959 3815 1033 3880 nrpr.
1048 3815 1107 3866 v11.
1123 3816 1149 3866 n.
1162 3819 1186 3867 s.
1200 3832 1220 3864 r.
1237 3816 1295 3866 res.
1310 3815 1340 3881 1.)

821 4099 1079 4111 u———n--n--n-n-
