3202 5190
873 305 1027 406 *sm

399 501 628 568 monasterium
651 506 790 567 uestrum
807 503 859 568 uel
875 520 1033 587 personas
1050 501 1151 568 iniribi
1168 503 1361 568 constitutas
1387 523 1508 588 suspen·

393 608 504 691 sionis,
521 607 862 674 excommunicationis
878 607 930 674 nel
946 609 1314 675 interdictisententiam
1330 611 1509 694 promulga-

391 715 496 782 uerint
506 766 515 798 ,
542 714 612 781 siue
626 715 725 780 etiam
742 716 774 781 iu
793 714 1032 782 mercennarios
1049 721 1174 782 uestros
1189 737 1247 802 pro
1265 737 1314 799 eo,
1331 716 1418 799 quod
1434 715 1509 781 deoi-

392 843 463 889 mas
479 843 542 890 non
560 823 697 906 soluitis,
715 843 772 889 seu
789 822 900 908 aliqua
915 825 1088 891 occasione
1102 845 1223 908 eorum,
1239 843 1303 909 qne
1318 825 1414 891 uobis
1429 824 1509 908 Apo·

388 929 505 996 stolica
520 929 720 1014 benignitate
736 929 861 996 indulta
877 937 961 1012 sunt,
988 951 1046 998 sen
1063 932 1286 999 benefactores
1310 937 1438 997 uestros
1456 951 1509 1016 pro

388 1056 438 1118 eo,
455 1034 542 1119 qued
557 1036 668 1120 aliqua
694 1035 787 1102 uobis
802 1036 961 1103 beneficia
977 1038 1031 1104 uel
1056 1037 1212 1123 obsequia
1229 1059 1269 1104 ex
1286 1035 1427 1104 caritate
1444 1057 1509 1122 pre·

389 1139 538 1224 stiterint,
555 1141 606 1207 nei
622 1141 665 1207 ad
681 1141 896 1208 laborandum
913 1142 1101 1211 adiuuerint
1116 1145 1148 1212 in
1165 1145 1229 1212 illis
1245 1143 1372 1226 diebus,
1399 1143 1432 1209 in
1448 1142 1508 1226 qni·

389 1251 449 1319 bus
464 1268 524 1318 uus
541 1249 698 1318 laboratis
715 1255 746 1316 et
762 1249 821 1317 alii
837 1249 1015 1334 feriantur,
1044 1252 1181 1319 eandem
1197 1253 1394 1320 sententiam
1410 1259 1510 1338 protu-

388 1362 493 1445 lerint,
511 1361 618 1446 ipsam
634 1370 802 1445 tamquam
819 1369 932 1429 contra
946 1359 1040 1428 Sedis
1057 1361 1244 1447 Apostolice
1263 1361 1394 1429 indulta
1408 1361 1509 1448 prola·

390 1478 457 1536 tam
474 1468 624 1534 duximus
640 1467 851 1551 irritandam,
878 1485 937 1533 nec
953 1467 1142 1534 littereulle
1157 1468 1343 1534 firmitatem
1359 1468 1508 1548 habeant,

390 1595 473 1661 quas
497 1576 597 1642 tacito
623 1574 752 1643 nomine
777 1573 1002 1640 cisterciensis
1027 1575 1149 1642 ordinis
1173 1582 1205 1641 et
1229 1583 1343 1642 conns
1368 1580 1510 1640 tenorem

390 1681 653 1768 Apostolicorum
669 1681 917 1767 priuilegiorum
934 1682 1137 1749 constiterint
1152 1682 1330 1768 impetrari.
1359 1681 1509 1748 Preterea

390 1809 462 1855 cum
479 1809 646 1856 commune
671 1787 877 1855 interdictum
892 1794 977 1854 terre
993 1787 1107 1872 suerit,
1134 1789 1232 1855 liceat
1246 1789 1341 1855 nobis
1367 1788 1510 1856 nichillc

388 1897 492 1963 minus
509 1897 543 1962 in
559 1903 667 1962 nestro
684 1896 881 1964 monasterio
899 1895 1041 1962 exclusis
1064 1896 1352 1963 excommunicatis
1369 1903 1403 1962 et
1418 1896 1508 1962 inter-

386 2004 481 2070 dictis
497 2005 617 2069 Diuina
641 2001 748 2070 cilicia
771 2003 947 2069 celebrare.
975 2002 1052 2068 Paci
1077 2022 1204 2087 qnoque
1230 2011 1262 2068 et
1278 2002 1507 2086 tranquillitati

385 2117 493 2178 rrestre
517 2117 654 2196 paterna
678 2111 892 2196 inposterum
917 2109 1135 2176 sollicitudine
1156 2107 1327 2194 prouidere
1350 2109 1508 2191 uolentes,

385 2217 577 2284 auderitate
589 2216 779 2303 Apostolica
794 2217 1015 2304 prohibemus,
1033 2223 1067 2282 ut
1082 2215 1168 2280 inira
1181 2216 1351 2282 clausuras
1367 2215 1507 2282 locorum

387 2343 444 2391 sen
460 2323 671 2409 grangiarum
688 2329 869 2390 uestrarum
884 2321 993 2388 nullus
1013 2322 1163 2408 rapinam
1179 2341 1237 2388 seu
1252 2320 1374 2388 furtum
1392 2321 1506 2403 iacere,

383 2433 493 2519 ignem
508 2451 684 2519 apponere,
702 2433 894 2517 sanguinem
907 2429 1052 2514 fundere,
1071 2429 1232 2496 hominem
1242 2447 1371 2514 capere,
1389 2437 1505 2511 tenere,

384 2539 565 2606 interficere
591 2559 648 2605 seu
673 2537 862 2605 uiolentiam
887 2535 1008 2602 audeat
1034 2553 1194 2601 exercere.
1221 2535 1374 2602 Preterea
1400 2555 1506 2604 omncs

385 2646 553 2713 libertates
571 2651 603 2711 et
629 2645 884 2712 immunitatesa
907 2641 1192 2728 predecessoribus
1217 2642 1337 2708 uostris
1353 2643 1506 2710 Romanis

384 2751 592 2820 Pontificibus
608 2751 713 2818 ordini
738 2756 847 2816 nestro
864 2767 1057 2832 concessas,
1082 2767 1223 2815 necnon
1246 2753 1278 2812 et
1294 2745 1464 2816 libertates
1478 2755 1507 2814 et

384 2861 606 2946 exemptiones
623 2857 817 2924 secularium
833 2856 1039 2923 exactionum
1054 2877 1075 2922 a
1091 2856 1235 2941 Regibus
1252 2860 1284 2922 et
1300 2855 1506 2942 Principibus

382 2969 437 3036 uel
463 2969 536 3035 aliis
566 2966 716 3034 fidelibus
743 2964 837 3031 uobis
865 2961 1104 3030 rationabiliter
1129 2961 1284 3042 indultas,
1315 2963 1507 3030 auctoritate

384 3077 575 3163 Apostolioa
599 3072 826 3140 confirmamus
853 3075 886 3136 et
908 3069 1068 3154 presentis
1094 3068 1207 3154 scripti
1230 3067 1406 3154 priuilegio
1429 3090 1507 3136 cour·

384 3184 555 3251 munimus.
576 3179 786 3246 Decemimus
803 3197 903 3260 ergo,
929 3181 965 3242 ut
979 3175 1061 3242 nulli
1075 3177 1205 3243 omnino
1231 3175 1398 3246 hominurn
1414 3177 1508 3244 liceat

382 3290 544 3377 prelatum
560 3284 792 3355 monasterinm
807 3289 927 3350 temere
943 3283 1145 3369 perturbare,
1162 3283 1263 3349 antei
1279 3284 1506 3367 possessiones

382 3396 520 3480 auferre,
537 3399 590 3464 uel
602 3395 734 3464 ablatas
744 3393 892 3476 retinere,
908 3391 1060 3474 minuere,
1077 3409 1136 3456 seu
1152 3389 1352 3472 quibuslibet
1364 3391 1506 3458 uexatio-

382 3503 476 3569 nibus
492 3502 653 3586 fetigare‚
680 3501 738 3567 sed
763 3499 874 3567 omnia
890 3499 1019 3583 integra
1044 3502 1276 3564 conseruentur
1291 3515 1403 3564 eorum
1414 3547 1423 3580 ,
1450 3517 1506 3582 pro

382 3629 516 3696 quorum
533 3607 769 3692 gubernatione
785 3627 824 3672 ac
844 3604 1080 3672 sustentatione
1097 3623 1256 3670 concessa
1270 3609 1366 3684 aaut,
1394 3605 1506 3670 usibus

381 3714 575 3784 omnimodis
591 3717 762 3803 profutura
772 3767 781 3800 ,
807 3715 902 3781 salua
917 3713 1012 3782 Sedis
1028 3712 1218 3799 Apostolice
1243 3710 1450 3778 auctoritate.
1474 3711 1507 3776 Si

384 3845 449 3911 qua
463 3823 562 3908 igitur
586 3825 620 3890 in
636 3823 778 3892 futurum
804 3822 1027 3888 ecclesiastica
1042 3818 1241 3887 secularisue
1264 3837 1408 3904 persona
1424 3818 1506 3884 hanc

381 3939 490 4001 nostre
500 3931 739 4000 constitutionis
755 3929 912 4016 paginam
922 3928 1038 4008 sciens,
1055 3932 1168 3994 contra
1178 3946 1250 3992 earn
1266 3931 1387 3992 temere
1396 3925 1508 3991 uenire

381 4037 609 4125 temptauerit,
636 4036 779 4104 secundo
794 4035 932 4102 tertioue
947 4032 1164 4114 commonita,
1189 4031 1255 4098 nisi
1269 4039 1396 4098 reatum
1412 4051 1507 4098 suum

383 4165 529 4230 congrua
545 4144 769 4211 satisfactione
786 4141 974 4226 correxerit,
991 4137 1164 4227 potestatis
1180 4139 1376 4223 honorisque
1396 4140 1448 4204 sni
1463 4137 1507 4202 di-

383 4252 507 4337 gnitate
523 4257 653 4334 careat,
679 4268 833 4332 reamque
848 4267 884 4313 se
900 4247 1020 4322 Diuino
1036 4240 1156 4312 iudicio
1182 4243 1323 4312 existere
1339 4245 1380 4310 de
1395 4261 1504 4329 perpe·

384 4365 471 4426 trata
494 4357 666 4442 iniquitate
682 4361 877 4439 cognoscat,
904 4361 937 4419 et
952 4374 973 4418 a
992 4349 1214 4419 sacratissimo
1237 4369 1372 4436 corpore
1387 4356 1419 4415 et
1434 4369 1505 4415 san·

384 4464 482 4550 guina
496 4463 559 4530 Dei
584 4471 617 4530 et
633 4461 764 4529 Domini
789 4459 1013 4545 Redemptcris
1038 4457 1141 4526 nostri
1156 4457 1235 4526 Jesu
1251 4455 1374 4524 Christi
1397 4455 1506 4522 aliem

385 4571 460 4654 dat,
486 4576 584 4655 atque
606 4569 640 4636 in
666 4573 810 4636 extremo
836 4567 985 4635 examine
1011 4565 1156 4636 districtc
1187 4564 1302 4634 ultioni
1327 4562 1504 4633 subiaceat
