3200 5182
831 279 982 380 goe

342 481 485 566 quadam
494 487 582 547 terra
592 477 722 544 nomine
731 479 856 561 Neweg
869 473 912 542 ad
928 475 991 542 tria
1002 481 1112 542 aratra
1121 473 1164 541 de
1175 479 1353 541 memorato
1366 477 1470 539 oestro

344 596 496 676 exempta
512 587 555 654 ad
571 593 714 654 nostram
731 589 900 651 traxerunt
910 583 1133 669 presenciam
1150 588 1345 664 asserentes,
1369 583 1472 666 ipsum

344 699 464 764 dietam
475 701 597 762 terram
609 694 766 760 uiolenter
778 692 932 758 detinere.
940 693 1081 758 Thomas
1093 711 1170 758 uero
1182 691 1400 776 proponebat,
1412 690 1471 756 dio-

344 811 411 872 tam
428 809 549 870 terram
564 801 627 870 sibi
644 821 685 867 ex
701 799 1003 868 nostradonaoione
1019 821 1078 888 pro
1094 819 1153 866 suo
1169 798 1257 865 fideli
1273 803 1306 866 et
1316 797 1472 882 multptioi

343 911 483 980 seruioio
508 911 717 999 prouenisse;
744 909 827 976 sicut
850 907 1056 994 postmodum
1081 908 1274 976 auctoritate
1293 908 1398 975 nostri
1415 908 1472 993 pri·

344 1019 458 1104 uilegij
474 1039 572 1106 super
587 1019 648 1084 boo
664 1037 685 1084 a
701 1015 795 1084 nobis
812 1015 986 1100 impetrato
1002 1014 1147 1100 legitime
1162 1023 1195 1082 et
1215 1015 1391 1082 manifeste
1406 1035 1472 1101 pro

343 1129 446 1196 bauit.
473 1127 542 1194 Nos
559 1145 636 1193 uero
662 1125 717 1192 uia
733 1123 838 1208 Regia
862 1123 1087 1210 procedentes,
1112 1123 1192 1190 nulli
1210 1125 1241 1189 iu
1257 1143 1319 1191 sua
1344 1123 1473 1190 iusticia

345 1234 463 1302 deesse
479 1233 636 1316 uolentes,
664 1252 728 1298 una
744 1251 817 1297 oum
837 1230 914 1298 filiis
931 1236 964 1296 et
980 1230 1186 1314 magnatibus
1210 1233 1330 1298 nostris
1348 1233 1472 1299 raoione
1567 1207 1569 1244 ³

343 1342 458 1429 predia
468 1341 583 1407 habita
599 1339 750 1425 diligenti
760 1339 1002 1406 deliberaoione
1022 1339 1206 1405 censuimus
1217 1339 1341 1406 dietam
1358 1349 1472 1407 terram
1569 1323 1570 1334 ¹

345 1448 472 1536 prefato
490 1447 625 1529 Thome,
650 1453 683 1514 et
698 1467 756 1533 per
773 1467 847 1512 eum
864 1447 934 1512 suis
949 1445 1125 1513 heredibus
1150 1469 1208 1533 pro
1225 1448 1293 1514 suis
1316 1449 1471 1535 seruieiiu,

344 1577 408 1641 que
433 1555 528 1623 nobis
551 1555 709 1638 exhibuit,
736 1561 893 1639 perpetuo
919 1554 1037 1620 debere
1062 1552 1244 1640 pertinere;
1271 1556 1472 1640 imponentes

347 1685 445 1752 super
460 1665 522 1731 hoo
533 1663 767 1750 j0bagionibus
790 1663 869 1746 diotj
886 1663 986 1729 castri
1006 1661 1186 1749 sileneium,
1210 1664 1266 1747 qui
1283 1663 1403 1730 tuerint
1416 1687 1472 1752 pro

346 1781 511 1858 tempore;
539 1791 581 1838 no
597 1790 695 1857 super
718 1771 833 1838 eadem
859 1789 960 1837 eausa
976 1776 1088 1836 eontra
1103 1770 1272 1855 Theman,
1299 1779 1357 1837 aut
1372 1773 1472 1858 ipsius

346 1863 552 1948 suooessores
578 1879 722 1962 aliquam
745 1879 889 1945 audeant
913 1899 1044 1948 mouere
1068 1878 1281 1962 questionem.
1307 1881 1350 1946 Vt
1374 1881 1469 1965 igitur

346 1995 413 2054 tam
431 1993 543 2054 nostra
557 1986 736 2072 precedens
753 1987 902 2071 donaoio,
928 2007 1026 2071 quam
1043 1987 1146 2052 oniam
1162 1989 1366 2070 subsequens
1385 2009 1406 2055 a
1421 2011 1470 2056 no·

347 2095 398 2164 bis
415 2095 561 2180 legitime
579 2095 788 2180 promulgata
813 2095 980 2161 sentencia
999 2093 1074 2162 ullis
1097 2115 1250 2179 umquam
1275 2097 1469 2182 temporibus

346 2202 493 2270 reuocari
504 2224 568 2270 non
581 2202 693 2288 possit,
711 2199 768 2268 sod
778 2201 873 2268 salua
889 2223 1015 2288 semper
1026 2207 1058 2268 et
1068 2201 1264 2269 inconeussa
1274 2211 1466 2288 permaneat,

348 2313 382 2378 in
398 2311 566 2398 amplioris
592 2310 667 2378 fidei
682 2317 909 2395 argumentum
932 2317 1116 2395 presentem
1141 2313 1361 2379 concessimus
1384 2313 1468 2397 pagi-

346 2439 422 2485 nam
432 2417 599 2503 duppliois
615 2416 718 2501 sigilli
729 2417 831 2485 nostri
842 2417 1019 2486 munimine
1030 2421 1063 2484 in
1074 2425 1264 2506 perpetuum
1278 2421 1466 2487 roboratam.

348 2527 471 2591 Datum
487 2543 573 2592 anno
599 2523 709 2608 graoie
733 2524 906 2594 millesimo
922 2525 988 2593 00⁰
1003 2525 1079 2592 XX⁰
1095 2531 1221 2611 ootauo,
1237 2527 1344 2612 Regni
1367 2534 1467 2594 autem

346 2631 450 2702 nostri
466 2653 551 2700 anno
567 2632 643 2702 XX·
657 2633 779 2718 quinto.

347 2831 486 2896 (Eredotio
499 2829 672 2900 bd'rhdrtytn,
685 2849 703 2885 a
716 2831 864 2900 adrgaddk
875 2834 1101 2900 selyomasindron
1115 2835 1223 2902 titggdtt
1232 2835 1325 2903 penset
1337 2837 1464 2900 olrssaatt,

658 2941 674 2974 a
686 2925 768 2976 budai
783 2925 832 2975 kir.
846 2925 971 2976 kamarai
982 2921 1170 2990 lavdttdrban.)
