3202 5190
886 357 1044 456 „322-

402 553 643 640 significaverit,
660 559 793 619 eventus
809 559 948 636 nostros,
967 561 1085 619 extunc
1101 553 1263 638 prioribus
1284 554 1417 618 multum
1432 552 1519 618 dissi·

403 664 515 747 miles,
532 663 617 748 imo,
646 661 925 748 peccatisnostris
946 661 1173 745 exigentibus,
1199 661 1295 726 nimis
1312 660 1519 743 miserabiles,

403 769 506 852 vobis,
522 774 678 852 tanquam
696 765 783 852 patri
798 775 831 834 et
848 767 989 849 dominc,
1003 766 1136 849 dignum
1154 765 1232 833 duxi
1248 769 1430 853 propalare.
1447 765 1520 833 Con-

403 876 477 960 tigit
499 876 610 962 igitur,
637 874 793 958 Graecos,
820 875 884 960 qui,
901 895 942 944 ex
957 875 1074 941 innata
1097 875 1224 942 malitia
1238 881 1270 940 et
1296 876 1431 961 pertidia
1455 894 1521 940 con·

403 990 506 1067 sueta,
523 990 599 1068 post
615 1002 711 1050 omne
727 1001 829 1066 genus
845 981 1032 1048 securitatis
1048 989 1080 1049 et
1095 981 1275 1066 cautionis,
1300 980 1475 1067 proditioni
1489 999 1522 1045 se

402 1109 531 1178 semper
546 1109 667 1178 pronos
684 1089 857 1174 exhibent,
882 1089 992 1155 statim
1008 1098 1084 1174 post
1098 1087 1320 1158 dimissionem
1343 1090 1523 1156 nuntiorum

401 1195 446 1262 ad
460 1215 520 1263 vos
536 1197 649 1263 ultimo
668 1196 882 1280 directorum,
909 1195 1138 1281 proditionem,
1163 1217 1260 1282 quam
1278 1197 1405 1283 pridem
1422 1201 1523 1262 mente

401 1309 636 1390 concepemnt,
653 1303 834 1370 rebellione
849 1310 961 1370 contra
981 1323 1041 1370 nos
1057 1303 1156 1388 iacta,
1173 1304 1323 1388 detegere
1345 1302 1522 1370 manifeste

401 1413 471 1493 Quo
488 1419 663 1499 comperto,
681 1409 782 1477 irater
798 1430 888 1478 mens
904 1417 936 1478 et
955 1410 1104 1480 dominus
1126 1415 1327 1498 Imperator,
1345 1423 1522 1499 opportune

401 1521 609 1608 paucioribus
635 1521 827 1604 comitatus,
854 1521 976 1607 qnippe
991 1522 1086 1588 nobis
1102 1543 1161 1607 per
1184 1522 1382 1591 munitiones
1399 1529 1432 1588 et
1447 1543 1522 1588 mar·

401 1631 491 1698 chias
507 1651 565 1716 pro
583 1649 704 1715 magna
719 1635 813 1714 parte
823 1627 993 1714 dispersis,
1011 1637 1123 1697 contra
1139 1637 1237 1715 caput
1256 1631 1455 1714 rebellionis,
1465 1632 1521 1695 An·

401 1737 606 1824 dronopolim
623 1736 787 1821 videlicet,
813 1757 896 1822 quae
913 1737 1030 1804 civitas
1055 1744 1105 1804 est
1124 1735 1281 1804 Graeciae
1298 1738 1521 1820 munitissima,

401 1851 452 1930 et,
478 1847 641 1913 montibus
665 1849 791 1914 tantum
807 1845 1028 1929 interpositis,
1044 1843 1238 1912 Blachorum
1255 1844 1364 1910 affinis
1387 1843 1521 1930 populis,

401 1951 580 2019 ulciscendi
604 1953 748 2018 animum
773 1951 964 2036 intendens,
990 1953 1103 2018 urbem
1127 1951 1264 2036 Regiam
1289 1971 1445 2037 egressus
1467 1957 1520 2015 est

368 2065 377 2078 '
401 2061 538 2126 Eramus
554 2059 640 2125 enim
656 2065 732 2125 tunc
748 2059 903 2144 temporis
920 2059 967 2125 sic
983 2058 1101 2144 divisi,
1129 2059 1273 2126 Marchio
1293 2053 1521 2126 Montisferrati

401 2169 487 2234 ultra
502 2166 771 2234 Thessalonicam
797 2173 867 2232 erat
883 2187 955 2232 curn
981 2167 1109 2252 multis,
1138 2187 1198 2250 ego
1209 2217 1218 2250 ,
1245 2187 1284 2233 ex
1300 2168 1412 2234 altera
1435 2169 1520 2251 parte

401 2275 532 2342 Brachii
555 2275 665 2341 Sancti
691 2274 825 2359 Georgii
850 2295 939 2342 eram
965 2273 1054 2362 apud
1080 2274 1337 2342 Andromiticum
1364 2294 1440 2339 cum
1463 2291 1518 2337 non

401 2385 534 2470 paucis,
550 2383 703 2468 Paganus
720 2384 759 2449 de
770 2384 913 2466 Aurelia,
936 2391 967 2449 et
978 2383 1013 2449 P.
1026 2382 1067 2449 de
1077 2384 1221 2450 Braecel.
1233 2402 1346 2449 versus
1356 2381 1518 2460 Nicaeam,

402 2511 442 2556 ex
459 2490 573 2556 eadem
589 2496 681 2574 parte
696 2489 846 2574 Brachii,
864 2492 901 2556 lt.
918 2490 959 2555 dc
974 2489 1060 2557 Trio.
1077 2491 1165 2576 apud
1181 2491 1439 2576 Philippopolim
1454 2506 1517 2554 cum

401 2597 565 2684 pluribus;
593 2605 625 2663 et
641 2597 699 2663 alii
715 2597 795 2662 alibi
819 2617 877 2682 per
893 2599 967 2664 loca
982 2605 1015 2663 et
1030 2577 1224 2666 munitiones
1240 2599 1391 2684 dispersi.
1416 2599 1518 2676 Porro,

400 2705 512 2771 audito
528 2725 550 2768 a
564 2705 748 2786 Joannitio,
767 2703 961 2770 Blachorum
976 2705 1136 2788 Domino,
1154 2706 1242 2790 quod
1256 2704 1365 2771 Latini
1382 2705 1415 2770 in
1436 2709 1518 2768 tanta

401 2815 540 2881 virorum
566 2814 728 2899 paucitate
755 2812 920 2877 ciuitatem
946 2812 1148 2897 praedictam
1174 2812 1399 2899 obsedissent,
1432 2829 1517 2894 quen

401 2924 500 2988 etiam
517 2921 634 2989 Graeci
649 2923 682 2988 in
699 2919 856 2985 auxilinm
872 2939 984 3002 suum,
1012 2921 1137 2987 occulte
1153 2927 1271 3004 tamen,
1288 2927 1322 2986 ut
1338 2921 1446 3004 magis
1461 2921 1516 2984 lae·

401 3030 526 3114 derent,
544 3034 728 3111 evocarant,
754 3027 845 3091 irruit
860 3026 966 3093 subito
984 3026 1125 3092 Blachus
1150 3027 1206 3093 ille
1221 3026 1409 3095 Joannitius
1425 3029 1457 3092 in
1471 3045 1517 3088 nc·

401 3145 485 3204 utros
503 3157 574 3202 curn
585 3134 787 3201 multitudine
796 3135 1015 3200 Barbarorum
1026 3134 1207 3218 innumera,
1223 3134 1352 3200 Blachis
1365 3132 1516 3212 videlicet,

401 3245 609 3312 Commannis
635 3251 666 3308 et
682 3243 778 3326 aliis,
805 3241 922 3326 quibus
950 3242 1048 3308 etiam
1074 3241 1170 3308 nimis
1195 3242 1369 3328 improvise
1396 3241 1517 3308 obuiam

401 3354 593 3420 exeuntibus
609 3351 749 3434 nostris,
776 3357 808 3417 et
824 3350 979 3418 remotius
1004 3369 1102 3433 quarn
1128 3357 1293 3436 oporteret
1317 3349 1515 3429 instantibus,

401 3479 459 3543 per
469 3459 673 3526 inimicorum
684 3457 821 3524 insidias
837 3456 969 3523 tandem
980 3457 1116 3523 vallatis
1127 3455 1280 3540 undique,
1292 3453 1488 3543 (prohdolor
1498 3452 1517 3539 l)

400 3565 549 3632 dominus
574 3585 665 3632 meus
685 3569 875 3652 Imperator,
901 3565 1016 3632 Comes
1034 3565 1114 3632 Lod.
1131 3565 1315 3649 Stephanus
1331 3565 1372 3629 de
1389 3563 1516 3641 Perlieo,

400 3681 431 3738 et
448 3672 581 3755 quidam
605 3675 662 3741 alii
679 3678 823 3741 Berones
840 3681 873 3740 et
889 3675 1029 3758 milites,
1056 3673 1145 3756 quod
1161 3693 1226 3740 non
1242 3673 1312 3739 sine
1333 3675 1517 3758 sanguinea·

397 3799 468 3846 rum
483 3781 699 3871 lacrymarum
715 3783 871 3849 effusione
888 3783 1009 3849 referre
1025 3783 1131 3866 valeo,
1148 3789 1242 3848 tanta
1258 3781 1365 3848 obruti
1387 3782 1515 3847 multitu·

398 3888 493 3972 dine,
520 3909 583 3954 non
601 3889 671 3955 sine
687 3891 804 3956 damno
830 3896 937 3954 tamen
954 3889 1104 3972 illorum,
1130 3889 1173 3954 ab
1190 3887 1330 3955 inimicis
1356 3885 1516 3970 intercepti

398 4002 481 4062 sunt.
498 3994 670 4062 Nescimus
686 4015 801 4061 revera
811 4045 820 4080 ,
848 3997 903 4080 qui
920 3997 1008 4082 capti
1026 3996 1144 4062 fuerint
1154 4047 1163 4081 ,
1180 3996 1237 4079 qui
1253 3995 1364 4063 occisi.
1392 3993 1515 4080 Accepi-

397 4125 468 4170 mus
483 4109 594 4170 tamen
610 4103 653 4169 ab
670 4104 930 4188 exploratoribus
956 4104 1077 4170 nostris
1094 4104 1285 4169 certissimis
1311 4103 1449 4169 etfama
1471 4119 1513 4166 re-

396 4211 511 4298 ridica,
537 4212 624 4296 quod
640 4211 790 4278 dominus
807 4229 898 4276 meus
913 4213 1092 4297 Imperator
1118 4219 1266 4278 teneatur
1291 4217 1323 4277 et
1338 4211 1444 4294 virus,
1467 4207 1514 4293 qni

396 4321 438 4386 ab
456 4322 570 4388 eodem
585 4321 752 4387 Joannitic
779 4319 871 4404 satis,
900 4327 932 4385 ut
948 4327 1100 4387 asserunt
1110 4371 1118 4404 ,
1146 4340 1204 4405 pro
1221 4327 1368 4406 tempore
1388 4320 1512 4386 honora·

395 4428 503 4496 biliter
519 4435 730 4516 procuratur,
757 4449 829 4495 cum
846 4429 1041 4514 quibusdam
1057 4431 1154 4513 aliis,
1183 4448 1265 4512 qnos
1280 4435 1392 4495 tamen
1418 4427 1512 4493 adhuc

396 4555 550 4622 expresse
565 4539 727 4604 nescimus
744 4539 922 4605 nominare.
943 4537 1062 4604 Sciatis
1078 4542 1207 4623 autem,
1232 4536 1320 4622 quod
1344 4538 1386 4604 ab
1403 4555 1442 4602 ea
1456 4531 1511 4614 die,

396 4663 460 4726 qua
477 4643 675 4718 Graecorum
691 4645 773 4712 fines
789 4645 932 4728 ingressi
946 4645 1085 4732 fuimus,
1103 4661 1207 4730 usque
1222 4644 1266 4711 ad
1281 4644 1370 4711 diem
1386 4640 1512 4710 infelicis
