3218 5192
852 424 876 430 -.
905 331 1003 430 oo*

362 527 587 614 ginisblariac,
600 527 633 593 in
643 527 807 594 Natalioio
816 525 1229 613 Beatorumhpostolorum
1238 527 1327 594 Petri
1337 535 1370 593 et
1380 527 1494 610 Pauii;

363 637 396 702 in
406 635 586 702 Nativitato
598 635 692 704 Beati
702 635 840 704 Joannis
850 635 1040 724 Baptistae,
1057 637 1091 702 in
1102 635 1279 702 festivitate
1289 635 1384 702 Beati
1394 637 1494 702 Joan-

363 745 413 810 nis
424 745 667 830 Evangelistae,
675 743 988 813 Commemoratione
1000 744 1364 828 OmniumSanctorum;
1375 743 1409 810 in
1419 761 1494 809 oon-

362 853 597 922 secrationibus
608 853 829 921 Ecclesiarum
839 861 871 920 et
881 853 1127 940 Episcoporum,
1139 849 1419 918 benedictionibus
1430 847 1495 914 Ab·

361 962 486 1044 hatum;
506 961 764 1029 ordinationibus
774 961 1047 1048 presbiterorum
1063 961 1096 1026 in
1107 957 1311 1027 dedicatione
1321 957 1493 1024 Ecclesiae

359 1073 446 1152 tuae,
457 1069 490 1135 in
501 1069 677 1136 festivitate
693 1069 787 1135 Beati
797 1067 983 1152 Grisogoni,
994 1069 1070 1136 etin
1082 1067 1306 1134 anniversario
1322 1084 1493 1133 consecra-

360 1175 458 1245 tionis
468 1179 544 1242 tuae
560 1175 622 1243 die.
639 1176 774 1244 Student
787 1195 865 1260 ergo
882 1183 939 1243 tua
954 1175 1141 1242 fraternitas
1160 1175 1361 1260 plenitudine
1377 1177 1492 1241 mutae

360 1282 529 1366 dignitatis
546 1289 701 1369 suscepta
716 1281 763 1350 ita
778 1289 910 1351 strenue
926 1287 1042 1349 cuncta
1060 1300 1229 1368 peragere,
1249 1287 1411 1367 quatenus
1427 1301 1493 1346 mo-

359 1409 431 1456 rum
440 1395 566 1458 tuorum
577 1399 770 1459 ornamenta
780 1391 886 1458 eidem
896 1391 1006 1458 valeat
1016 1389 1200 1457 convenire.
1216 1389 1494 1455 Sitvitatnasub·

359 1497 435 1565 ditis
445 1499 642 1584 exemplum,
659 1505 694 1564 ut
710 1517 769 1584 per
782 1515 855 1564 eam
867 1505 1058 1584 agnoscant,
1074 1495 1328 1583 quodappctere
1338 1495 1493 1580 debeant,

358 1609 391 1671 et
406 1625 491 1692 quae
501 1611 659 1692 angantur
670 1603 785 1672 vitare.
799 1605 878 1673 Esto
895 1604 1090 1672 discretione
1100 1605 1305 1692 praecipuus,
1321 1604 1493 1688 cogitabo

359 1733 400 1782 ne
416 1714 566 1798 mundus,
583 1715 832 1800 actionepurus,
849 1713 1052 1782 discretusin
1068 1712 1208 1796 silentio,
1225 1712 1358 1780 utilisin
1368 1713 1490 1798 verbo;

357 1840 456 1887 curae
470 1821 530 1888 tibi
546 1821 589 1888 sit
604 1821 709 1905 magis
726 1819 910 1888 hominibus
926 1820 1094 1905 prodesse,
1114 1839 1213 1905 quam
1228 1837 1405 1906 praeesse,
1425 1839 1492 1886 non

356 1928 390 1994 in
404 1933 437 1996 te
452 1935 647 2015 potestatem
657 1927 792 2012 ordinis,
809 1928 867 1994 sed
883 1928 1116 2012 aequalitatem
1127 1933 1255 2014 oportet
1264 1945 1408 2014 pensare
1417 1947 1492 1995 con-

357 2037 501 2106 ditionis.
518 2038 635 2122 Stude,
661 2059 703 2104 ne
718 2037 786 2103 vita
803 2037 983 2104 doctrinam
998 2037 1164 2122 destituat,
1181 2055 1240 2104 nec
1257 2057 1385 2104 rursum
1401 2035 1491 2102 vitae

357 2143 505 2212 doctrina
530 2143 741 2212 contradicat.
767 2145 939 2226 Memento,
966 2143 1044 2228 quia
1063 2163 1117 2209 ars
1134 2149 1183 2210 est
1207 2143 1325 2210 artium
1340 2144 1491 2227 regimen

357 2252 550 2318 animarum.
577 2255 680 2337 Super
705 2251 815 2318 omnia
840 2252 981 2318 studium
1004 2253 1065 2319 tibi
1090 2252 1132 2318 sit
1157 2251 1367 2338 Apostolieae
1393 2251 1491 2318 Sedis

359 2359 492 2424 decreta
507 2358 640 2422 firmiter
656 2360 850 2443 observare,
876 2361 971 2444 eique
987 2367 1151 2444 tamquam
1177 2361 1273 2426 matri
1288 2367 1320 2425 et
1336 2359 1491 2426 dominae

356 2471 433 2531 tuae
458 2463 597 2529 fideliter
612 2463 757 2531 obedire.
784 2467 868 2534 Ecce
883 2467 984 2533 frater
1000 2467 1033 2534 in
1053 2467 1182 2534 Christo
1199 2468 1379 2550 carissime,
1403 2468 1490 2532 inter

360 2571 464 2638 multa
481 2571 547 2637 alia
563 2572 643 2638 hacc
659 2579 734 2638 sunt
750 2574 854 2659 pallii,
871 2576 936 2643 ista
951 2577 1137 2659 sacerdotii,
1164 2595 1249 2661 quae
1264 2575 1374 2644 omnia
1388 2575 1491 2642 facile

358 2677 490 2744 Christo
506 2678 683 2762 adjuvante
700 2679 881 2766 adimplere
896 2683 1028 2768 poteris,
1045 2684 1073 2750 si
1089 2683 1243 2750 virtutum
1263 2684 1405 2750 omnium
1422 2703 1490 2749 ma-

356 2785 492 2868 gistram
509 2785 679 2852 caritatem
695 2792 728 2852 et
744 2787 959 2856 humilitatem
979 2789 1155 2874 habueris,
1180 2797 1213 2855 et
1229 2790 1315 2875 quod
1336 2790 1417 2858 foris
1432 2791 1490 2856 ha-

357 2893 435 2958 bere
450 2891 633 2958 ostenderis
645 2893 732 2960 intus
748 2895 896 2961 habebis.
913 2895 1003 2962 Nulli
1019 2914 1098 2979 ergo
1109 2897 1274 2963 hominum
1289 2897 1387 2963 liceat
1403 2897 1491 2962 hanc

357 3007 501 3066 nostram
519 3001 780 3068 constitutionem
797 3003 984 3088 infringere,
1011 3006 1064 3071 vel
1081 3006 1111 3071 ei
1127 3025 1209 3072 ausu
1225 3005 1398 3074 temerario
1415 3024 1489 3073 con·

355 3107 466 3172 traire.
499 3107 535 3196 Si
560 3127 626 3192 qua
650 3107 749 3192 igitur
780 3109 979 3177 infuturum
1006 3111 1258 3197 Ecclesiastico,
1287 3111 1490 3180 secularisve

356 3232 500 3299 persona
527 3215 612 3280 hano
635 3223 768 3282 nostrae
793 3217 1032 3287 constitutionis
1057 3220 1213 3305 paginam
1239 3220 1345 3286 sciens
1372 3226 1491 3286 contra

357 3341 429 3388 eam
445 3329 567 3390 temere
593 3323 705 3389 venire
721 3327 940 3410 temptaverit,
958 3327 1100 3394 secundo
1118 3329 1256 3395 tertiove
1280 3327 1489 3411 commonita,

356 3430 464 3496 sinon
481 3430 708 3498 satisfactione
724 3451 870 3517 congrua
885 3434 1117 3517 emendaverit,
1136 3435 1320 3520 potestatis,
1340 3434 1489 3503 honoris-

355 3556 417 3621 que
433 3538 483 3602 sui
510 3539 669 3622 dignitate
693 3546 824 3622 careat,
848 3561 1003 3627 reamque
1022 3562 1059 3609 se
1074 3541 1184 3610 divino
1197 3543 1321 3628 judicio
1342 3544 1487 3610 existere

356 3643 398 3708 de
413 3652 573 3730 perpetua
588 3647 760 3732 iniquitute
776 3657 961 3735 cognoscat,
988 3657 1020 3716 et
1035 3673 1056 3718 a
1069 3651 1281 3719 Sanctissimo
1301 3672 1439 3738 corpore
1455 3659 1490 3717 et

357 3751 517 3833 sanguine
534 3752 597 3819 Dei
612 3761 644 3819 et
660 3752 792 3821 Domini
807 3755 1035 3841 Redemptoris
1052 3759 1155 3825 nostri
1171 3760 1253 3826 Jesu
1272 3758 1392 3826 Christi
1409 3761 1489 3826 alie-

356 3877 399 3923 na
414 3857 480 3944 fiat,
499 3864 596 3942 utque
613 3859 646 3926 in
662 3852 808 3929 extremo
825 3863 976 3930 examine
987 3865 1157 3930 districtae
1172 3867 1288 3934 ultioni
1303 3868 1489 3951 subjaceat.

353 3963 632 4034 conservantibus
649 3977 758 4036 numm
775 3969 818 4036 sit
833 3991 899 4057 pax
909 3971 1041 4039 Domini
1056 3973 1159 4041 nostri
1170 3971 1250 4040 Jesu
1261 3973 1393 4058 Christi,
1411 3993 1490 4058 qua-

352 4079 446 4140 tenus
461 4081 493 4140 et
509 4073 710 4144 hiofructum
722 4078 829 4145 bonae
845 4079 983 4146 aetionis
1000 4079 1193 4165 percipiant,
1211 4087 1245 4146 et
1260 4079 1350 4166 apud
1366 4079 1490 4148 discre-

352 4185 420 4246 tum
432 4181 578 4266 judicem
594 4182 743 4268 praemia
759 4192 911 4251 aeternae
926 4185 1020 4271 pacis
1036 4185 1183 4254 inveniat
1201 4188 1317 4256 Amen.

474 4376 595 4463 (Papai
608 4379 701 4464 Jegy,
720 4397 735 4444 s
752 4399 773 4444 a
789 4382 877 4466 papa
892 4385 928 4447 bs
949 4385 988 4446 12
1005 4381 1168 4449 bibornok
1191 4383 1361 4471 alblrasa.)
