<?xml version="1.0" encoding="UTF-8"?>
<!DOCTYPE html PUBLIC "-//W3C//DTD XHTML 1.0 Transitional//EN"
    "http://www.w3.org/TR/xhtml1/DTD/xhtml1-transitional.dtd">
<html xmlns="http://www.w3.org/1999/xhtml" xml:lang="en" lang="en">
 <head>
  <title>
</title>
<meta http-equiv="Content-Type" content="text/html;charset=utf-8" />
  <meta name='ocr-system' content='tesseract 3.04.00' />
  <meta name='ocr-capabilities' content='ocr_page ocr_carea ocr_par ocr_line ocrx_word'/>
</head>
<body>
  <div class='ocr_page' id='page_1' title='image "./codexdiplomatic05wenzgoog_0395.png"; bbox 0 0 3202 5190; ppageno 0'>
   <div class='ocr_carea' id='block_1_1' title="bbox 596 359 746 456">
    <p class='ocr_par' dir='ltr' id='par_1_1' title="bbox 596 359 746 456">
     <span class='ocr_line' id='line_1_1' title="bbox 596 359 746 456; baseline 0 0"><span class='ocrx_word' id='word_1_1' title='bbox 596 359 746 456; x_wconf 54' lang='lat' dir='ltr'>„sss</span> 
     </span>
    </p>
   </div>
   <div class='ocr_carea' id='block_1_2' title="bbox 0 534 1234 3200">
    <p class='ocr_par' dir='ltr' id='par_1_2' title="bbox 0 534 1234 3200">
     <span class='ocr_line' id='line_1_2' title="bbox 1 534 1234 638; baseline 0.006 -24"><span class='ocrx_word' id='word_1_2' title='bbox 1 534 42 598; x_wconf 65' lang='lat' dir='ltr'>it?</span> <span class='ocrx_word' id='word_1_3' title='bbox 98 551 200 619; x_wconf 91' lang='lat' dir='ltr'>nobis</span> <span class='ocrx_word' id='word_1_4' title='bbox 226 549 391 630; x_wconf 81' lang='lat' dir='ltr'>exhibuit,</span> <span class='ocrx_word' id='word_1_5' title='bbox 418 567 516 632; x_wconf 88' lang='lat' dir='ltr'>quam</span> <span class='ocrx_word' id='word_1_6' title='bbox 542 549 600 615; x_wconf 89' lang='lat' dir='ltr'>illa</span> <span class='ocrx_word' id='word_1_7' title='bbox 616 550 648 614; x_wconf 94' lang='lat' dir='ltr'>in</span> <span class='ocrx_word' id='word_1_8' title='bbox 665 570 762 632; x_wconf 89' lang='lat' dir='ltr'>quarn</span> <span class='ocrx_word' id='word_1_9' title='bbox 788 551 928 638; x_wconf 85' lang='lat' dir='ltr'>praelati</span> <span class='ocrx_word' id='word_1_10' title='bbox 954 554 1056 621; x_wconf 93' lang='lat' dir='ltr'>nuntii</span> <span class='ocrx_word' id='word_1_11' title='bbox 1083 556 1234 622; x_wconf 86' lang='lat' dir='ltr'>dixerunt</span> 
     </span>
     <span class='ocr_line' id='line_1_3' title="bbox 0 641 1232 746; baseline 0.005 -22.069"><span class='ocrx_word' id='word_1_12' title='bbox 0 641 40 704; x_wconf 73' lang='lat' dir='ltr'>l&#39;r</span> <span class='ocrx_word' id='word_1_13' title='bbox 99 657 396 743; x_wconf 83' lang='lat' dir='ltr'>Arcbiepiseopum</span> <span class='ocrx_word' id='word_1_14' title='bbox 412 655 636 738; x_wconf 77' lang='lat' dir='ltr'>consensisse,</span> <span class='ocrx_word' id='word_1_15' title='bbox 653 656 735 724; x_wconf 88' lang='lat' dir='ltr'>inita</span> <span class='ocrx_word' id='word_1_16' title='bbox 749 655 896 724; x_wconf 83' lang='lat' dir='ltr'>fuerat</span> <span class='ocrx_word' id='word_1_17' title='bbox 870 679 941 726; x_wconf 89' lang='lat' dir='ltr'>srne</span> <span class='ocrx_word' id='word_1_18' title='bbox 956 679 1096 729; x_wconf 87' lang='lat' dir='ltr'>assensu</span> <span class='ocrx_word' id='word_1_19' title='bbox 1112 669 1232 746; x_wconf 86' lang='lat' dir='ltr'>vestro,</span> 
     </span>
     <span class='ocr_line' id='line_1_4' title="bbox 0 763 1232 850; baseline 0.001 -16.013"><span class='ocrx_word' id='word_1_20' title='bbox 0 770 38 834; x_wconf 89' lang='grc' dir='ltr'>Ψ</span> <span class='ocrx_word' id='word_1_21' title='bbox 100 765 160 831; x_wconf 87' lang='lat' dir='ltr'>et&#39;</span> <span class='ocrx_word' id='word_1_22' title='bbox 151 785 185 830; x_wconf 91' lang='lat' dir='ltr'>m</span> <span class='ocrx_word' id='word_1_23' title='bbox 204 785 335 832; x_wconf 89' lang='lat' dir='ltr'>enorme</span> <span class='ocrx_word' id='word_1_24' title='bbox 360 763 566 850; x_wconf 81' lang='lat' dir='ltr'>dispendium</span> <span class='ocrx_word' id='word_1_25' title='bbox 582 763 816 848; x_wconf 76' lang='lat' dir='ltr'>strigoniensis</span> <span class='ocrx_word' id='word_1_26' title='bbox 831 766 1000 834; x_wconf 78' lang='lat' dir='ltr'>Ecclesiae</span> <span class='ocrx_word' id='word_1_27' title='bbox 1017 769 1232 836; x_wconf 81' lang='lat' dir='ltr'>redundabat.</span> 
     </span>
     <span class='ocr_line' id='line_1_5' title="bbox 100 870 1234 962; baseline 0.006 -25.454"><span class='ocrx_word' id='word_1_28' title='bbox 100 871 201 938; x_wconf 88' lang='lat' dir='ltr'>Unde</span> <span class='ocrx_word' id='word_1_29' title='bbox 218 871 477 938; x_wconf 88' lang='lat' dir='ltr'>contradicentes</span> <span class='ocrx_word' id='word_1_30' title='bbox 495 870 632 953; x_wconf 88' lang='lat' dir='ltr'>utrique,</span> <span class='ocrx_word' id='word_1_31' title='bbox 656 872 749 940; x_wconf 86' lang='lat' dir='ltr'>nobis</span> <span class='ocrx_word' id='word_1_32' title='bbox 766 872 929 938; x_wconf 87' lang='lat' dir='ltr'>humiliter</span> <span class='ocrx_word' id='word_1_33' title='bbox 944 875 1180 962; x_wconf 85' lang='lat' dir='ltr'>supplicarunt,</span> <span class='ocrx_word' id='word_1_34' title='bbox 1197 885 1234 943; x_wconf 94' lang='lat' dir='ltr'>ut</span> 
     </span>
     <span class='ocr_line' id='line_1_6' title="bbox 0 977 1232 1066; baseline 0.005 -22"><span class='ocrx_word' id='word_1_35' title='bbox 0 1000 26 1027; x_wconf 75' lang='lat'><strong>.</strong></span> <span class='ocrx_word' id='word_1_36' title='bbox 100 979 298 1044; x_wconf 82' lang='lat' dir='ltr'>anctoritate</span> <span class='ocrx_word' id='word_1_37' title='bbox 314 977 504 1063; x_wconf 70' lang='lat' dir='ltr'>apostolica</span> <span class='ocrx_word' id='word_1_38' title='bbox 519 995 724 1044; x_wconf 87' lang='lat' dir='ltr'>cassaremus</span> <span class='ocrx_word' id='word_1_39' title='bbox 740 986 897 1063; x_wconf 88' lang='lat' dir='ltr'>utramqe.</span> <span class='ocrx_word' id='word_1_40' title='bbox 929 981 998 1046; x_wconf 88' lang='lat' dir='ltr'>Nos</span> <span class='ocrx_word' id='word_1_41' title='bbox 1016 982 1115 1066; x_wconf 84' lang='lat' dir='ltr'>igitur</span> <span class='ocrx_word' id='word_1_42' title='bbox 1132 991 1232 1050; x_wconf 87' lang='lat' dir='ltr'>atten-</span> 
     </span>
     <span class='ocr_line' id='line_1_7' title="bbox 0 1083 1231 1172; baseline 0.006 -22"><span class='ocrx_word' id='word_1_43' title='bbox 0 1103 21 1127; x_wconf 50' lang='lat' dir='ltr'>r</span> <span class='ocrx_word' id='word_1_44' title='bbox 101 1085 238 1168; x_wconf 89' lang='lat' dir='ltr'>dentes,</span> <span class='ocrx_word' id='word_1_45' title='bbox 266 1085 353 1168; x_wconf 87' lang='lat' dir='ltr'>quod</span> <span class='ocrx_word' id='word_1_46' title='bbox 369 1083 475 1150; x_wconf 89' lang='lat' dir='ltr'>dictus</span> <span class='ocrx_word' id='word_1_47' title='bbox 490 1085 561 1150; x_wconf 87' lang='lat' dir='ltr'>Rex</span> <span class='ocrx_word' id='word_1_48' title='bbox 587 1083 663 1150; x_wconf 90' lang='lat' dir='ltr'>olim</span> <span class='ocrx_word' id='word_1_49' title='bbox 689 1085 784 1154; x_wconf 92' lang='lat' dir='ltr'>nobis</span> <span class='ocrx_word' id='word_1_50' title='bbox 801 1086 902 1154; x_wconf 90' lang='lat' dir='ltr'>multa</span> <span class='ocrx_word' id='word_1_51' title='bbox 928 1107 1059 1172; x_wconf 90' lang='lat' dir='ltr'>precum</span> <span class='ocrx_word' id='word_1_52' title='bbox 1075 1090 1231 1159; x_wconf 89' lang='lat' dir='ltr'>instantia</span> 
     </span>
     <span class='ocr_line' id='line_1_8' title="bbox 100 1191 1232 1283; baseline 0.01 -27"><span class='ocrx_word' id='word_1_53' title='bbox 100 1191 359 1278; x_wconf 81' lang='lat' dir='ltr'>supplicaverat,</span> <span class='ocrx_word' id='word_1_54' title='bbox 372 1198 407 1256; x_wconf 91' lang='lat' dir='ltr'>ut</span> <span class='ocrx_word' id='word_1_55' title='bbox 416 1211 514 1276; x_wconf 89' lang='lat' dir='ltr'>super</span> <span class='ocrx_word' id='word_1_56' title='bbox 524 1192 599 1275; x_wconf 89' lang='lat' dir='ltr'>jure</span> <span class='ocrx_word' id='word_1_57' title='bbox 610 1193 787 1260; x_wconf 87' lang='lat' dir='ltr'>coronandi</span> <span class='ocrx_word' id='word_1_58' title='bbox 797 1195 905 1279; x_wconf 82' lang='lat' dir='ltr'>Reges</span> <span class='ocrx_word' id='word_1_59' title='bbox 916 1196 1104 1281; x_wconf 89' lang='lat' dir='ltr'>Hungariae</span> <span class='ocrx_word' id='word_1_60' title='bbox 1113 1200 1232 1283; x_wconf 88' lang='lat' dir='ltr'>Strigo-</span> 
     </span>
     <span class='ocr_line' id='line_1_9' title="bbox 100 1299 1232 1390; baseline 0.007 -26"><span class='ocrx_word' id='word_1_61' title='bbox 100 1299 210 1365; x_wconf 88' lang='lat' dir='ltr'>niensi</span> <span class='ocrx_word' id='word_1_62' title='bbox 226 1299 394 1365; x_wconf 83' lang='lat' dir='ltr'>Ecclesiae</span> <span class='ocrx_word' id='word_1_63' title='bbox 419 1299 626 1383; x_wconf 86' lang='lat' dir='ltr'>privilegium</span> <span class='ocrx_word' id='word_1_64' title='bbox 652 1301 830 1368; x_wconf 84' lang='lat' dir='ltr'>concedere</span> <span class='ocrx_word' id='word_1_65' title='bbox 854 1301 1082 1388; x_wconf 86' lang='lat' dir='ltr'>dignaremur,</span> <span class='ocrx_word' id='word_1_66' title='bbox 1108 1327 1232 1390; x_wconf 89' lang='lat' dir='ltr'>nosque</span> 
     </span>
     <span class='ocr_line' id='line_1_10' title="bbox 100 1405 1232 1494; baseline 0.009 -24.107"><span class='ocrx_word' id='word_1_67' title='bbox 100 1405 174 1471; x_wconf 89' lang='lat' dir='ltr'>eins</span> <span class='ocrx_word' id='word_1_68' title='bbox 191 1407 343 1491; x_wconf 88' lang='lat' dir='ltr'>precibus</span> <span class='ocrx_word' id='word_1_69' title='bbox 359 1406 524 1486; x_wconf 86' lang='lat' dir='ltr'>inclinati,</span> <span class='ocrx_word' id='word_1_70' title='bbox 552 1407 582 1471; x_wconf 89' lang='lat' dir='ltr'>ei</span> <span class='ocrx_word' id='word_1_71' title='bbox 597 1427 696 1492; x_wconf 89' lang='lat' dir='ltr'>super</span> <span class='ocrx_word' id='word_1_72' title='bbox 716 1409 777 1474; x_wconf 91' lang='lat' dir='ltr'>hoe</span> <span class='ocrx_word' id='word_1_73' title='bbox 802 1411 1008 1494; x_wconf 88' lang='lat' dir='ltr'>privilegium</span> <span class='ocrx_word' id='word_1_74' title='bbox 1034 1415 1232 1480; x_wconf 84' lang='lat' dir='ltr'>concesseri-</span> 
     </span>
     <span class='ocr_line' id='line_1_11' title="bbox 3 1507 1230 1602; baseline 0.009 -26"><span class='ocrx_word' id='word_1_75' title='bbox 3 1544 4 1557; x_wconf 62' lang='lat'><em>÷</em></span> <span class='ocrx_word' id='word_1_76' title='bbox 99 1533 173 1580; x_wconf 90' lang='lat' dir='ltr'>mus</span> <span class='ocrx_word' id='word_1_77' title='bbox 191 1513 328 1579; x_wconf 82' lang='lat' dir='ltr'>fratrum</span> <span class='ocrx_word' id='word_1_78' title='bbox 354 1519 535 1580; x_wconf 90' lang='lat' dir='ltr'>nostrorum</span> <span class='ocrx_word' id='word_1_79' title='bbox 554 1514 846 1600; x_wconf 85' lang='lat' dir='ltr'>subscriptionibus</span> <span class='ocrx_word' id='word_1_80' title='bbox 862 1507 1059 1602; x_wconf 86' lang='lat' dir='ltr'>roboratum,</span> <span class='ocrx_word' id='word_1_81' title='bbox 1086 1521 1230 1587; x_wconf 89' lang='lat' dir='ltr'>conside-</span> 
     </span>
     <span class='ocr_line' id='line_1_12' title="bbox 10 1621 1228 1712; baseline 0.007 -27"><span class='ocrx_word' id='word_1_82' title='bbox 10 1655 13 1662; x_wconf 76' lang='lat'>=</span> <span class='ocrx_word' id='word_1_83' title='bbox 99 1627 213 1687; x_wconf 88' lang='lat' dir='ltr'>rantes</span> <span class='ocrx_word' id='word_1_84' title='bbox 239 1625 356 1704; x_wconf 88' lang='lat' dir='ltr'>etiam,</span> <span class='ocrx_word' id='word_1_85' title='bbox 384 1621 471 1705; x_wconf 89' lang='lat' dir='ltr'>quod</span> <span class='ocrx_word' id='word_1_86' title='bbox 497 1624 525 1688; x_wconf 91' lang='lat' dir='ltr'>si</span> <span class='ocrx_word' id='word_1_87' title='bbox 551 1631 698 1708; x_wconf 88' lang='lat' dir='ltr'>potestas</span> <span class='ocrx_word' id='word_1_88' title='bbox 725 1625 902 1691; x_wconf 89' lang='lat' dir='ltr'>coronandi</span> <span class='ocrx_word' id='word_1_89' title='bbox 920 1626 1019 1710; x_wconf 88' lang='lat' dir='ltr'>Regis</span> <span class='ocrx_word' id='word_1_90' title='bbox 1041 1627 1228 1712; x_wconf 87' lang='lat' dir='ltr'>Hungariae</span> 
     </span>
     <span class='ocr_line' id='line_1_13' title="bbox 1 1727 1228 1820; baseline 0.005 -26"><span class='ocrx_word' id='word_1_91' title='bbox 1 1773 3 1776; x_wconf 93' lang='lat'>-</span> <span class='ocrx_word' id='word_1_92' title='bbox 22 1758 28 1784; x_wconf 85' lang='lat'>·</span> <span class='ocrx_word' id='word_1_93' title='bbox 99 1747 202 1813; x_wconf 87' lang='lat' dir='ltr'>penes</span> <span class='ocrx_word' id='word_1_94' title='bbox 219 1727 368 1795; x_wconf 86' lang='lat' dir='ltr'>diversas</span> <span class='ocrx_word' id='word_1_95' title='bbox 383 1729 550 1796; x_wconf 89' lang='lat' dir='ltr'>Ecclesias</span> <span class='ocrx_word' id='word_1_96' title='bbox 567 1729 742 1814; x_wconf 88' lang='lat' dir='ltr'>resideret,</span> <span class='ocrx_word' id='word_1_97' title='bbox 768 1731 827 1798; x_wconf 88' lang='lat' dir='ltr'>toti</span> <span class='ocrx_word' id='word_1_98' title='bbox 844 1733 957 1814; x_wconf 93' lang='lat' dir='ltr'>Regno</span> <span class='ocrx_word' id='word_1_99' title='bbox 983 1753 1084 1817; x_wconf 87' lang='lat' dir='ltr'>grave</span> <span class='ocrx_word' id='word_1_100' title='bbox 1107 1735 1228 1820; x_wconf 90' lang='lat' dir='ltr'>perieu-</span> 
     </span>
     <span class='ocr_line' id='line_1_14' title="bbox 7 1835 1228 1925; baseline 0.006 -26"><span class='ocrx_word' id='word_1_101' title='bbox 7 1858 28 1893; x_wconf 58' lang='grc'>’.</span> <span class='ocrx_word' id='word_1_102' title='bbox 97 1837 176 1917; x_wconf 89' lang='lat' dir='ltr'>lum,</span> <span class='ocrx_word' id='word_1_103' title='bbox 194 1843 227 1901; x_wconf 90' lang='lat' dir='ltr'>et</span> <span class='ocrx_word' id='word_1_104' title='bbox 244 1835 439 1902; x_wconf 86' lang='lat' dir='ltr'>haeredibus</span> <span class='ocrx_word' id='word_1_105' title='bbox 464 1835 541 1901; x_wconf 91' lang='lat' dir='ltr'>dicti</span> <span class='ocrx_word' id='word_1_106' title='bbox 559 1835 658 1920; x_wconf 87' lang='lat' dir='ltr'>Regis</span> <span class='ocrx_word' id='word_1_107' title='bbox 678 1837 803 1920; x_wconf 87' lang='lat' dir='ltr'>grande</span> <span class='ocrx_word' id='word_1_108' title='bbox 819 1847 931 1922; x_wconf 85' lang='lat' dir='ltr'>posset</span> <span class='ocrx_word' id='word_1_109' title='bbox 955 1839 1158 1924; x_wconf 90' lang='lat' dir='ltr'>dispendium</span> <span class='ocrx_word' id='word_1_110' title='bbox 1175 1859 1228 1925; x_wconf 83' lang='lat' dir='ltr'>ge-</span> 
     </span>
     <span class='ocr_line' id='line_1_15' title="bbox 12 1940 1224 2030; baseline 0.005 -21.941"><span class='ocrx_word' id='word_1_111' title='bbox 12 1963 27 1996; x_wconf 71' lang='grc' dir='ltr'>·τ</span> <span class='ocrx_word' id='word_1_112' title='bbox 97 1961 235 2024; x_wconf 84' lang='lat' dir='ltr'>narare,</span> <span class='ocrx_word' id='word_1_113' title='bbox 263 1962 336 2008; x_wconf 90' lang='lat' dir='ltr'>eum</span> <span class='ocrx_word' id='word_1_114' title='bbox 360 1940 543 2026; x_wconf 83' lang='lat' dir='ltr'>frequenter</span> <span class='ocrx_word' id='word_1_115' title='bbox 568 1944 651 2009; x_wconf 90' lang='lat' dir='ltr'>inter</span> <span class='ocrx_word' id='word_1_116' title='bbox 666 1945 790 2029; x_wconf 81' lang='lat' dir='ltr'>Regum</span> <span class='ocrx_word' id='word_1_117' title='bbox 812 1947 1001 2030; x_wconf 89' lang='lat' dir='ltr'>Hungariae</span> <span class='ocrx_word' id='word_1_118' title='bbox 1028 1947 1224 2015; x_wconf 87' lang='lat' dir='ltr'>cohaeredes</span> 
     </span>
     <span class='ocr_line' id='line_1_16' title="bbox 17 2049 1226 2136; baseline 0.01 -28"><span class='ocrx_word' id='word_1_119' title='bbox 17 2098 24 2108; x_wconf 88' lang='lat'><em>.</em></span> <span class='ocrx_word' id='word_1_120' title='bbox 97 2069 198 2136; x_wconf 88' lang='lat' dir='ltr'>super</span> <span class='ocrx_word' id='word_1_121' title='bbox 222 2049 400 2133; x_wconf 89' lang='lat' dir='ltr'>optinenda</span> <span class='ocrx_word' id='word_1_122' title='bbox 413 2050 517 2134; x_wconf 88' lang='lat' dir='ltr'>Regni</span> <span class='ocrx_word' id='word_1_123' title='bbox 533 2069 652 2118; x_wconf 87' lang='lat' dir='ltr'>corona</span> <span class='ocrx_word' id='word_1_124' title='bbox 677 2050 868 2118; x_wconf 87' lang='lat' dir='ltr'>scandalum</span> <span class='ocrx_word' id='word_1_125' title='bbox 887 2052 930 2117; x_wconf 91' lang='lat' dir='ltr'>sit</span> <span class='ocrx_word' id='word_1_126' title='bbox 946 2059 1111 2134; x_wconf 86' lang='lat' dir='ltr'>exortum,</span> <span class='ocrx_word' id='word_1_127' title='bbox 1138 2054 1226 2136; x_wconf 89' lang='lat' dir='ltr'>quod</span> 
     </span>
     <span class='ocr_line' id='line_1_17' title="bbox 1 2154 1223 2240; baseline 0.003 -18"><span class='ocrx_word' id='word_1_128' title='bbox 1 2193 3 2196; x_wconf 33' lang='lat' dir='ltr'>v</span> <span class='ocrx_word' id='word_1_129' title='bbox 96 2159 210 2239; x_wconf 88' lang='lat' dir='ltr'>utique</span> <span class='ocrx_word' id='word_1_130' title='bbox 236 2162 349 2240; x_wconf 89' lang='lat' dir='ltr'>posset</span> <span class='ocrx_word' id='word_1_131' title='bbox 371 2154 498 2222; x_wconf 84' lang='lat' dir='ltr'>facilius</span> <span class='ocrx_word' id='word_1_132' title='bbox 523 2156 681 2240; x_wconf 90' lang='lat' dir='ltr'>suboriri,</span> <span class='ocrx_word' id='word_1_133' title='bbox 709 2158 736 2224; x_wconf 87' lang='lat' dir='ltr'>si</span> <span class='ocrx_word' id='word_1_134' title='bbox 761 2178 817 2224; x_wconf 89' lang='lat' dir='ltr'>eos</span> <span class='ocrx_word' id='word_1_135' title='bbox 844 2157 990 2225; x_wconf 86' lang='lat' dir='ltr'>diversos</span> <span class='ocrx_word' id='word_1_136' title='bbox 1016 2165 1223 2226; x_wconf 87' lang='lat' dir='ltr'>coronatores</span> 
     </span>
     <span class='ocr_line' id='line_1_18' title="bbox 97 2263 1223 2350; baseline 0 -20"><span class='ocrx_word' id='word_1_137' title='bbox 97 2263 303 2346; x_wconf 87' lang='lat' dir='ltr'>contingeret</span> <span class='ocrx_word' id='word_1_138' title='bbox 318 2263 472 2346; x_wconf 88' lang='lat' dir='ltr'>invenire,</span> <span class='ocrx_word' id='word_1_139' title='bbox 489 2271 623 2350; x_wconf 89' lang='lat' dir='ltr'>propter</span> <span class='ocrx_word' id='word_1_140' title='bbox 638 2264 910 2330; x_wconf 87' lang='lat' dir='ltr'>contradictiones</span> <span class='ocrx_word' id='word_1_141' title='bbox 924 2271 956 2329; x_wconf 90' lang='lat' dir='ltr'>et</span> <span class='ocrx_word' id='word_1_142' title='bbox 973 2265 1115 2332; x_wconf 85' lang='lat' dir='ltr'>rationes</span> <span class='ocrx_word' id='word_1_143' title='bbox 1131 2286 1223 2350; x_wconf 88' lang='lat' dir='ltr'>prae-</span> 
     </span>
     <span class='ocr_line' id='line_1_19' title="bbox 0 2369 1224 2455; baseline 0.001 -20"><span class='ocrx_word' id='word_1_144' title='bbox 0 2401 15 2426; x_wconf 43' lang='grc' dir='ltr'>ψ</span> <span class='ocrx_word' id='word_1_145' title='bbox 96 2369 240 2455; x_wconf 87' lang='lat' dir='ltr'>scriptas</span> <span class='ocrx_word' id='word_1_146' title='bbox 266 2371 533 2454; x_wconf 87' lang='lat' dir='ltr'>compositionem</span> <span class='ocrx_word' id='word_1_147' title='bbox 559 2370 743 2438; x_wconf 85' lang='lat' dir='ltr'>huiusmodi</span> <span class='ocrx_word' id='word_1_148' title='bbox 758 2391 822 2438; x_wconf 91' lang='lat' dir='ltr'>non</span> <span class='ocrx_word' id='word_1_149' title='bbox 847 2370 1029 2455; x_wconf 90' lang='lat' dir='ltr'>potuimus,</span> <span class='ocrx_word' id='word_1_150' title='bbox 1057 2373 1141 2437; x_wconf 90' lang='lat' dir='ltr'>sicut</span> <span class='ocrx_word' id='word_1_151' title='bbox 1165 2391 1224 2446; x_wconf 90' lang='lat' dir='ltr'>nee</span> 
     </span>
     <span class='ocr_line' id='line_1_20' title="bbox 96 2475 501 2557; baseline 0 -17"><span class='ocrx_word' id='word_1_152' title='bbox 96 2475 281 2557; x_wconf 88' lang='lat' dir='ltr'>debuimus,</span> <span class='ocrx_word' id='word_1_153' title='bbox 302 2476 501 2542; x_wconf 89' lang='lat' dir='ltr'>confirmare.</span> 
     </span>
     <span class='ocr_line' id='line_1_21' title="bbox 10 2581 1223 2666; baseline 0.002 -21"><span class='ocrx_word' id='word_1_154' title='bbox 10 2592 13 2602; x_wconf 86' lang='grc'><strong>’</strong></span> <span class='ocrx_word' id='word_1_155' title='bbox 209 2581 330 2648; x_wconf 87' lang='lat' dir='ltr'>Datum</span> <span class='ocrx_word' id='word_1_156' title='bbox 345 2581 501 2650; x_wconf 86' lang='lat' dir='ltr'>Laterani</span> <span class='ocrx_word' id='word_1_157' title='bbox 517 2581 559 2648; x_wconf 90' lang='lat'>11.</span> <span class='ocrx_word' id='word_1_158' title='bbox 576 2581 654 2648; x_wconf 87' lang='lat' dir='ltr'>Idus</span> <span class='ocrx_word' id='word_1_159' title='bbox 673 2583 863 2666; x_wconf 72' lang='lat' dir='ltr'>Februarii,</span> <span class='ocrx_word' id='word_1_160' title='bbox 884 2583 1094 2650; x_wconf 84' lang='lat' dir='ltr'>Pontificatus</span> <span class='ocrx_word' id='word_1_161' title='bbox 1120 2583 1223 2664; x_wconf 81' lang='lat' dir='ltr'>nostri</span> 
     </span>
     <span class='ocr_line' id='line_1_22' title="bbox 1 2685 469 2770; baseline -0.009 -13"><span class='ocrx_word' id='word_1_162' title='bbox 1 2717 19 2765; x_wconf 69' lang='lat' dir='ltr'>r.</span> <span class='ocrx_word' id='word_1_163' title='bbox 96 2692 317 2770; x_wconf 86' lang='lat' dir='ltr'>annoquarto</span> <span class='ocrx_word' id='word_1_164' title='bbox 333 2685 469 2754; x_wconf 90' lang='lat' dir='ltr'>decimo.</span> 
     </span>
     <span class='ocr_line' id='line_1_23' title="bbox 0 2793 1222 2882; baseline 0.004 -24"><span class='ocrx_word' id='word_1_165' title='bbox 0 2865 2 2869; x_wconf 52' lang='grc'>,</span> <span class='ocrx_word' id='word_1_166' title='bbox 205 2794 245 2859; x_wconf 95' lang='lat' dir='ltr'>In</span> <span class='ocrx_word' id='word_1_167' title='bbox 260 2794 408 2862; x_wconf 89' lang='lat' dir='ltr'>eumdem</span> <span class='ocrx_word' id='word_1_168' title='bbox 423 2795 492 2861; x_wconf 84' lang='lat' dir='ltr'>lere</span> <span class='ocrx_word' id='word_1_169' title='bbox 509 2793 638 2860; x_wconf 89' lang='lat' dir='ltr'>modum</span> <span class='ocrx_word' id='word_1_170' title='bbox 649 2796 806 2882; x_wconf 89' lang='lat' dir='ltr'>scriptum</span> <span class='ocrx_word' id='word_1_171' title='bbox 826 2801 876 2861; x_wconf 87' lang='lat' dir='ltr'>est</span> <span class='ocrx_word' id='word_1_172' title='bbox 888 2794 1102 2878; x_wconf 86' lang='lat' dir='ltr'>Strigoniensi</span> <span class='ocrx_word' id='word_1_173' title='bbox 1113 2798 1222 2862; x_wconf 79' lang='lat' dir='ltr'>Archi-</span> 
     </span>
     <span class='ocr_line' id='line_1_24' title="bbox 0 2903 1221 2991; baseline -0.004 -16"><span class='ocrx_word' id='word_1_174' title='bbox 0 2948 5 2975; x_wconf 45' lang='grc' dir='ltr'>,τ</span> <span class='ocrx_word' id='word_1_175' title='bbox 94 2903 272 2990; x_wconf 83' lang='lat' dir='ltr'>episcopo:</span> <span class='ocrx_word' id='word_1_176' title='bbox 290 2904 494 2971; x_wconf 86' lang='lat' dir='ltr'>Venerabilis</span> <span class='ocrx_word' id='word_1_177' title='bbox 505 2903 610 2970; x_wconf 42' lang='lat' dir='ltr'>xfrater</span> <span class='ocrx_word' id='word_1_178' title='bbox 635 2910 745 2972; x_wconf 89' lang='lat' dir='ltr'>noster</span> <span class='ocrx_word' id='word_1_179' title='bbox 762 2904 1023 2989; x_wconf 74' lang='lat' dir='ltr'>vesprumiensis</span> <span class='ocrx_word' id='word_1_180' title='bbox 1039 2905 1221 2991; x_wconf 82' lang='lat' dir='ltr'>Episcopus</span> 
     </span>
     <span class='ocr_line' id='line_1_25' title="bbox 1 3008 1220 3097; baseline -0.001 -21"><span class='ocrx_word' id='word_1_181' title='bbox 1 3045 15 3086; x_wconf 64' lang='lat' dir='ltr'>e</span> <span class='ocrx_word' id='word_1_182' title='bbox 94 3011 128 3075; x_wconf 93' lang='lat' dir='ltr'>in</span> <span class='ocrx_word' id='word_1_183' title='bbox 144 3017 259 3076; x_wconf 89' lang='lat' dir='ltr'>nostra</span> <span class='ocrx_word' id='word_1_184' title='bbox 273 3011 445 3096; x_wconf 90' lang='lat' dir='ltr'>proposuit</span> <span class='ocrx_word' id='word_1_185' title='bbox 468 3010 633 3097; x_wconf 89' lang='lat' dir='ltr'>presentia</span> <span class='ocrx_word' id='word_1_186' title='bbox 648 3011 857 3095; x_wconf 88' lang='lat' dir='ltr'>constitutus,</span> <span class='ocrx_word' id='word_1_187' title='bbox 881 3008 1055 3092; x_wconf 89' lang='lat' dir='ltr'>quodcum</span> <span class='ocrx_word' id='word_1_188' title='bbox 1072 3009 1112 3074; x_wconf 93' lang='lat' dir='ltr'>de</span> <span class='ocrx_word' id='word_1_189' title='bbox 1129 3030 1220 3094; x_wconf 87' lang='lat' dir='ltr'>pace,</span> 
     </span>
     <span class='ocr_line' id='line_1_26' title="bbox 3 3117 758 3200; baseline 0.004 -20"><span class='ocrx_word' id='word_1_190' title='bbox 3 3177 13 3191; x_wconf 74' lang='grc'>,,</span> <span class='ocrx_word' id='word_1_191' title='bbox 95 3125 158 3184; x_wconf 89' lang='lat' dir='ltr'>etc.</span> <span class='ocrx_word' id='word_1_192' title='bbox 175 3136 278 3200; x_wconf 88' lang='lat' dir='ltr'>usque</span> <span class='ocrx_word' id='word_1_193' title='bbox 294 3137 354 3184; x_wconf 91' lang='lat' dir='ltr'>nec</span> <span class='ocrx_word' id='word_1_194' title='bbox 370 3117 539 3185; x_wconf 88' lang='lat' dir='ltr'>debuimus</span> <span class='ocrx_word' id='word_1_195' title='bbox 558 3119 758 3186; x_wconf 79' lang='lat' dir='ltr'>confirmare.</span> 
     </span>
    </p>
   </div>
   <div class='ocr_carea' id='block_1_3' title="bbox 447 3295 875 3364">
    <p class='ocr_par' dir='ltr' id='par_1_3' title="bbox 447 3295 875 3364">
     <span class='ocr_line' id='line_1_27' title="bbox 447 3295 875 3364; baseline -0.005 -16"><span class='ocrx_word' id='word_1_196' title='bbox 447 3297 550 3364; x_wconf 82' lang='lat' dir='ltr'>(Migne</span> <span class='ocrx_word' id='word_1_197' title='bbox 563 3314 589 3349; x_wconf 88' lang='lat' dir='ltr'>u.</span> <span class='ocrx_word' id='word_1_198' title='bbox 603 3315 627 3348; x_wconf 94' lang='lat' dir='ltr'>o.</span> <span class='ocrx_word' id='word_1_199' title='bbox 642 3299 692 3351; x_wconf 90' lang='lat'><em>111.</em></span> <span class='ocrx_word' id='word_1_200' title='bbox 707 3299 761 3350; x_wconf 85' lang='lat' dir='ltr'>kot.</span> <span class='ocrx_word' id='word_1_201' title='bbox 777 3298 835 3347; x_wconf 79' lang='lat' dir='ltr'>tls.</span> <span class='ocrx_word' id='word_1_202' title='bbox 847 3295 875 3362; x_wconf 90' lang='lat'>1.)</span> 
     </span>
    </p>
   </div>
   <div class='ocr_carea' id='block_1_4' title="bbox 626 4023 702 4096">
    <p class='ocr_par' dir='ltr' id='par_1_4' title="bbox 626 4023 702 4096">
     <span class='ocr_line' id='line_1_28' title="bbox 626 4023 702 4096; baseline -0.026 0"><span class='ocrx_word' id='word_1_203' title='bbox 626 4023 702 4096; x_wconf 76' lang='lat'><strong>216.</strong></span> 
     </span>
    </p>
   </div>
   <div class='ocr_carea' id='block_1_5' title="bbox 95 4187 1221 4380">
    <p class='ocr_par' dir='ltr' id='par_1_5' title="bbox 95 4187 1221 4380">
     <span class='ocr_line' id='line_1_29' title="bbox 95 4187 1221 4293; baseline 0.001 -22"><span class='ocrx_word' id='word_1_204' title='bbox 95 4203 143 4272; x_wconf 87' lang='lat'>11.</span> <span class='ocrx_word' id='word_1_205' title='bbox 161 4202 270 4271; x_wconf 81' lang='lat' dir='ltr'>Endra</span> <span class='ocrx_word' id='word_1_206' title='bbox 285 4203 393 4292; x_wconf 75' lang='lat' dir='ltr'>btruly</span> <span class='ocrx_word' id='word_1_207' title='bbox 408 4227 429 4272; x_wconf 84' lang='lat' dir='ltr'>a</span> <span class='ocrx_word' id='word_1_208' title='bbox 445 4207 626 4293; x_wconf 74' lang='lat' dir='ltr'>leopos-nutri</span> <span class='ocrx_word' id='word_1_209' title='bbox 649 4205 869 4272; x_wconf 81' lang='lat' dir='ltr'>morrostoruuk</span> <span class='ocrx_word' id='word_1_210' title='bbox 888 4208 1020 4293; x_wconf 74' lang='lat' dir='ltr'>lcepyatri</span> <span class='ocrx_word' id='word_1_211' title='bbox 1027 4187 1221 4293; x_wconf 74' lang='lat' dir='ltr'>joqdrdliu·</span> 
     </span>
     <span class='ocr_line' id='line_1_30' title="bbox 526 4313 793 4380; baseline 0 -2"><span class='ocrx_word' id='word_1_212' title='bbox 526 4313 675 4380; x_wconf 61' lang='lat' dir='ltr'>tezhdilr</span> <span class='ocrx_word' id='word_1_213' title='bbox 696 4316 793 4380; x_wconf 82' lang='lat'><em>1212.</em></span> 
     </span>
    </p>
   </div>
   <div class='ocr_carea' id='block_1_6' title="bbox 94 4507 1221 4795">
    <p class='ocr_par' dir='ltr' id='par_1_6' title="bbox 94 4507 1221 4795">
     <span class='ocr_line' id='line_1_31' title="bbox 206 4507 1221 4580; baseline -0.005 -2"><span class='ocrx_word' id='word_1_214' title='bbox 206 4511 244 4579; x_wconf 91' lang='lat' dir='ltr'>In</span> <span class='ocrx_word' id='word_1_215' title='bbox 269 4511 398 4580; x_wconf 89' lang='lat' dir='ltr'>nomine</span> <span class='ocrx_word' id='word_1_216' title='bbox 413 4513 532 4579; x_wconf 81' lang='lat' dir='ltr'>Sancte</span> <span class='ocrx_word' id='word_1_217' title='bbox 548 4509 717 4577; x_wconf 81' lang='lat' dir='ltr'>Trinitatis</span> <span class='ocrx_word' id='word_1_218' title='bbox 743 4517 774 4576; x_wconf 88' lang='lat' dir='ltr'>et</span> <span class='ocrx_word' id='word_1_219' title='bbox 791 4507 961 4574; x_wconf 88' lang='lat' dir='ltr'>Indiuidue</span> <span class='ocrx_word' id='word_1_220' title='bbox 980 4509 1132 4576; x_wconf 87' lang='lat' dir='ltr'>Unitatis.</span> <span class='ocrx_word' id='word_1_221' title='bbox 1160 4509 1221 4574; x_wconf 83' lang='lat' dir='ltr'>An·</span> 
     </span>
     <span class='ocr_line' id='line_1_32' title="bbox 94 4617 1221 4705; baseline -0.006 -16"><span class='ocrx_word' id='word_1_222' title='bbox 94 4622 196 4689; x_wconf 75' lang='lat' dir='ltr'>draus</span> <span class='ocrx_word' id='word_1_223' title='bbox 213 4620 274 4686; x_wconf 88' lang='lat' dir='ltr'>Dei</span> <span class='ocrx_word' id='word_1_224' title='bbox 290 4617 592 4705; x_wconf 84' lang='lat' dir='ltr'>graciaHungarie,</span> <span class='ocrx_word' id='word_1_225' title='bbox 609 4619 787 4704; x_wconf 84' lang='lat' dir='ltr'>Dalmscie,</span> <span class='ocrx_word' id='word_1_226' title='bbox 804 4619 950 4704; x_wconf 82' lang='lat' dir='ltr'>Oroacie,</span> <span class='ocrx_word' id='word_1_227' title='bbox 967 4619 1078 4702; x_wconf 86' lang='lat' dir='ltr'>Reme,</span> <span class='ocrx_word' id='word_1_228' title='bbox 1099 4617 1221 4704; x_wconf 82' lang='lat' dir='ltr'>Seruio,</span> 
     </span>
     <span class='ocr_line' id='line_1_33' title="bbox 142 4737 1061 4795; baseline 0 -3"><span class='ocrx_word' id='word_1_229' title='bbox 142 4755 245 4793; x_wconf 74' lang='lat' dir='ltr'>norun.</span> <span class='ocrx_word' id='word_1_230' title='bbox 262 4755 344 4795; x_wconf 83' lang='lat' dir='ltr'>suun.</span> <span class='ocrx_word' id='word_1_231' title='bbox 360 4756 429 4795; x_wconf 82' lang='lat' dir='ltr'>arar.</span> <span class='ocrx_word' id='word_1_232' title='bbox 448 4765 486 4779; x_wconf 91' lang='lat'>-</span> <span class='ocrx_word' id='word_1_233' title='bbox 504 4755 576 4792; x_wconf 78' lang='lat' dir='ltr'>nuru.</span> <span class='ocrx_word' id='word_1_234' title='bbox 596 4746 627 4785; x_wconf 82' lang='lat'>11·</span> <span class='ocrx_word' id='word_1_235' title='bbox 1020 4737 1061 4793; x_wconf 78' lang='grc'>23</span> 
     </span>
    </p>
   </div>
   <div class='ocr_carea' id='block_1_7' title="bbox 0 0 1606 5190">
    <p class='ocr_par' dir='ltr' id='par_1_7' title="bbox 0 0 1606 5190">
     <span class='ocr_line' id='line_1_34' title="bbox 0 0 1606 5190; baseline 0 1"><span class='ocrx_word' id='word_1_236' title='bbox 0 0 1606 5190; x_wconf 95' lang='lat' dir='ltr'> </span> 
     </span>
    </p>
   </div>
  </div>
 </body>
</html>
