3164 5192
77 1072 101 1137 Ι.
116 1071 237 1136 Otalcur
246 1070 315 1134 coele
325 1067 500 1154 kirdlpaalc
508 1067 601 1133 lovels
609 1068 673 1132 III.
686 1067 776 1133 lucae
780 1067 939 1153 populos,
948 1068 1084 1156 melpbea
1089 1071 1201 1158 jeleat-

77 1181 137 1264 sss,
160 1179 242 1265 bopy
258 1177 359 1242 elb'bbi
374 1175 563 1263 epybelceleee
578 1197 636 1262 epp
652 1176 752 1242 ltdzelc'
766 1176 939 1241 r'olcoudcul
954 1179 1077 1244 semmis
1092 1179 1201 1244 Maus-

77 1291 127 1373 sdp
150 1284 232 1368 uolt,
260 1285 451 1368 bdzaesdpdt
469 1281 747 1364 Konstauezt'duol,
771 1283 853 1346 Imre
869 1305 1003 1370 mappas·
1028 1283 1201 1370 kirdlyuolt

292 1387 462 1472 ,notescet
480 1387 759 1476 ldpbeztapyatni
774 1390 853 1453 lce'ri.
877 1391 975 1454 1199.

176 1587 393 1656 Sanctissimo
410 1587 499 1652 Patri
526 1605 585 1652 sno
603 1585 791 1652 Innocentio
808 1587 925 1652 Sancte
945 1573 1200 1655 Romane'Sedis

79 1696 203 1763 Summo
221 1693 374 1761 Pontifici
391 1689 604 1779 Oltaoharus)
621 1691 684 1758 Dei
707 1693 821 1776 gracia
835 1693 904 1758 Rex
920 1693 1074 1761 Bobemie
1092 1695 1201 1761 debite

78 1802 288 1872 subiecciouis
304 1800 525 1868 reverenciam
541 1807 573 1864 et
589 1799 790 1883 obsequium.
810 1799 890 1865 Cum
907 1807 1014 1867 vestre
1030 1801 1200 1869 discrecio·
1310 1863 1316 1877 ,

77 1912 123 1979 uis
137 1917 236 1978 cauta
251 1916 286 1977 et
301 1915 418 1995 potens
444 1908 621 1974 auotoritas
638 1907 762 1974 eunctis
777 1907 860 1973 sciat
875 1916 907 1974 et
930 1911 1035 1994 possit
1051 1911 1146 1980 finem
1162 1933 1200 1979 ao

78 2020 169 2088 robur
184 2019 267 2085 dare
282 2017 438 2102 negocijs,
455 2023 564 2083 vestre
580 2015 784 2083 notificamus
800 2016 981 2103 Sanctitati,
1002 2039 1060 2085 uos
1075 2019 1109 2086 in
1125 2038 1200 2105 pue-

80 2126 152 2192 ricia
166 2131 283 2193 nostra
298 2124 428 2190 cuidam
439 2123 681 2208 consanguinee
697 2131 816 2204 nostre,
836 2122 909 2207 ipsa
925 2125 1029 2190 eciam
1040 2125 1074 2190 in
1090 2131 1201 2193 tenera

79 2240 158 2300 etate
173 2233 357 2317 existente,
383 2233 453 2298 sine
470 2232 635 2298 dotalibus
651 2231 883 2316 instrumentis,
900 2239 1009 2316 preter
1030 2240 1200 2317 parentum

81 2349 259 2408 nostrorum
276 2339 517 2423 conscientiam,
542 2340 674 2424 insuper
689 2338 778 2404 illins
795 2339 943 2424 cognatis
963 2339 1200 2425 ignorantibus,

81 2449 264 2533 adhesisse,
297 2449 402 2516 etsie
429 2469 489 2516 nos
515 2447 639 2532 aliquot
663 2447 776 2530 annis,
802 2445 948 2516 sednon
973 2449 1043 2514 sinc
1069 2450 1202 2516 lesione

8 2599 9 2634 3
81 2558 241 2642 utriusque
268 2557 479 2639 consciencie,
496 2554 715 2622 cohabitasse.
747 2556 852 2639 Super
870 2561 979 2622 autem
1003 2563 1116 2624 nostra
1140 2556 1202 2623 dis·

8 2649 9 2696 †
81 2667 241 2734 innccione
269 2665 375 2732 littere
401 2665 586 2731 aRomana
604 2662 688 2730 Sede
712 2661 841 2728 luerunt
866 2661 1047 2749 impetrate,
1073 2683 1133 2731 nec
1148 2685 1203 2730 vn-

8 2785 9 2788 ’
83 2795 171 2858 quam
198 2773 452 2861 predecessores
478 2772 598 2856 vestri,
625 2771 773 2856 quamuis
799 2789 897 2857 super
913 2772 974 2839 boc
998 2780 1108 2840 essent
1131 2791 1203 2840 oon-

8 2929 9 2934 1
82 2884 159 2950 sueti
173 2880 274 2970 (tgy),
291 2885 392 2950 talem
409 2887 610 2950 contractum
626 2879 773 2948 stabilire
788 2882 969 2966 voluerunt,
987 2899 1026 2949 eo
1042 2882 1128 2967 quod
1143 2901 1202 2949 nos

82 2991 111 3055 in
125 2997 240 3074 quarto
270 2990 376 3074 gradu
392 2988 707 3075 consanguineitatis
733 2989 985 3074 attingeremus;
1012 2990 1070 3056 sed
1094 2991 1202 3058 nescio

84 3098 197 3181 quade
213 3118 328 3184 eausa,
345 3098 529 3184 Episcopus
545 3097 721 3181 Pragensis
738 3097 834 3163 beate
854 3095 1007 3163 memorie
1032 3096 1137 3162 eidem
1154 3116 1203 3163 su·

83 3205 220 3289 persedit
246 3205 393 3291 negocio.
425 3207 506 3272 Cum
530 3224 607 3272 vero
633 3225 673 3270 ex
698 3224 739 3270 ea
764 3203 910 3270 sobolem
936 3203 1202 3289 suscepissemus,

83 3320 295 3382 statueramus
320 3313 437 3401 pudori
464 3318 615 3400 suscepte
642 3311 743 3398 prolis
759 3311 937 3395 consulere,
964 3316 995 3376 et
1010 3311 1098 3394 quod
1123 3313 1204 3376 acci-

83 3423 178 3508 derat,
193 3425 257 3492 sub
273 3423 407 3491 silencio
424 3423 589 3508 preterire.
610 3422 839 3486 Verumtamen
866 3439 937 3486 cum
955 3421 997 3487 ab
1021 3420 1135 3487 amicis
1151 3442 1203 3487 no·

83 3532 150 3597 stris
175 3539 208 3598 et
225 3531 395 3614 utriusque
421 3549 519 3596 sexus
545 3527 703 3612 cognatis,
730 3547 868 3594 necnon
895 3533 927 3593 et
943 3527 1017 3594 aliis
1039 3528 1116 3595 viris
1133 3527 1204 3593 reli-

84 3637 177 3722 giosis
193 3659 295 3727 super
310 3639 424 3708 eodem
440 3637 527 3705 sacto
545 3657 624 3723 sepe
641 3654 860 3721 argueremur,
878 3648 916 3704 eo
933 3637 1021 3722 quod
1037 3637 1129 3705 nobis
1141 3657 1205 3702 nou

84 3753 164 3813 esset
178 3753 284 3814 tntum
300 3747 360 3813 tali
375 3747 495 3832 copula
511 3745 659 3829 detineri,
677 3765 737 3810 nec
752 3744 826 3828 ipsa
842 3764 863 3808 a
879 3744 974 3811 nobis
995 3745 1156 3812 secrecius
1173 3751 1205 3811 et

84 3850 272 3938 diligencius
298 3853 454 3935 inquisita
481 3853 618 3918 eandem
635 3851 973 3935 consanguineitatem
989 3853 1203 3937 inficiaretur,

85 3960 155 4026 vtile
171 3961 269 4030 nobis
284 3961 390 4028 visum
406 3961 476 4047 luit,
502 3961 647 4028 indebite
663 3961 903 4028 eoniuuccionis
929 3961 1088 4030 sustinere
1105 3961 1205 4026 disso-

86 4063 248 4154 luciouem,
275 4089 374 4153 quam
389 4068 588 4154 cohabitare,
607 4075 640 4134 et
656 4075 768 4135 contra
784 4069 931 4135 Ecclesia
951 4073 1156 4154 preceptum,
1174 4073 1206 4131 et

88 4171 294 4244 honestatem.
320 4177 402 4244 Cum
427 4195 503 4244 vero
520 4177 595 4262 ipsa
610 4195 735 4242 mecum
750 4181 838 4242 esset
853 4176 886 4240 in
905 4176 1036 4259 Regno,
1063 4191 1206 4240 accesse-

87 4292 154 4350 mnt
168 4285 337 4368 vti-iusque
363 4284 515 4370 cognati,
541 4287 574 4350 et
596 4289 742 4350 nostrum
766 4283 801 4349 in
826 4283 911 4348 iacie
927 4281 1072 4347 Ecclesia
1097 4299 1206 4345 coram

87 4389 252 4476 Episcopis
274 4391 440 4476 jndicibus
466 4390 640 4458 ordinariis
657 4391 761 4474 Regni
778 4389 882 4457 nostri
906 4387 1117 4473 impeciernut
1135 4407 1206 4452 con-

89 4500 226 4584 tractum,
255 4504 441 4566 asserentes
457 4497 550 4566 illum
565 4497 763 4584 impediente
782 4495 1084 4580 consanguineitate
1100 4496 1132 4561 in
1147 4503 1208 4562 ter·

91 4603 135 4668 cio
150 4603 280 4696 (modu)
292 4629 357 4675 non
374 4627 447 4674 esse
459 4607 648 4690 legitimum.
667 4605 766 4673 Citati
782 4606 893 4689 itaque
903 4605 1027 4690 pariter
1037 4624 1148 4676 sumus
1163 4603 1208 4672 ad

990 4722 1046 4782 14*
