3202 5190
385 537 512 604 Galieie
528 538 783 620 Lodomerieqne
798 539 867 604 Rex
883 539 915 604 in
933 547 1135 626 perpetuam.
1163 539 1253 603 Solet
1272 537 1411 622 simplex
1427 539 1507 604 veri·

384 655 437 711 tas
460 643 617 710 falsitatis
643 644 768 710 artibus
796 645 986 730 plerumque
1012 645 1061 710 sni
1089 643 1168 710 iuris
1194 644 1319 710 uiribus
1345 645 1508 726 onerasti,

385 751 447 818 nisi
463 752 566 837 Regis
590 751 791 818 auctoritatis
807 753 1021 820 conninenoia
1039 753 1090 818 ius
1107 772 1201 819 snum
1224 751 1451 837 impetrauerit
1465 752 1508 818 di-

384 859 523 942 ligenter
538 860 720 926 confirmari
736 857 956 945 (conservari,
974 863 1147 944 Hevenesy
1164 857 1308 946 sierint.)
1333 860 1507 926 llttenden-

384 973 433 1032 tes
450 967 560 1052 itaque
576 969 624 1034 rei
639 966 820 1050 ueritatem,
836 967 997 1049 quomodo
1014 967 1155 1050 gloriose
1172 967 1326 1034 memorie
1342 967 1427 1033 Bela
1443 970 1510 1034 Rex

385 1079 478 1160 pater
501 1085 612 1142 noster
630 1093 689 1160 pro
715 1075 1021 1159 recompensacione
1047 1074 1237 1158 monasterij
1262 1072 1363 1140 anin
1389 1071 1509 1159 (cneo,

384 1179 425 1245 H.
441 1179 511 1269 sn),
529 1181 616 1265 qnod
631 1181 754 1248 Wolfer
769 1179 923 1267 (Weber,
941 1181 980 1247 H.
998 1179 1058 1269 sn.)
1074 1189 1168 1267 pater
1179 1183 1249 1248 eins
1264 1180 1353 1247 fideli
1369 1201 1431 1247 suo
1447 1202 1509 1247 ser-

385 1287 470 1356 uioio
486 1289 610 1354 inuenit
634 1296 667 1354 et
683 1289 882 1372 construxit,
899 1291 987 1355 Aenn
1004 1287 1115 1375 (Benz,
1132 1289 1171 1354 H.
1189 1287 1248 1373 sn.)
1269 1287 1387 1356 Gomiti
1403 1309 1510 1355 mona·

385 1395 518 1462 sterium
543 1396 735 1482 (lopomuoh
759 1397 890 1464 nomine
914 1397 1067 1480 eontulit,
1094 1395 1180 1480 qnod
1205 1395 1293 1461 dioto
1309 1396 1394 1480 Regi
1411 1397 1448 1461 Β.
1466 1417 1508 1461 re·

386 1509 552 1569 manserat
567 1501 608 1568 de
618 1503 758 1569 Martino
776 1505 842 1571 lilio
854 1504 986 1589 Georgij
1005 1503 1045 1569 de
1062 1523 1181 1585 genere
1197 1501 1322 1588 Gador3
1342 1503 1378 1567 in
1394 1503 1510 1585 Regali

386 1611 578 1678 consistorio
604 1610 824 1681 decreuinrns.
852 1613 936 1677 sicut
960 1630 1128 1678 commune
1147 1610 1197 1675 ius
1224 1611 1398 1694 exigebat,
1426 1609 1510 1694 qnod

385 1725 576 1802 patronatus
592 1718 737 1784 Ecclesie
753 1717 946 1806 Copornuob
963 1717 1005 1784 ad
1022 1719 1106 1784 tilios
1122 1737 1208 1800 snos,
1231 1717 1371 1784 Michael
1388 1719 1512 1784 scilicet

386 1835 418 1892 et
434 1825 585 1910 Henrich,
602 1835 634 1891 et
649 1827 691 1892 ab
708 1826 755 1892 eis
772 1825 1004 1914 descendentes
1016 1825 1149 1891 deberet
1164 1825 1205 1891 de
1224 1833 1331 1892 cetero
1347 1833 1508 1911 spectare.

385 1933 447 2002 Pro
464 1955 502 2002 eo
520 1956 615 2018 vero,
644 1934 731 2018 quod
750 1937 782 2000 in
800 1935 945 2020 puericia
970 1955 1030 2000 sna
1047 1935 1095 2000 illi
1113 1934 1176 2001 dno
1197 1933 1315 2001 fratres
1341 1941 1439 2000 extra
1453 1937 1509 2000 Re·

387 2061 485 2128 gnum
502 2043 641 2126 fuerunt,
658 2050 691 2110 et
707 2063 763 2110 eos
779 2043 946 2110 Fabianus
963 2051 996 2108 et
1010 2043 1096 2109 Benz
1112 2062 1172 2128 pro
1188 2041 1334 2127 predicto
1350 2049 1509 2108 monaste-

385 2150 434 2216 rio
450 2149 569 2216 iniuste
594 2149 768 2215 molestare
785 2159 939 2236 ceperant
955 2157 987 2215 et
1002 2149 1222 2236 impetebnnt;
1249 2151 1353 2234 Regia
1374 2148 1508 2216 anctori-

386 2265 453 2323 tate
469 2257 654 2342 sancimus,
679 2258 768 2341 qnod
784 2279 849 2324 non
865 2259 912 2325 illi
930 2258 993 2324 dno
1009 2257 1137 2340 fratres,
1159 2257 1245 2322 Benz
1262 2257 1389 2322 scilicet
1405 2263 1439 2322 et
1452 2255 1508 2320 Fa·

386 2363 522 2449 bianus‚
549 2367 600 2431 nel
616 2366 660 2431 ab
676 2366 724 2431 eis
750 2365 1005 2452 descendentes,
1030 2366 1083 2431 nel
1103 2365 1215 2449 aliquy
1240 2365 1296 2449 slij
1313 2385 1375 2451 pro
1401 2363 1507 2448 aliquo

385 2473 455 2536 iure
471 2471 556 2538 dicte
572 2473 718 2540 Ecclesie
734 2473 818 2540 alios
835 2474 939 2540 dictos
956 2473 1037 2539 dnos
1055 2473 1191 2556 fratres,
1208 2470 1332 2538 scilicet
1347 2472 1393 2536 bl.
1411 2479 1445 2537 et
1458 2470 1505 2554 fl.

386 2579 438 2644 nel
453 2578 588 2645 heredes
605 2599 715 2646 eorum
732 2579 773 2646 de
790 2587 896 2647 cetero
912 2585 1104 2666 presumant
1114 2579 1270 2664 impetere
1287 2578 1341 2643 uel
1358 2580 1505 2646 molesta-

385 2703 430 2749 re.
449 2685 490 2750 Vt
506 2694 613 2751 antem
629 2687 693 2773 ipsi
709 2695 742 2754 et
757 2687 895 2753 heredes
913 2707 1033 2770 eorum,
1055 2686 1112 2770 filij
1131 2686 1217 2752 dicte
1227 2684 1374 2753 Ecclesie
1391 2687 1426 2752 in
1441 2703 1505 2770 per·

386 2797 517 2875 petuam
541 2801 775 2879 permaneant,
804 2795 850 2859 eis
876 2801 1058 2878 presentem
1083 2793 1240 2878 paginam
1267 2793 1377 2876 sigillo
1400 2799 1505 2858 nostro

385 2899 641 2968 corroboramus.
668 2902 789 2967 Datum
804 2921 863 2986 per
887 2921 1002 2968 manus
1027 2902 1150 2968 Thome
1169 2901 1323 2966 Albensis
1345 2897 1506 2985 Prepositi

385 3012 416 3072 et
431 3005 536 3074 tooins
551 3009 719 3094 Hungarie
735 3009 941 3093 cancellarij,
967 3029 1051 3075 anno
1067 3009 1110 3073 ab
1127 3007 1362 3074 incarnacione
1379 3005 1505 3075 Domini

385 3113 599 3181 ΜΡΟΟΡΧΙΙ.ο
618 3115 805 3182 Venerabili
830 3116 981 3181 Johanne
1001 3115 1215 3199 strigoniensi
1240 3115 1505 3199 Arobiepiseopo‚

385 3220 573 3287 Reuerendo
605 3221 779 3289 Bertholdo
806 3221 977 3290 colocensi
1001 3221 1259 3310 Archiepiseopo
1291 3231 1323 3286 et
1348 3219 1506 3286 Woinoda

386 3328 617 3412 existentibus3
636 3329 761 3396 Caleno
778 3329 1189 3413 Quinque-Ecclesiensem,
1207 3329 1401 3414 Gathapano
1418 3329 1505 3410 Agri-

387 3452 509 3520 ensem,
523 3433 665 3500 Roberto
676 3435 948 3520 vesprimiensem
965 3435 1131 3502 Ecclesiae
1148 3435 1284 3501 feliciter
1300 3433 1504 3518 gubernanti·

385 3539 455 3603 bus.
482 3539 576 3604 Bank
593 3541 743 3607 Palatino
760 3547 792 3605 et
807 3541 993 3607 Keweiensi
1010 3540 1153 3624 Comite,
1174 3541 1311 3607 llioaele
1327 3540 1421 3608 Bane
1446 3541 1505 3606 exi·

384 3643 563 3728 montibus,
589 3645 664 3711 Jola
679 3645 852 3711 Bachiensi
877 3655 910 3710 et
935 3646 1058 3712 Ouriali
1074 3646 1218 3730 Gemite,
1240 3645 1370 3712 Andren
1387 3646 1503 3713 Budro-

384 3750 499 3835 giensi,
517 3749 654 3818 Nicolso
670 3752 862 3820 Posoniensi
871 3752 1061 3837 comitibus,
1078 3754 1181 3839 Regni
1198 3755 1300 3821 nostri
1316 3775 1404 3822 anno
1416 3753 1500 3822 vm?

383 3948 521 4030 (Eredetis
533 3945 617 4012 utin,
638 3951 709 4016 moly
729 3947 900 4016 alririlynak
918 3951 1117 4017 rsndkivtllilog
1131 3967 1203 4016 nagy
1225 3949 1334 4017 pecstte
1353 3953 1423 4004 elntt
1443 3951 1503 4010 kalt,

383 4038 479 4088 hans
489 4036 606 4102 Ndndor‚
617 4040 732 4106 Magyar
742 4039 805 4091 Sion
815 4041 838 4090 1.
852 4041 909 4092 ker.
923 4044 984 4094 nol.
996 4041 1013 4091 l.
1024 4039 1149 4106 stdrndl
1159 4057 1224 4091 caen
1234 4038 1353 4107 okmlny
1362 4043 1502 4103 Harenas

382 4127 514 4177 ktzirotai
527 4125 593 4180 nttn
605 4129 637 4180 R.
651 4131 694 4180 er.
708 4146 744 4179 ss.
758 4131 801 4180 90.
814 4130 830 4180 l.
844 4131 894 4181 sok
906 4127 1033 4196 ldnyeges
1053 4129 1184 4183 hibtkksl
1197 4129 1338 4183 tallltonk
1354 4132 1418 4184 Cod.
1431 4130 1499 4197 Dipl.

788 4218 840 4270 111.
852 4218 907 4270 ket.
925 4220 947 4268 l.
961 4234 982 4268 r.
1000 4219 1058 4270 125.
1072 4216 1102 4286 l.)

811 4487 1079 4502 -..-..,..-...-....,.
