3200 5182
928 275 994 342 458

892 369 1047 382 n*-

393 467 511 555 judicij
536 472 703 538 sentencia
725 491 813 537 vana
836 471 1006 557 aufugiens
1036 475 1296 561 presumpcione,
1322 473 1367 541 ad
1380 481 1517 548 nomm

397 595 527 662 semper
548 577 709 662 judicium
725 597 746 643 a
762 575 894 648 domino
910 581 1001 664 Rege
1016 587 1066 646 est
1082 581 1247 648 remissus.
1274 581 1344 648 Nos
1360 582 1472 666 igitur,
1486 585 1517 650 li-

395 691 447 749 cet
461 683 588 751 iusticie
613 684 837 752 debuissemus
853 685 961 752 facere
986 687 1276 773 complementum,
1305 686 1349 753 ad
1365 691 1516 758 maiorem

395 797 505 858 tamen
521 792 683 859 cautelam
699 792 787 859 fame
800 797 910 860 nostre
922 790 1170 878 precauendam,
1189 795 1306 862 ambas
1322 805 1436 881 partes
1452 819 1516 884 pre

395 901 505 968 sencie
520 900 643 968 domini
658 901 759 985 Regis
776 899 911 967 fecimus
927 907 1048 988 astare,
1073 921 1205 970 cansam
1222 904 1420 990 eorumdem,
1439 906 1516 972 siout

394 1025 503 1074 coram
527 1009 620 1074 nobis
645 1027 832 1095 processum
847 1007 964 1094 fuerat,
988 1009 1168 1076 serietenus
1184 1011 1398 1096 explicantes,
1424 1021 1456 1080 et
1470 1034 1514 1078 ra·

392 1115 501 1183 ciones
517 1121 550 1182 ct
564 1117 720 1184 litteralia
735 1118 950 1184 instrumenta
965 1117 1104 1186 liliorum
1116 1117 1234 1204 Woyk,
1250 1140 1388 1204 quarum
1404 1121 1513 1206 vigore

391 1231 564 1307 spanatnm
589 1224 659 1290 siue
675 1223 869 1291 lmezeatnm
884 1226 918 1290 in
935 1225 1001 1292 iam
1024 1225 1094 1291 fata
1109 1231 1197 1293 terra
1212 1227 1404 1310 tenuissent,
1423 1249 1514 1316 expo-

390 1336 513 1398 nentes.
540 1329 620 1399 Gum
635 1331 746 1418 itaque
771 1333 867 1400 ambe
891 1341 1002 1418 partes
1025 1340 1102 1400 ante
1125 1333 1291 1402 deminum
1311 1337 1438 1420 Regem
1461 1337 1513 1403 diu

390 1437 612 1526 altercassent,
637 1441 723 1508 idem
740 1439 858 1508 Comes
874 1441 989 1508 Petrus
1005 1441 1039 1508 iu
1053 1461 1114 1508 sua
1130 1441 1313 1512 intencione
1327 1450 1443 1510 centra
1457 1446 1514 1512 Ru-

387 1547 500 1614 binum
516 1558 727 1617 memoratum
751 1551 897 1618 totaliter
915 1551 1044 1618 omnino
1068 1549 1205 1637 defecit,
1231 1573 1327 1637 quem
1347 1553 1511 1619 inuenera-

388 1677 459 1724 mus
474 1665 628 1744 tanquam
643 1661 932 1746 calumpniatorem
948 1659 1166 1744 remansisse,
1186 1661 1244 1728 sed
1259 1661 1304 1728 ad
1319 1661 1510 1748 peticionem

387 1765 512 1834 domini
537 1769 648 1853 Regis,
675 1775 707 1834 et
728 1775 935 1854 nostramet
957 1769 1208 1854 aliorumquam
1231 1769 1384 1856 plurium,
1408 1771 1509 1838 dictus

386 1874 532 1941 Rubinus
548 1874 876 1962 condempnacionem
892 1881 924 1942 et
939 1895 1067 1961 penam,
1084 1895 1183 1961 quam
1193 1879 1390 1962 merebatur,
1407 1877 1507 1944 eidem

385 1981 520 2068 remisit,
546 1991 578 2049 ct
592 1990 725 2071 propter
740 1984 861 2070 bonum
876 1983 968 2071 pacis
984 1989 1017 2049 et
1032 1984 1157 2050 sincera
1173 1984 1364 2050 dileccionis
1380 2004 1420 2050 ac
1435 1985 1506 2050 vici-

385 2091 498 2158 nitatis
515 2109 614 2178 super
628 2091 779 2159 omnibus
789 2091 926 2176 iniuriis,
943 2091 1177 2178 questionibus,
1194 2092 1435 2178 controuersiis,
1451 2092 1506 2160 ini·

385 2199 532 2285 micicijs‚
559 2197 721 2285 dampnis,
748 2199 959 2283 nocumentis,
983 2199 1140 2266 wlnernm
1164 2199 1381 2286 illacionibus,
1407 2205 1504 2268 morte

384 2305 607 2390 seruiencium,
624 2311 657 2372 et
672 2306 868 2391 generaliter
883 2305 1033 2391 dicendo,
1050 2325 1149 2394 super
1160 2307 1310 2374 omnibus
1324 2308 1421 2374 malis
1436 2309 1504 2375 bac

382 2421 477 2480 tenus
493 2413 577 2480 inter
602 2433 658 2481 eos
675 2421 787 2482 contra
803 2435 876 2486 sese
902 2417 1042 2483 inuicem
1066 2417 1187 2486 habitis
1211 2424 1245 2484 et
1259 2418 1367 2504 motis,
1393 2427 1425 2486 et
1439 2437 1503 2504 spe

382 2521 510 2588 cialiter
533 2543 593 2607 pro
608 2528 707 2610 terra,
733 2525 774 2592 de
790 2545 855 2609 qua
877 2527 919 2593 lis
935 2527 1020 2593 inter
1035 2528 1126 2614 ipsos
1142 2535 1215 2595 orta
1238 2527 1347 2596 suerat
1362 2537 1395 2596 et
1409 2527 1502 2596 susci·

380 2633 459 2712 tuta,
485 2629 678 2698 unanimiter
692 2631 726 2698 in
741 2633 841 2699 talem
856 2642 1013 2720 perpetue
1028 2642 1060 2701 et
1075 2635 1311 2703 indissolubilis
1335 2633 1500 2702 concordie

380 2737 532 2805 rnionem
548 2736 768 2807 deuenerunt:
785 2739 879 2818 Quod
896 2741 1001 2810 dictus
1016 2742 1132 2812 Comes
1147 2745 1263 2812 Petrus
1278 2752 1407 2830 partem
1421 2750 1500 2810 terre

379 2847 534 2934 predicte,
551 2867 649 2936 supra
665 2870 762 2933 quam
778 2850 858 2916 villa
874 2851 1062 2918 Kercsthwr
1076 2849 1121 2916 ad
1137 2852 1388 2936 generacionem
1396 2849 1500 2935 Woyu

378 2957 545 3042 pertinens
556 2958 670 3038 ,extitit
684 2955 829 3044 fundata,
847 2958 1140 3043 cumsessionibus,
1159 2960 1255 3026 terris
1271 2958 1498 3041 sacionalibus,

377 3064 466 3130 villis
482 3070 516 3130 et
530 3064 701 3152 libertinis,
727 3086 904 3152 earumque
919 3067 1143 3154 pertinenciJs,
1160 3067 1355 3134 adiacentiis
1375 3075 1408 3134 et
1421 3066 1497 3134 utili·

376 3171 500 3238 tatibus
522 3173 693 3260 uniuersis,
718 3175 805 3242 intra
821 3175 918 3242 certis
937 3175 1043 3260 metis,
1066 3175 1221 3260 terminis,
1248 3174 1497 3242 limitacionibus

377 3285 411 3347 ct
426 3281 529 3366 signis
545 3282 678 3350 inferius
694 3283 882 3370 declaratis,
907 3283 1036 3350 Bubino
1052 3282 1219 3368 sepedicto
1236 3281 1355 3348 eteius
1372 3300 1498 3366 genera·

376 3387 463 3454 cioni
480 3389 594 3455 annuit
611 3398 643 3457 et
659 3391 828 3476 concessit,
845 3389 1002 3458 heredum
1022 3391 1056 3456 in
1072 3389 1208 3456 heredes
1227 3397 1386 3475 perpetuo
1402 3386 1498 3474 possi-

376 3493 535 3580 dendam,
554 3498 653 3564 sliam
663 3518 740 3565 uero
757 3507 882 3584 partem
892 3497 1179 3584 terreprescripte‚
1196 3515 1296 3581 supra
1311 3515 1410 3579 quam
1425 3493 1498 3561 villa

375 3603 569 3686 Megeriwcb
585 3605 693 3671 extitit
702 3604 827 3690 sudata,
844 3625 916 3670 cnm
926 3604 1140 3682 sessionibus,
1157 3604 1252 3668 terris
1266 3601 1495 3684 sacionalibus,

374 3709 463 3775 villis
478 3715 511 3775 ct
526 3709 697 3794 libertinis,
725 3730 900 3793 earumque
914 3710 1133 3796 pertinencijs,
1153 3707 1356 3792 adieccncijs
1373 3714 1406 3774 et
1421 3707 1498 3775 utili-

373 3816 497 3887 tatibns
512 3817 671 3902 omnibus,
682 3817 800 3885 Comiti
814 3821 911 3885 Petro
921 3817 1086 3904 sepedicto
1096 3823 1128 3884 et
1143 3836 1201 3884 sue
1216 3815 1428 3899 generacioni
1443 3815 1499 3882 sub

373 3947 413 3994 ea
429 3925 619 3995 condicione
634 3928 687 3994 uel
703 3927 818 4013 forma,
843 3947 909 4011 qua
924 3925 1015 4012 prius
1033 3930 1215 4014 tenuerunt,
1241 3923 1330 3991 idem
1355 3924 1499 3992 Rubinus

372 4036 466 4102 modo
484 4037 583 4104 simili
600 4037 713 4104 annuit
737 4046 770 4104 et
785 4033 1119 4103 concessitbsredum
1134 4035 1168 4102 in
1184 4034 1321 4102 heredes
1341 4042 1498 4122 perpetuu

371 4144 614 4230 possidendam.
629 4145 696 4211 lmo
708 4163 835 4210 omnem
845 4144 1010 4210 accionem
1020 4147 1052 4208 ct
1063 4143 1131 4209 litis
1144 4142 1393 4229 proprietatem,
1403 4163 1499 4227 qnam

370 4253 456 4320 inter
471 4273 507 4320 se
522 4275 621 4341 super
645 4273 836 4338 quocunque
852 4254 937 4320 lacto
953 4251 1157 4336 habuissent,
1182 4251 1351 4318 habebant
1376 4251 1432 4318 uel
1447 4251 1498 4316 ba·

370 4359 447 4428 bere
462 4363 658 4430 uidebantur
674 4363 911 4450 quoquomodo,
937 4361 1020 4428 alter
1037 4360 1133 4428 alteri
1156 4359 1319 4429 commisit
1340 4363 1373 4425 et
1388 4377 1498 4425 renun-

371 4469 488 4550 ciauit;
515 4469 642 4535 litteras
660 4469 763 4534 eciam
785 4488 843 4554 per
868 4468 1099 4552 generaciones
1125 4467 1270 4554 ipsorum
1286 4467 1341 4532 uel
1366 4464 1496 4532 cosdem

369 4573 535 4661 bucusque
550 4575 634 4642 inter
650 4594 722 4641 sese
739 4594 836 4669 super
853 4575 950 4641 rebus
966 4575 1137 4668 premissis
1153 4574 1304 4643 obtentas
1320 4579 1354 4638 ct
1370 4590 1494 4638 emana-
