3164 5192
828 349 981 452 *aa*

343 551 479 618 chalem.
496 549 616 616 Datum
627 549 778 614 Laterani
794 545 852 635 (-
863 584 906 596 -
917 583 961 596 -
971 585 1015 596 -
1026 547 1137 614 Martii
1146 549 1356 616 Pontificatus
1368 548 1470 616 nostri

344 679 430 726 anno
446 655 577 744 primo.)
1285 675 1290 682 ·

347 837 486 903 (Theium,
499 839 599 890 Vetera
612 839 788 888 Monumenta
801 837 941 890 slavorum
954 837 1175 888 Meridionalinm
1185 840 1207 891 1.
1222 840 1277 892 kat
1290 837 1379 890 Bdma
1397 839 1473 890 1863.

544 933 569 980 2.
582 928 614 990 1.;
628 927 741 991 Farlati,
755 927 895 993 Illyricum
908 926 1020 978 Sacrum
1034 928 1085 980 IV.
1099 928 1156 980 kdt.
1169 931 1230 980 ³34.
1244 927 1274 996 l.)

799 1211 1012 1227 mn

884 1700 959 1770 lat.

354 1877 437 1944 Imra
451 1877 626 1964 kirdlyaulc
651 1877 743 1944 levale
758 1880 825 1948 III.
841 1879 932 1945 lucae
944 1881 1113 1969 pdpdlroa,
1128 1879 1265 1968 melyben
1289 1885 1398 1968 mapdt
1412 1881 1484 1947 roob

458 1983 553 2050 ellone
569 1989 743 2051 tdmuaztott
753 2007 879 2072 paucae
896 1987 1095 2053 tekintctdben
1111 1989 1264 2076 iyaaolja.
1281 1991 1379 2055 1199.

462 2181 650 2248 Reverendo
667 2183 700 2247 in
716 2179 846 2248 Christo
862 2181 948 2267 patri
966 2183 1154 2250 Innocentio
1169 2183 1230 2250 Dei
1246 2185 1354 2270 gratia
1369 2187 1485 2253 Sacro·

355 2297 469 2354 sancte
492 2291 636 2354 Romane
660 2289 806 2355 Ecclesie
831 2289 962 2356 Summo
987 2292 1153 2376 Pontifici,
1170 2291 1210 2360 H.
1229 2293 1345 2359 eadem
1370 2295 1483 2378 gratia

356 2396 533 2480 Hungaria
550 2397 719 2480 Damatie,
738 2396 911 2464 Choroatie
926 2400 1092 2484 Rameque
1107 2403 1187 2485 Rex,
1212 2401 1350 2468 salutem
1366 2409 1399 2468 ct
1414 2408 1486 2468 tam

358 2503 510 2569 devotam
527 2523 624 2586 quam
641 2503 784 2571 debitam
800 2507 835 2571 in
853 2507 995 2574 Domino
1013 2510 1235 2575 reverentiam.
1253 2508 1414 2587 Quoniam
1432 2530 1487 2594 pe

358 2629 417 2676 nes
432 2611 644 2676 Sanctitaten
668 2619 811 2678 vestram
837 2631 964 2679 summa
979 2620 1127 2700 potestus
1153 2621 1228 2700 post
1247 2617 1353 2683 Deum
1378 2623 1428 2684 est
1456 2623 1489 2682 ct

359 2717 547 2797 auctoritas,
572 2725 604 2783 et
619 2723 761 2784 vestrum
777 2727 827 2784 est
842 2719 1061 2805 spiritualium
1076 2719 1214 2788 filiorum
1230 2741 1348 2789 causam
1365 2706 1488 2790 affectu

359 2833 495 2910 paterno
511 2823 691 2909 discutere,
717 2827 854 2911 injurias
870 2827 1037 2912 Majestati
1054 2834 1164 2894 nostre
1180 2847 1201 2894 a
1217 2828 1310 2895 salsis
1331 2831 1488 2916 Principi-

362 2934 424 3000 bus
440 2934 571 3018 nostris,
598 2939 630 2999 et
646 2933 801 3020 precipue
817 2955 838 3000 a
853 2935 993 3001 Prelatis
1009 2936 1231 3002 Ecclesiarum
1251 2937 1363 3004 illatas
1379 2945 1490 3004 vestre

361 3040 549 3108 discretioni
565 3039 757 3125 detegimus.
774 3044 859 3109 Sane
870 3043 1002 3127 quidam
1012 3044 1248 3128 Episcoporum
1258 3045 1364 3129 Regni
1373 3047 1489 3130 nostri,

361 3147 447 3214 inter
463 3155 587 3215 ceteras
604 3147 814 3216 adversitatis
831 3169 968 3234 causas,
994 3150 1128 3217 fratrem
1143 3159 1300 3234 nostrum,
1318 3171 1359 3218 ex
1374 3154 1489 3221 ultimo

362 3255 534 3341 patrissui
550 3254 705 3323 mandato
716 3263 829 3323 contra
846 3257 994 3325 inimicos
1010 3257 1115 3324 crucis
1127 3265 1299 3342 armatum,
1316 3279 1414 3344 super
1429 3281 1491 3326 nos

361 3362 562 3446 reducentes,
579 3363 727 3429 eumdem
737 3365 841 3429 multa
855 3365 995 3430 latenter
1013 3365 1092 3431 data
1104 3367 1254 3452 pecnnia,
1273 3373 1372 3432 nianu
1391 3367 1491 3435 etiam

363 3469 617 3556 propinquorum
626 3489 752 3536 necnon
762 3471 900 3538 aliorum
912 3473 1018 3555 Regni
1031 3473 1233 3558 proditorum
1246 3473 1421 3540 adversum
1430 3497 1491 3543 nos

364 3575 594 3660 confoverunt;
612 3578 696 3642 inter
712 3597 794 3663 qnos
803 3579 978 3662 Bagiclaus
988 3579 1124 3647 Elvinus
1142 3579 1235 3668 (azaz
1246 3581 1419 3648 Boleslaus
1430 3583 1492 3649 Va·

365 3681 500 3767 ciensis)
515 3688 548 3747 et
563 3684 732 3750 lohannes
747 3686 986 3771 vesprimensis
1003 3683 1198 3775 (Episcopi),
1215 3689 1352 3772 perfidia
1367 3691 1493 3756 notabi-

365 3793 465 3858 liores
481 3791 617 3874 ceteris,
645 3793 788 3858 atrocius
805 3799 837 3858 et
860 3795 1004 3879 apertius
1019 3796 1054 3860 in
1069 3815 1129 3862 nos
1146 3796 1326 3880 sevierunt3
1355 3817 1493 3881 qnorum

365 3915 450 3964 unus
465 3896 501 3962 B.
519 3897 690 3964 Vaeiensis
702 3899 827 3982 Justam
843 3907 954 3967 nostre
976 3901 1110 3969 lesionis
1128 3903 1363 3986 querimoniam
1379 3923 1494 3988 prere-

365 4007 480 4090 niena,
506 4006 694 4072 thesaurum
710 4009 849 4075 ecclesie
863 4029 923 4075 nos
940 4010 1099 4096 rapuisse,
1117 4013 1216 4078 etiam
1234 4031 1270 4078 se
1284 4013 1495 4078 verberatum

367 4113 499 4181 anobis
515 4133 590 4180 esse
605 4116 779 4199 mentitus,
805 4115 977 4184 tirannidis
994 4119 1115 4184 crimen
1140 4137 1249 4185 coram
1264 4118 1358 4185 robis
1384 4126 1496 4186 nostre

367 4221 552 4287 innocentie
570 4223 734 4307 imposuit,
750 4221 835 4289 salso
859 4231 978 4307 tamen,
995 4228 1031 4289 ut
1046 4222 1206 4290 duximus.
1230 4223 1418 4290 Predictum
1434 4231 1497 4292 ete-

367 4328 436 4394 nim
451 4329 650 4414 Episcopum
667 4328 700 4396 in
717 4329 852 4397 crimine
867 4329 1061 4416 proditionis
1072 4329 1144 4413 jam
1158 4329 1285 4416 pridem
1307 4329 1496 4401 multotiens

367 4436 628 4523 demandantes,
648 4437 879 4521 aquibuadam
895 4441 964 4506 suis
981 4439 1185 4520 audivimus,
1213 4440 1298 4523 quod
1317 4440 1445 4506 litteras
1461 4439 1494 4504 in
1549 4525 1555 4536 ¹

366 4543 646 4628 perturbationem
669 4551 814 4612 nostram
831 4545 1050 4633 conscriptas,
1078 4567 1099 4612 a
1117 4545 1220 4614 fratre
1242 4553 1353 4615 nostro
1370 4555 1405 4614 et
1419 4547 1495 4614 aliis

377 4649 553 4718 nfidelibus
577 4653 808 4738 transmissas,
836 4658 868 4720 et
884 4653 926 4719 ab
945 4653 1019 4745 ipso
1044 4655 1123 4721 illuc
1147 4654 1437 4740 transmittendas,
1463 4661 1497 4726 et
1567 4675 1569 4680 ·
