3164 5192
867 311 935 380 260

338 529 447 579 eorum
463 507 628 576 dominnm
645 509 715 600 sine
732 529 824 577 mora
838 529 874 574 se
890 507 1030 576 asseruit
1045 507 1273 594 proiecturum.
1298 509 1389 575 Licet
1405 509 1467 594 igi-

336 623 388 685 tur
412 617 598 704 praedictos
623 615 874 686 Constantinum
897 617 1146 701 Presbyterum,
1172 623 1206 684 et
1229 617 1380 702 Sergium
1405 616 1466 684 (lo-

337 725 541 794 mestabilem
554 725 597 794 ad
611 727 833 814 praesentiam
844 733 989 795 nostram
999 725 1131 792 durans
1147 725 1368 811 destinandos,
1385 725 1467 810 quia

335 839 446 899 tamen
461 833 522 900 tibi
548 832 736 920 specialiter
761 841 959 901 memoratus
976 833 1097 900 nobilis
1113 834 1263 900 veniendi
1283 834 1327 899 ad
1341 853 1402 902 nos
1417 833 1467 899 la-

336 943 448 1010 borem
464 941 637 1028 imposuit,
663 950 696 1009 et
711 963 792 1009 onus
809 961 889 1008 suae
913 941 1088 1025 legationis
1109 941 1268 1026 injunxit,
1296 961 1467 1009 menemus

337 1048 573 1117 fraternitatem
587 1057 688 1134 tuam,
705 1051 957 1118 etexbortamur
973 1050 1139 1136 attentius,
1158 1055 1190 1116 et
1204 1049 1469 1137 perApostoliea

339 1159 465 1245 scripta
479 1159 684 1242 mandamus,
701 1165 871 1244 quatenus,
889 1159 919 1224 si
935 1177 1078 1243 unquam
1094 1158 1164 1224 fieri
1182 1162 1301 1244 potest,
1317 1155 1468 1223 familiae

338 1285 379 1332 ae
395 1265 652 1352 equitaturarum
668 1266 882 1352 multitudine,
901 1265 930 1331 si
946 1271 1096 1351 oporteat
1111 1263 1285 1350 derelicta,
1304 1271 1417 1332 nostro
1432 1272 1468 1330 te

339 1375 529 1460 conspectui
545 1379 780 1460 repraesentes.
808 1371 978 1440 Credimus
995 1373 1133 1456 etenim,
1161 1373 1248 1456 quod
1262 1372 1466 1456 usqueadeo

338 1487 446 1566 perte
461 1479 712 1548 certificabimur
726 1499 826 1565 super
842 1479 913 1564 bis,
938 1481 979 1546 de
995 1481 1111 1565 quibus
1128 1481 1275 1548 volumus
1298 1479 1385 1545 effici
1400 1497 1467 1544 cer·

337 1586 449 1670 tiores,
474 1588 561 1672 quod
576 1609 640 1656 non
656 1587 819 1674 oportebit
833 1607 894 1654 nos
919 1588 1058 1656 forsitan
1072 1587 1232 1673 praedicti
1252 1587 1371 1672 Legati
1385 1585 1466 1651 redi·

338 1699 406 1761 tum
422 1703 622 1782 exspectare,
639 1695 704 1764 imo
719 1701 864 1763 nostrum
874 1703 981 1762 tecum
994 1695 1170 1782 poterimus
1180 1695 1347 1762 destinare
1363 1693 1467 1776 Lega-

337 1807 406 1868 tum
415 1853 424 1888 ,
443 1821 501 1888 per
516 1822 611 1888 quem
626 1803 788 1872 desiderio
805 1811 838 1870 et
853 1803 1003 1890 petitioni
1022 1803 1153 1871 Domini
1169 1802 1385 1885 Bulgarorum
1400 1799 1466 1885 ple-

339 1909 413 1977 nius
429 1909 578 1978 satisdet.
604 1911 743 1978 Studeas
770 1911 871 1996 igitur
885 1910 919 1976 in
934 1911 1089 1997 Apuliam
1109 1911 1283 1996 navigare,
1311 1909 1466 1992 quoniam

340 2017 459 2084 exinde
474 2019 516 2084 ad
532 2019 753 2104 praesentiam
779 2025 926 2087 nostram
942 2025 975 2084 te
999 2019 1157 2086 iaciemus
1181 2037 1293 2086 secure
1318 2016 1465 2100 conduci,

339 2129 372 2190 et
386 2125 439 2192 vel
455 2125 589 2192 aliunde
598 2145 657 2212 per
670 2147 769 2213 mare,
787 2129 839 2194 vel
854 2134 985 2212 terram,
1002 2128 1046 2194 ad
1056 2135 1167 2213 partes
1181 2133 1256 2192 tuas
1270 2125 1334 2192 sub
1350 2145 1465 2192 securo

339 2233 498 2302 conductu
515 2233 644 2320 remitti,
661 2241 698 2300 ut
713 2241 821 2304 temon
837 2243 987 2323 oporteat
998 2236 1039 2303 de
1054 2235 1158 2302 reditu
1168 2235 1328 2302 dubitare.
1344 2235 1467 2300 Datum

339 2341 504 2408 Ferentini
527 2341 581 2408 1v.
599 2341 676 2410 Idus
692 2345 904 2430 Septembris.

478 2539 582 2608 (migne
595 2555 622 2593 u.
635 2545 710 2596 0.11.
723 2544 779 2595 ket
796 2545 855 2596 166.
868 2543 885 2596 l.
899 2561 906 2604 ς
925 2542 1043 2594 Theiner
1056 2557 1082 2593 u.
1096 2559 1123 2594 o.
1135 2543 1156 2592 1.
1171 2542 1227 2598 ket
1241 2545 1285 2594 21.
1299 2544 1328 2608 1.)

773 2849 1029 2862 *a

870 3345 945 3414 165.

469 3543 531 3607 III.
548 3544 639 3610 lacae
649 3545 807 3632 pdpciuale
821 3547 954 3612 ediusus
969 3545 1232 3614 Joooniriosnak.
1259 3549 1356 3613 1203.

448 3731 655 3805 innocentius
672 3740 854 3826 Episcopus
870 3749 930 3807 eto.
954 3741 1066 3808 Nobili
1082 3743 1152 3807 viro
1169 3741 1373 3828 Galojoanni,
1403 3745 1462 3811 Do-

341 3844 427 3910 mino
445 3845 669 3931 Bulgerorum.
694 3844 748 3931 (In
764 3847 902 3913 eundem
917 3846 986 3914 sere
1003 3849 1150 3937 modum,
1176 3851 1326 3932 usquein
1343 3849 1463 3940 finem.)

340 3949 421 4018 Gum
448 3973 526 4040 ergo
540 3954 817 4040 Archiepiscopus
842 3958 913 4043 ipse
930 3958 972 4024 ad
997 3979 1056 4025 nos
1083 3959 1278 4043 accesserit,
1304 3968 1339 4026 ut
1354 3981 1463 4046 spera·

341 4081 423 4148 mus,
439 4063 649 4150 petitionibus
666 4064 730 4130 tuis
746 4071 779 4130 et
794 4066 875 4150 ejus,
893 4075 1048 4150 quantum
1066 4089 1137 4136 cum
1153 4070 1224 4135 Deo
1241 4075 1274 4134 et
1292 4069 1465 4136 normate

339 4177 452 4236 nostre
467 4171 655 4256 poterimus,
674 4191 863 4256 annuemus,
881 4181 1011 4259 utpote,
1029 4176 1083 4258 qui
1101 4177 1321 4263 proponimus,
1338 4183 1409 4244 mm
1423 4185 1463 4263 te,

339 4293 436 4360 quam
460 4279 614 4363 populum
629 4288 704 4364 tuae
726 4279 947 4364 jurisdictioni
963 4283 1188 4366 commissum,
1216 4290 1248 4348 et
1263 4285 1297 4348 in
1312 4283 1377 4351 ilde
1393 4305 1465 4353 eon-

339 4383 468 4450 firmare
484 4383 663 4470 Oatholica,
681 4393 714 4451 et
729 4387 762 4452 in
778 4387 952 4454 devotione
969 4387 1064 4454 Sedis
1080 4389 1292 4474 Apostolioae
1314 4391 1463 4458 radicare

340 4509 380 4555 ac
394 4489 740 4578 honorarepersonam
759 4500 858 4577 tuam,
876 4495 959 4560 sicut
970 4495 1139 4561 Ecclesiae
1153 4495 1254 4562 filium
1277 4499 1463 4584 specialem.

340 4594 392 4662 Ad
408 4597 498 4680 haec,
515 4597 718 4666 nobilitatem
738 4608 827 4667 tuem
844 4622 1009 4669 monemus
1030 4609 1062 4668 et
1073 4603 1281 4671 exhortamur
1298 4605 1462 4689 attentius,
