3202 5190
876 315 1029 413 joa—

390 508 525 576 illustris
553 509 652 592 Regis
677 507 904 592 Hungarorum
931 509 1025 574 nobis
1052 509 1214 574 humiliter
1239 509 1458 598 supplicavit,
1486 517 1529 573 ut

389 616 660 701 compositionem
675 617 835 700 eamdem,
853 636 951 700 qnam
967 616 1148 701 sigillorum
1164 616 1403 701 praedictorum
1414 616 1530 682 Electi

338 761 342 772 ·
390 723 669 808 ctWaradiensis,
686 722 910 808 Oenadiensis,
928 723 1150 806 Ultrasilvani,
1168 722 1350 806 Agricnsis,
1367 729 1400 789 et
1416 721 1528 808 ipsius

392 831 654 918 Vesprumiensis
671 831 918 918 Episcoporum,
935 852 995 898 nec
1009 851 1074 896 000
1085 831 1309 917 capitulorum
1326 829 1525 898 colocensis

391 946 424 1005 et
439 937 631 1004 Baebiensis
646 939 741 1006 nobis
757 938 903 1006 exhibuit
918 941 1093 1006 munimine
1106 939 1303 1022 roboratum,
1320 937 1524 1004 auctoritate

391 1043 601 1128 dignaremur
616 1045 809 1132 Apostolica
823 1047 1034 1132 confirmare,
1051 1047 1143 1130 cujus
1158 1055 1251 1114 tenor
1267 1045 1345 1111 talis
1362 1051 1436 1112 est:

498 1153 535 1219 10
552 1153 680 1220 nomine
698 1152 804 1219 Patris
820 1153 882 1220 stb.
899 1149 1156 1239 (miuthjernel
1172 1151 1251 1219 Ood.
1264 1153 1351 1238 Dipl.
1368 1153 1429 1218 111.
1449 1152 1523 1218 iniit.

393 1261 422 1324 1.
439 1279 464 1324 r.
486 1261 559 1326 131.
578 1259 615 1348 l.)

501 1364 646 1450 Cumque
662 1385 760 1452 super
786 1365 837 1432 his
853 1386 926 1432 cnm
949 1365 1105 1431 fratribus
1121 1365 1240 1432 uostris
1255 1365 1438 1431 deliberare
1455 1365 1524 1430 vel-

393 1472 507 1556 lemus,
525 1472 636 1539 dilecti
651 1471 708 1538 filii
724 1471 868 1540 Jacobus
887 1470 1525 1538 801010011οιιο011110010001100001000

391 1579 530 1664 praelati
547 1579 792 1666 Archiepiscopi
810 1579 930 1662 nuntii,
955 1587 988 1645 01
1003 1580 1044 1644 Μ.
1062 1579 1312 1662 Tbesaurarius,
1339 1587 1371 1645 et
1386 1578 1438 1644 Jo.
1462 1578 1525 1643 Ar-

392 1686 601 1752 chidiacouus
616 1687 867 1771 strigoniensem
884 1691 1109 1773 procuratores
1133 1685 1232 1751 vestri
1252 1685 1411 1770 petierunt
1426 1705 1449 1749 a
1467 1707 1525 1751 no·

392 1791 443 1859 bis
459 1792 658 1860 audientiam
684 1793 748 1859 sibi
764 1793 846 1860 dari.
872 1794 945 1872 Qua
961 1793 1042 1879 ipsis
1057 1793 1097 1858 de
1119 1811 1205 1857 more
1222 1811 1388 1876 concessa,
1413 1793 1523 1858 nuntii

392 1917 590 1987 proposuere
607 1899 777 1986 praedicti,
794 1900 880 1984 quod
896 1901 980 1966 inter
996 1899 1163 1984 praefatos
1176 1898 1468 1985 Arcbiepisaopum
1485 1909 1522 1964 et

391 2007 602 2072 Golooensem
619 2007 765 2073 Electum
782 2015 815 2072 et
838 2025 948 2072 eorum
964 2005 1197 2088 suffraganeos
1222 2005 1298 2070 talis
1322 2006 1521 2091 compositio

391 2113 564 2180 interuenit
574 2163 583 2198 ,
611 2119 644 2180 ut
661 2115 766 2199 prima
781 2113 949 2181 coronatio
966 2117 1091 2198 Regum
1108 2113 1307 2196 Hungariae,
1331 2114 1521 2196 ubicunque

390 2222 424 2286 in
441 2221 513 2306 ipso
530 2223 642 2305 Regno
659 2241 717 2288 eos
733 2221 872 2306 primum
889 2222 1088 2305 contingeret
1104 2219 1262 2301 coronari,
1280 2221 1381 2286 solius
1392 2219 1519 2302 Strigo·

392 2329 515 2394 niensis
531 2327 699 2392 Ecclesiae
710 2327 794 2411 juris
811 2333 917 2409 essct,
942 2333 973 2392 et
989 2332 1147 2410 monetae,
1166 2325 1347 2410 ubicunqne
1364 2326 1521 2392 cuderen-

391 2435 492 2499 turin
509 2435 630 2517 Regno,
648 2433 698 2498 vel
710 2433 798 2498 illius
814 2433 901 2516 quod
914 2433 984 2500 loco
995 2435 1202 2516 colligeretur
1213 2439 1370 2518 monetae,
1387 2433 1520 2499 decima

393 2541 436 2606 ad
453 2539 601 2606 eamdem
618 2540 798 2607 Ecclesiam
814 2541 1004 2626 pertineret,
1026 2561 1065 2607 ac
1079 2541 1217 2626 dilectus
1234 2542 1266 2606 in
1282 2542 1412 2608 Christo
1429 2541 1520 2608 lilius

392 2649 431 2714 Α.
442 2647 579 2714 illustris
595 2648 675 2731 Rex,
693 2654 726 2712 et
741 2648 935 2714 charissima
950 2649 984 2714 in
994 2647 1123 2715 Christo
1143 2649 1212 2716 filia
1224 2698 1232 2714 .
1245 2700 1253 2717 .
1267 2702 1274 2718 .
1287 2650 1520 2733 Hungarorum

392 2756 518 2840 Regina
534 2775 592 2840 per
610 2774 688 2820 suas
704 2776 725 2821 a
740 2755 834 2822 nobis
861 2755 986 2822 litteras
1007 2762 1173 2841 peterent,
1202 2762 1360 2840 quatenus
1376 2757 1518 2840 primam

391 2861 501 2928 sedem
511 2861 714 2948 primamque
732 2883 844 2930 vocem
862 2883 935 2930 cum
948 2863 1076 2947 juribus
1092 2863 1298 2949 supradictis,
1315 2883 1398 2948 quae
1409 2863 1519 2930 dictus

390 2971 460 3038 Rex
478 2975 509 3034 et
525 2969 612 3035 dicta
627 2970 763 3055 Regina,
780 2991 919 3038 necnon
936 2977 968 3036 et
983 2991 1061 3055 pars
1071 2969 1258 3038 colocensis
1278 2969 1407 3056 publice
1424 2993 1518 3057 prae·

390 3076 479 3144 satae
495 3075 712 3162 strigoniensi
736 3083 992 3161 recognoverunt
1007 3077 1192 3161 Ecclesiae,
1219 3077 1283 3163 ipsi
1306 3080 1459 3164 perpetui
1473 3079 1517 3144 di-

392 3204 565 3271 gnaremur
580 3183 745 3272 privilegii
764 3185 947 3259 munimine
963 3186 1133 3270 roborare,
1160 3205 1258 3270 super
1274 3185 1348 3250 aliis
1368 3206 1459 3270 vero,
1477 3186 1516 3252 de

392 3292 509 3377 quibus
525 3293 679 3359 intereos
695 3311 768 3357 0000
784 3291 957 3359 videbatur
972 3291 1152 3376 contentio,
1177 3297 1309 3379 propter
1324 3292 1446 3358 bonum
1464 3312 1515 3378 pa-

394 3399 505 3465 010010
531 3399 655 3466 exstitit
679 3399 881 3483 ordinatum,
909 3405 944 3464 ut
959 3417 1017 3464 nec
1033 3397 1221 3465 Oolocensis
1246 3401 1280 3464 in
1298 3397 1515 3484 strigoniensi

390 3505 566 3591 provincia,
577 3527 636 3573 nec
646 3505 878 3590 Strigoniensis
889 3506 922 3571 10
936 3504 1107 3573 (1010000οἰ
1121 3512 1250 3591 praeter
1266 3505 1437 3591 praedicta
1454 3507 1513 3573 sibi

388 3615 472 3698 juris
498 3613 624 3696 aliquid
646 3613 846 3698 vindicaret,
872 3613 1066 3680 auctoritate
1081 3613 1115 3678 in
1139 3613 1287 3680 omnibus
1304 3615 1513 3702 apostolicae

393 3719 488 3786 Sedis
504 3720 616 3804 salva;
642 3721 688 3786 ita
703 3720 790 3804 quod
806 3721 835 3787 si
851 3721 932 3787 haec
948 3741 1013 3790 000
1029 3721 1289 3807 approbarentur
1304 3743 1325 3787 a
1340 3721 1448 3806 nobis,
1465 3739 1513 3786 res

391 3829 424 3893 10
441 3847 479 3894 00
495 3833 602 3912 statu,
626 3827 659 3893 in
675 3847 738 3912 quo
754 3833 831 3892 tunc
845 3827 952 3894 iuerat
967 3833 1160 3895 remaneret.
1185 3827 1278 3894 Unde
1298 3828 1458 3912 quidquid
1473 3826 1512 3893 sit

391 3937 556 4024 scriptum,
573 3938 622 4003 rel
636 3937 782 4022 juratum
798 3955 871 4004 esse
887 3937 1031 4021 dicatur,
1058 3937 1119 4004 boc
1135 3941 1243 4003 actum
1258 3944 1291 4004 01
1313 3937 1510 4004 intellectum

392 4063 502 4113 00000
526 4044 674 4130 partibus
701 4045 923 4128 asscrebant,
936 4051 968 4112 et
984 4042 1065 4110 illud
1090 4063 1132 4109 ex
1156 4051 1251 4128 parte
1266 4042 1509 4130 Archiepiscopi

392 4151 575 4219 confirmari
590 4173 610 4217 a
626 4151 719 4219 nobis
736 4151 927 4237 suppliciter
944 4151 1173 4236 postulabant,
1198 4157 1380 4218 asserentes
1401 4153 1450 4220 010
1463 4169 1510 4236 ac·

391 4266 460 4326 turn
484 4268 516 4326 et
540 4259 740 4326 intellectum
765 4257 884 4344 fuisse,
910 4259 997 4325 idem
1017 4259 1292 4346 Arcbiepiscopns
1317 4265 1350 4325 et
1374 4257 1508 4345 praeisti

392 4367 561 4453 Agriensis
577 4375 610 4432 01
620 4365 808 4433 (1000100010
819 4366 974 4453 Episcopi
988 4366 1056 4433 suis
1072 4365 1188 4432 litteris
1204 4365 1422 4452 declararant.
1438 4367 1507 4431 Pro·

390 4480 556 4560 curatores
581 4494 657 4542 vero
683 4475 782 4541 vestri
807 4493 1006 4561 proposuere
1031 4479 1236 4559 constanter,
1262 4473 1350 4558 quod
1372 4473 1505 4542 ism-illa

391 4583 601 4670 compositio,
627 4603 724 4668 qnam
749 4583 915 4651 redactam
940 4583 1118 4668 inscriptis
1144 4583 1313 4668 praefatus
1331 4581 1503 4670 Episcopus
