3218 5192
595 951 650 1022 97.

53 1133 117 1198 ΙΙΙ.
136 1133 247 1200 Orba'n
257 1140 350 1221 pdpo
366 1159 387 1201 a
403 1135 525 1201 bocboc-i
547 1135 761 1202 kerccztccckct
775 1159 814 1202 aa
829 1137 1048 1223 apostolisatis
1059 1136 1188 1225 pdrlfo·

434 1247 514 1331 prisc
529 1241 586 1308 ald
602 1245 691 1310 cccci
714 1245 811 1310 1184.

162 1441 318 1507 Urbanus
344 1440 530 1528 Episcopus
554 1461 667 1508 servus
690 1461 857 1508 servorum
874 1443 937 1508 Dei
961 1444 1087 1510 dilectis
1111 1443 1186 1510 liliis

53 1550 225 1616 llatthaec
240 1549 370 1617 Rectori
387 1557 420 1616 et
442 1549 599 1616 fratribus
616 1550 843 1617 Cruciferariis
869 1553 1051 1638 Hospitalis
1076 1553 1186 1620 Sancti

51 1659 142 1724 Petri
155 1657 289 1743 Boicae,
306 1665 374 1724 tam
384 1657 612 1743 praesentibus
629 1677 726 1742 quam
737 1658 854 1724 futuris
865 1679 1068 1726 communem
1084 1661 1186 1727 vitam

52 1764 249 1832 ducentibus
260 1765 294 1830 in
305 1771 497 1852 perpetuam
507 1765 705 1830 memoriam.
718 1765 753 1830 F.
764 1765 827 1830 ΡΡ.
839 1766 915 1831 ΜΜ.
928 1766 1086 1834 Effectum
1093 1769 1187 1853 juata

51 1873 298 1959 postulantibus
314 1873 506 1955 indulgere,
531 1880 563 1938 ct
579 1873 673 1957 vigor
687 1875 833 1959 postulat
848 1875 1033 1960 aequitatis,
1059 1881 1092 1941 ct
1108 1875 1185 1944 crdo

53 1981 158 2066 exigit
173 1981 335 2066 rationis;
360 1981 554 2068 praesertim
578 1979 709 2066 quando
734 1982 912 2067 petentium
938 1983 1137 2050 voluntatem
1154 1991 1187 2050 ct

54 2091 162 2176 pictas
178 2089 329 2174 adiuvat,
355 2099 387 2156 et
403 2089 527 2156 veritas
543 2110 608 2155 non
624 2090 788 2175 relinquit.
804 2092 987 2177 Eapropter
996 2142 1006 2176 ,
1029 2092 1136 2158 dilecti
1153 2092 1186 2156 in

52 2197 197 2266 Domino
213 2197 292 2283 filii,
319 2197 438 2264 vestris
450 2197 550 2283 justis
575 2198 853 2284 pustulationibns
880 2199 1056 2266 clementer
1074 2199 1185 2266 annui-

53 2326 135 2392 mns,
154 2314 187 2375 et
203 2305 388 2393 praefatum
403 2307 567 2392 hospitale
578 2306 690 2373 Sancti
707 2307 795 2373 Petri
812 2307 852 2374 de
868 2309 984 2376 Boiscc
998 2331 1070 2377 cum
1088 2311 1185 2378 omni·

52 2417 123 2500 bus,
143 2436 230 2510 quae
248 2417 282 2481 in
296 2417 557 2503 praesentiarum
569 2416 659 2500 juste
675 2423 707 2481 et
725 2416 882 2483 canonice
898 2418 1056 2503 possidet,
1081 2418 1185 2484 autin

51 2522 197 2590 futurum
215 2523 426 2591 concessione
442 2523 645 2608 Pontificum,
662 2524 839 2608 largitione
855 2525 979 2610 Regum
998 2527 1050 2591 vel
1066 2525 1185 2591 Princi-

52 2652 139 2717 pum,
159 2630 327 2698 cblatione
342 2631 496 2716 fidelium,
513 2651 571 2697 sen
588 2632 661 2697 aliis
673 2631 774 2716 justis
791 2631 896 2697 modis
916 2638 1106 2717 praestante
1122 2633 1185 2700 Do-

53 2739 141 2805 mino
157 2739 281 2825 poterit
305 2737 466 2824 adipisci,
494 2739 555 2804 sub
572 2738 667 2804 Beati
687 2738 775 2804 Petri
793 2746 825 2804 et
848 2746 962 2806 nostra
986 2741 1185 2824 protectione

53 2845 265 2932 suscipimus,
282 2866 322 2912 ac
331 2847 515 2932 praesentis
531 2845 645 2931 scripti
661 2845 835 2931 privilegio
847 2847 1100 2931 communimus,
1122 2855 1181 2913 sta·

50 2939 193 3038 tuentes,
211 2963 247 3022 ut
262 2974 303 3022 ea
318 2955 411 3020 firma
420 2953 525 3038 vobis,
543 2953 724 3036 vestrisque
741 2952 993 3038 successoribus,
1012 2963 1043 3020 et
1058 2955 1186 3022 illibata

51 3067 285 3148 permaneant.
302 3061 533 3130 Possessioncs
550 3065 657 3126 autem
672 3061 755 3126 istas
773 3058 923 3126 duximus
934 3063 1071 3147 propriis
1087 3063 1186 3129 nomi-

52 3170 150 3235 nibus
167 3167 412 3256 exprimendas.
428 3169 552 3235 Locum
562 3169 680 3254 ipsum,
698 3168 731 3233 in
749 3187 812 3251 qno
828 3167 1012 3254 praefatum
1023 3167 1186 3253 hospitale

52 3279 152 3344 situm
169 3285 222 3344 est
238 3297 312 3344 cum
327 3277 475 3345 omnibns
492 3277 698 3362 pertinentiis
710 3277 797 3360 suis;
815 3277 996 3342 Ecclesiam
1013 3276 1054 3342 de
1070 3277 1185 3343 Boisce

52 3386 256 3473 inpartibus
283 3385 479 3454 Sclavoniae
503 3385 665 3472 positam,
690 3403 789 3469 quam
813 3384 977 3452 Nonensis
1002 3385 1185 3472 Episcopus

53 3493 161 3562 ordini
187 3499 298 3561 vestro
328 3493 566 3561 rationabiliter
597 3491 799 3576 assignavit,
831 3491 915 3558 sicut
938 3493 972 3558 in
1000 3492 1185 3560 authentico

52 3602 160 3688 ipsius
176 3602 301 3687 scripto
316 3601 464 3686 plenarie
488 3599 689 3683 continetur,
706 3597 801 3665 vobis
819 3603 850 3665 et
866 3601 1108 3668 successoribus
1134 3621 1184 3668 vc·
1275 3619 1279 3628 ¹

53 3711 130 3778 stris
146 3709 344 3777 auctoritate
360 3709 551 3797 Apostolica
567 3709 812 3791 confirmamus,
835 3713 867 3773 et
883 3707 1040 3792 quidquid
1058 3711 1186 3777 habetis

53 3819 85 3885 in
99 3820 186 3903 loco,
206 3818 261 3902 qni
279 3817 397 3885 dicitnr
414 3817 588 3884 Palatium.
607 3817 694 3884 Sanc
708 3814 877 3882 novalium
892 3822 1083 3902 vestrorum,
1101 3838 1186 3901 quae

53 3925 197 4012 propriis
224 3926 375 3993 manibus
391 3927 444 3992 vcl
470 3923 653 4011 sumptibus
678 3921 805 4007 colitis,
834 3923 904 3988 sive
921 3923 962 3990 dc
979 3925 1185 3991 nutrimentis

52 4039 237 4101 uestrorum
265 4032 474 4119 animalium,
501 4032 610 4099 nullus
637 4029 678 4098 de
698 4031 790 4098 vobis
817 4030 961 4098 decimas
987 4032 1117 4117 exigere
1133 4032 1186 4096 vel

53 4148 250 4226 extorquere
265 4147 465 4226 praesumat.
483 4141 595 4208 Liceat
606 4157 734 4226 quoqne
753 4140 844 4208 vobis
860 4139 997 4207 clericos
1013 4141 1066 4206 vel
1081 4139 1185 4205 laicos

53 4249 221 4316 esseculo
238 4247 412 4335 fugientes,
429 4249 550 4316 liberos
566 4255 599 4315 et
614 4249 792 4332 absolutos,
810 4247 853 4314 ad
869 4248 1114 4315 conversionem
1135 4266 1185 4312 vc-

54 4365 157 4425 stram
172 4357 342 4445 recipere,
369 4363 401 4425 et
416 4377 472 4425 ecs
489 4358 614 4444 absque
630 4355 885 4426 contradictione
907 4356 1019 4439 aliqua
1035 4355 1185 4444 retinere.
1256 4369 1261 4376 ·

53 4465 270 4533 Decemimns
286 4485 376 4553 ergo,
405 4471 439 4532 ut
455 4451 536 4534 nulli
553 4467 682 4534 omnino
699 4466 866 4534 hominum
888 4465 988 4530 liceat
1003 4461 1186 4549 praelatum

53 4572 222 4662 hospitale
247 4581 371 4642 temere
395 4577 603 4662 perturbare,
631 4579 688 4642 aut
703 4575 772 4642 eius
793 4573 1020 4666 possessiones
1046 4570 1183 4654 auferre,

54 4683 106 4755 rel
122 4681 258 4757 ablatas
274 4683 422 4770 retinere,
440 4681 594 4776 minuere,
610 4701 669 4750 seu
685 4683 939 4776 quibuscumque
955 4679 1183 4749 vexationibus
