3238 5184
879 341 1037 443 „45⁶-

395 533 507 619 gistris
522 535 745 602 existentibus.
762 536 840 602 Jnla
855 536 1027 604 Woiwada
1044 539 1215 606 existente.
1239 541 1362 607 Datum
1382 560 1442 626 per
1458 559 1527 605 ma-

393 661 455 708 nus
470 642 592 710 Mathis
607 645 768 729 Prepositi
785 647 858 712 aule
873 652 983 714 nostre
998 647 1206 732 Cancellarij.

394 837 529 905 (Eredetu'e
540 837 712 908 uersuram,
731 859 749 894 a
760 842 1012 912 violaieherstrga
1021 846 1246 913 relyemrsintron
1259 848 1368 914 fdggdtt
1380 845 1474 914 peccet
1487 846 1527 898 el·

644 937 764 996 vesaett3
784 949 801 984 a
813 934 896 987 budai
909 936 936 986 tr.
950 937 1073 989 kamarai
1085 932 1274 1004 levdlttrban)

828 1239 1095 1252 Μ

926 1685 1003 1754 306.

398 1865 479 1929 Rota
502 1863 606 1952 isjadd
621 1867 729 1952 kirtly
754 1867 996 1954 oapyatpjdnak
1011 1869 1075 1934 III.
1091 1869 1238 1934 Bolomk
1257 1891 1277 1932 a
1294 1867 1529 1954 Gdrdyorezdy·

398 1970 461 2036 dua
476 1972 590 2038 vitdar'td
604 1973 742 2038 tarezolt
758 1973 825 2038 Lod
841 1977 872 2038 e's
892 1973 1007 2040 Tamde
1022 1977 1139 2040 sozom
1154 1975 1242 2040 adott
1258 1973 1529 2060 cdomdnyleoeldt

575 2078 773 2167 tertalmidop
788 2085 864 2168 ajrc
881 2079 1033 2164 diodonis,
1051 2082 1246 2168 meyer-detti..
1263 2084 1281 2145 Ι
1287 2083 1362 2146 230.

507 2278 588 2343 Bela
603 2276 665 2342 Dei
681 2277 795 2362 gracia
810 2277 891 2362 Rex,
907 2277 1142 2364 primogenitus
1158 2277 1258 2364 Regis
1274 2277 1440 2361 Hungarie
1461 2278 1530 2344 vni-

399 2385 504 2451 uersis
530 2391 698 2470 presentes
723 2385 850 2452 litteras
866 2385 1061 2472 inspecturis
1078 2389 1217 2453 salutem
1238 2387 1272 2453 in
1287 2407 1336 2468 co,
1365 2387 1420 2471 qni
1436 2387 1528 2452 salus

399 2491 542 2559 omnium
558 2499 618 2558 cst.
635 2491 716 2560 Cum
725 2495 892 2562 voluntate
909 2494 1011 2580 patris
1021 2495 1134 2578 nostri,
1155 2501 1187 2560 et
1204 2499 1328 2560 maturo
1338 2493 1529 2578 Principum

399 2605 485 2666 terre
502 2605 611 2667 nostre
622 2602 758 2670 consilio
774 2599 1029 2688 perpetuitatem
1040 2601 1236 2669 donaciones
1247 2600 1402 2667 inutiliter
1420 2599 1529 2666 saetas

399 2727 639 2794 reuocaremns,
656 2709 774 2795 optulit
792 2709 887 2776 nobis
905 2708 1030 2776 Ghama
1046 2709 1132 2776 filius
1148 2710 1227 2796 Lob,
1244 2715 1329 2775 terre
1348 2718 1458 2777 nostre
1475 2729 1531 2776 no-

400 2815 487 2902 bilis,
504 2815 667 2902 quoddam
684 2815 891 2904 priuilegium
907 2816 961 2902 pie
977 2817 1218 2885 recordacionis
1241 2819 1294 2884 avi
1311 2817 1413 2884 nostri
1430 2837 1531 2900 quon-

400 2925 476 2991 dam
493 2925 570 2990 Belc
587 2925 697 3010 Regis,
715 2943 904 2992 eoncessum
922 2944 1021 3011 super
1038 2923 1218 2993 donacionc
1237 2945 1354 2992 nouem
1369 2929 1532 2992 terrarum

399 3053 457 3101 seu
480 3034 742 3118 possessionum
767 3033 856 3116 quod
870 3032 1076 3119 postmodum
1098 3032 1186 3119 apud
1207 3053 1267 3100 nos
1283 3053 1362 3099 casu
1378 3033 1531 3099 acciden-

400 3149 443 3227 te,
468 3144 521 3207 vcl
537 3162 578 3207 ex
594 3142 853 3228 improuidenoia
868 3147 918 3207 est
935 3142 1101 3209 amissum.
1127 3143 1196 3209 Nos
1220 3161 1299 3226 ergo
1325 3142 1532 3209 consideran·

399 3254 448 3315 tes
464 3249 560 3316 fidele
576 3255 608 3316 et
631 3249 938 3316 excellentissimum
957 3251 1131 3318 seruitium
1146 3252 1216 3319 Lob
1233 3250 1336 3336 patris
1351 3251 1468 3336 ipsius,
1499 3258 1533 3318 et

400 3358 523 3425 Thome
539 3356 651 3424 fratris
673 3357 830 3444 eiusdem,
847 3357 933 3442 quod
950 3358 1169 3425 exhibuerunt
1184 3360 1217 3424 in
1239 3355 1368 3442 Grecis,
1392 3357 1534 3424 fideliter

400 3466 611 3550 invigilantes
637 3465 739 3551 Regio
763 3465 948 3550 Maiestati,
973 3471 1005 3531 et
1021 3466 1136 3534 honori
1162 3485 1264 3550 usque
1290 3465 1334 3531 ad
1358 3465 1534 3550 sanguinis

400 3575 590 3642 effusionem
606 3574 792 3642 dimicando
809 3593 845 3642 se
859 3575 953 3644 morti
971 3574 1102 3641 tradere
1119 3596 1185 3642 non
1204 3573 1439 3659 formidantes;
1455 3594 1534 3659 quo·

398 3703 470 3748 rum
494 3682 641 3768 probitas
667 3690 699 3749 et
722 3682 866 3768 insignia
891 3683 979 3750 facta
996 3687 1028 3749 et
1053 3683 1192 3749 seruicia
1219 3683 1356 3748 fideliter
1387 3681 1535 3749 exhibita

400 3789 603 3884 Ompudinus
618 3795 694 3856 tunc
705 3789 825 3874 Banna,
842 3790 1100 3856 etLeustachius
1110 3789 1270 3875 Voyvoda
1286 3789 1329 3854 ad
1345 3808 1444 3856 aures
1455 3790 1535 3856 Belc

400 3900 501 3985 Regis
526 3904 559 3964 et
582 3897 737 3965 noticiam
763 3898 963 3984 retulerunt,
989 3919 1061 3965 cnm
1081 3899 1198 3983 quibus
1223 3897 1300 3964 dicti
1326 3899 1474 3965 homines
1501 3899 1535 3964 in

402 4008 522 4076 Grecis
538 4006 770 4074 militauerant.
787 4007 829 4072 Et
845 4012 980 4092 propter
994 4011 1043 4074 tot
1057 4007 1201 4091 insignia
1217 4006 1385 4092 virtutum,
1407 4011 1440 4071 et
1456 4007 1535 4091 qnia

401 4118 517 4185 merita
543 4137 607 4184 non
633 4115 753 4181 debent
777 4113 966 4181 defraudari
992 4116 1129 4201 premio,
1157 4115 1242 4182 idem
1258 4113 1341 4180 Bela
1356 4115 1428 4181 Rex
1452 4135 1535 4182 auus

400 4233 510 4296 noster
525 4224 661 4294 contulit
676 4229 708 4290 et
724 4223 921 4291 condonauit
942 4225 1008 4290 Lob
1024 4231 1056 4291 et
1071 4225 1195 4292 Thomc
1212 4245 1271 4310 pro
1287 4223 1460 4290 fidelitatis
1476 4245 1535 4291 sue

404 4333 594 4403 constancia
617 4333 855 4419 possessiones,
881 4332 1036 4399 videlieet
1061 4333 1205 4417 Besscel,
1223 4331 1468 4416 Ombozteleke,
1485 4333 1535 4398 Fi·

400 4441 555 4527 zestelek,
572 4440 762 4527 Popteleke,
774 4438 1007 4527 Kundurmart,
1024 4443 1145 4525 Mohal,
1160 4439 1329 4506 Deueeher
1345 4438 1533 4506 inferiorem

400 4554 433 4616 et
449 4549 652 4637 superiorem
668 4549 847 4634 Deueeher,
872 4555 905 4614 et
920 4548 1032 4616 villam
1049 4549 1158 4636 Igalia
1173 4549 1266 4614 iuxta
1281 4543 1416 4612 fluuium
1432 4547 1533 4632 Syov,

399 4661 434 4726 in
450 4679 515 4743 qna
531 4663 580 4726 est
597 4659 736 4728 ecclesia
751 4657 847 4728 Beati
857 4658 988 4730 Andree
1004 4657 1167 4748 edificata,
1184 4657 1218 4724 in
1234 4653 1399 4724 comitatu
1417 4655 1459 4722 de
1470 4657 1533 4730 Do·
