3164 5192
868 305 1027 414 Ei..

386 503 551 594 Episcopi,
569 505 629 572 sub
640 506 754 574 eadem
765 507 967 576 districtione
983 507 1184 574 mandamus.
1201 507 1250 574 Ab
1261 507 1323 575 hac
1339 514 1453 574 autern
1463 525 1544 594 ge·

385 613 558 682 ueralitate
574 615 751 682 monachos
762 613 1004 700 cistercienses,
1021 619 1360 683 Praemonstratenses
1374 614 1540 682 Canoni-

385 743 452 808 eos,
464 723 957 810 EremitasGraudimoutenses,
970 731 1002 792 et
1009 726 1234 792 Certusieuses
1244 725 1436 810 excipimus,
1448 727 1539 808 qui-

385 833 446 899 bus
463 850 560 916 super
570 831 631 898 hoc
641 830 829 898 mandatum
842 834 1044 918 injungimus
1054 833 1207 919 speciale.
1222 833 1382 900 Nolumus
1394 837 1538 915 autem,

385 945 420 1004 ut
436 939 470 1024 ii,
487 939 542 1023 qui
558 937 702 1004 redditus
717 958 794 1007 suos
805 947 838 1006 et
852 947 1029 1024 proventus
1045 941 1219 1027 diligenter
1235 941 1410 1008 aestimare
1425 959 1536 1003 eura·

388 1046 504 1130 verint,
521 1048 724 1131 praemissae
740 1050 1033 1133 transgressionem
1049 1049 1258 1116 districtionis
1278 1051 1460 1132 incurrant,
1478 1047 1536 1112 si-

388 1153 518 1241 quidem
535 1174 600 1220 nou
616 1174 657 1221 ex
674 1162 763 1224 certa
775 1155 921 1241 scientia,
938 1157 996 1223 sed
1012 1157 1197 1241 ignoranter
1208 1157 1314 1242 potius
1331 1155 1534 1240 quadrage

387 1263 491 1330 simae
506 1261 589 1329 torte
605 1263 729 1350 aliquid
745 1265 985 1348 subtraxerint,
1005 1265 1080 1330 dnm
1096 1271 1215 1349 tamen,
1238 1273 1411 1350 postquam
1428 1281 1533 1328 reco-

389 1369 560 1455 gnoverint
575 1369 736 1436 deiectum
753 1391 865 1456 suum,
891 1372 978 1456 quod
994 1373 1100 1438 minus
1116 1372 1279 1456 solverint,
1304 1370 1453 1456 plenarie
1472 1387 1529 1433 re

388 1484 607 1563 compensent.
623 1478 658 1544 Si
675 1480 748 1562 quis
760 1487 879 1563 autem,
896 1478 983 1562 quod
995 1479 1090 1564 absit,
1107 1478 1380 1562 quadragesimae
1389 1475 1531 1562 persol-

387 1587 515 1654 vendae
530 1585 654 1672 aliquid
671 1606 712 1654 ex
728 1594 817 1654 certa
832 1587 971 1654 scientia
986 1587 1194 1671 subtraxerit,
1214 1606 1287 1652 cum
1303 1585 1402 1670 digne
1420 1583 1529 1651 satis

386 1694 498 1762 latuerit
507 1745 516 1778 ,
543 1695 585 1760 ab
601 1695 697 1779 hujus
713 1696 984 1778 transgressionis
1010 1697 1120 1764 debito
1135 1697 1264 1783 penitus
1288 1695 1330 1760 sit
1345 1692 1521 1758 immunis.

389 1803 458 1870 Neo
474 1802 607 1868 miretur
630 1803 821 1888 quisquam,
848 1803 1019 1868 autetiam
1044 1809 1228 1886 moveatur,
1255 1801 1342 1885 quod
1365 1801 1428 1867 hoc
1453 1801 1526 1866 sub

387 1918 481 1980 tauta
497 1911 699 1978 districtione
715 1913 951 1998 praecipimus,
976 1933 1049 1978 eum
1065 1932 1191 1978 summa
1207 1909 1387 1977 necessitas
1409 1908 1449 1974 id
1465 1928 1524 1974 ex-

388 2027 520 2108 poseat;
546 2041 622 2086 nam
639 2021 701 2087 etsi
717 2021 933 2088 voluntarium
949 2041 1024 2089 esse
1040 2022 1160 2088 debeat
1178 2020 1319 2086 Divinae
1345 2017 1523 2084 servitutis

389 2129 589 2212 obsequium,
616 2128 754 2214 legimus
769 2138 879 2196 tamen
894 2129 927 2196 in
945 2130 1125 2214 Evangelio
1150 2129 1191 2195 de
1211 2128 1357 2194 invitatis
1373 2125 1416 2191 ad
1434 2145 1523 2209 unp·

388 2236 453 2303 tias
466 2236 640 2303 Dominum
655 2237 867 2323 praecipisse,
886 2243 921 2304 ut
937 2238 1209 2323 compellerentur
1228 2237 1361 2302 intrare.
1378 2232 1521 2298 Manda-

388 2363 460 2410 mus
485 2351 674 2430 praeterea,
701 2353 736 2412 ut
760 2365 838 2430 vos,
864 2346 982 2413 fratres
1007 2347 1260 2432 archiepiscope
1285 2350 1318 2410 et
1343 2341 1518 2429 Episcopi,

390 2451 677 2536 quadragesimam
701 2454 808 2539 ipsam
834 2474 894 2538 per
912 2460 1040 2520 vestras
1056 2454 1211 2521 Diocescs
1235 2453 1394 2518 instanter
1417 2467 1518 2514 exac-

387 2565 454 2624 tam
469 2563 503 2624 et
518 2559 687 2626 collectam
704 2561 840 2628 fideliter
856 2561 986 2628 iacietis
997 2565 1093 2645 J'uxta
1104 2561 1306 2647 praedictam
1322 2558 1463 2626 formam
1481 2558 1516 2622 in

389 2673 457 2733 tuto
474 2668 546 2734 loco
562 2667 691 2754 deponi,
717 2689 877 2736 summam
893 2689 1021 2738 omnem
1036 2689 1095 2754 per
1109 2675 1236 2734 vestras
1251 2667 1378 2733 litteras
1393 2675 1424 2732 et
1440 2686 1516 2750 ape

389 2775 491 2841 ciales
505 2775 643 2843 nuncios
658 2777 763 2864 nobis,
780 2798 878 2861 quam
894 2777 989 2844 citius
1005 2776 1073 2843 lieri
1089 2776 1218 2864 poterit,
1235 2775 1432 2861 expressuri.
1461 2773 1515 2838 Ad

389 2885 470 2950 haec
486 2881 519 2948 iu
543 2881 680 2968 singulis
701 2884 858 2951 Ecclesiis
882 2891 1028 2952 truncum
1053 2905 1230 2952 concavum
1254 2884 1331 2969 poni
1355 2881 1517 2967 praecipi·

390 3011 460 3058 mus
470 3041 479 3076 ,
504 2990 609 3058 tribus
625 2992 772 3059 clavibus
788 2993 1031 3077 consignatum,
1056 2994 1163 3080 prima
1185 3010 1287 3078 penes
1305 2991 1514 3076 Episcopum,

390 3101 533 3170 secunda
549 3119 649 3185 penes
664 3099 833 3166 Ecclesiae
850 3099 1068 3186 Sacerdotem,
1094 3100 1190 3166 tertia
1205 3119 1263 3185 per
1280 3099 1423 3183 aliquem
1442 3100 1515 3166 reli·

391 3213 517 3296 glesum
527 3208 645 3275 laicum
655 3207 897 3292 conservandis,
909 3213 941 3274 et
951 3209 984 3272 in
998 3228 1037 3274 eo
1048 3207 1155 3274 fidelis
1165 3207 1313 3291 quilibet,
1319 3209 1418 3290 juxta
1427 3207 1515 3290 quod

393 3336 502 3384 eorum
519 3317 680 3384 mentibus
696 3315 854 3383 Dominus
869 3315 1097 3401 inspiraverit,
1123 3335 1200 3382 suas
1216 3315 1443 3400 eleemosynas
1462 3315 1514 3381 de·

392 3439 515 3510 ponere
529 3424 563 3489 in
579 3422 801 3490 remissionem
817 3442 947 3490 suorum
973 3429 1178 3507 peecatorum
1196 3429 1405 3505 moneantur,
1432 3429 1465 3486 et
1479 3422 1513 3486 in

392 3532 541 3600 omnibus
557 3531 712 3597 Ecclesiis
728 3533 829 3598 semel
845 3533 877 3597 iu
893 3530 1101 3598 bebdomada
1116 3549 1174 3614 pro
1190 3527 1382 3596 remissione
1401 3549 1514 3614 pecca-

392 3641 516 3723 torum,
542 3645 574 3704 et
590 3639 783 3724 praesertim
799 3639 1002 3708 offerentium
1011 3689 1020 3724 ,
1048 3637 1149 3706 missa
1163 3639 1291 3725 publice
1311 3638 1511 3706 decantetur.

393 3745 608 3814 concedimus
623 3753 731 3815 autern
747 3748 858 3831 vobis,
884 3745 1003 3813 iratres
1019 3747 1273 3833 Archiepiscope
1298 3753 1331 3812 et
1346 3748 1511 3834 Episcopi,

392 3860 427 3922 ut
442 3852 529 3921 cirea
544 3871 612 3938 eos,
629 3853 684 3937 qui
700 3852 847 3921 debonis
864 3851 931 3919 sois
947 3859 1053 3918 terrae
1064 3851 1205 3920 Sanctae
1220 3853 1385 3920 voluerint
1401 3855 1510 3920 subve-

391 3963 471 4047 nire,
488 3959 529 4027 de
545 3959 757 4028 discretorum
773 3961 913 4027 virorum
929 3959 1083 4046 consilio,
1108 3959 1266 4046 qualitate
1288 3979 1511 4045 personarum,

391 4077 425 4138 et
440 4087 546 4136 rerum
563 4067 721 4153 qualitate
739 4068 895 4153 pensatis,
911 4073 943 4134 et
957 4067 1162 4135 considerato
1184 4067 1406 4137 nobilomiuus
1422 4070 1512 4138 devo

390 4177 489 4246 tionis
504 4176 634 4262 affectu,
650 4195 731 4261 opus
748 4177 911 4261 iniunctae
927 4176 1147 4260 poenitentiae
1162 4183 1360 4244 commutare
1380 4179 1513 4263 possitis

392 4285 424 4352 in
441 4303 523 4372 opus
540 4283 768 4368 eleemosynae
778 4282 958 4352 faciendae.
975 4284 1131 4351 Volumus
1147 4284 1289 4372 insuper,
1305 4291 1341 4351 ut
1356 4287 1511 4357 adhibitis

392 4392 496 4477 vobis,
514 4390 569 4457 ubi
584 4395 735 4475 poterunt
757 4389 912 4476 inveniri,
938 4389 1064 4458 duobus
1079 4390 1235 4460 iratribus
1244 4445 1254 4480 ,
1281 4415 1345 4463 uno
1361 4395 1512 4466 ierosoli-

393 4499 506 4570 mitaui
520 4498 702 4588 Hospitalis
711 4549 721 4588 ,
746 4504 779 4568 et
794 4498 860 4570 alio
875 4499 1012 4569 Militiae
1028 4503 1167 4592 Templi,
1195 4505 1333 4590 aliisque
1348 4509 1510 4596 religiosis
