3200 5182
601 330 756 438 Afil—

103 520 273 606 Salbinus,
299 520 426 605 positus
447 521 546 604 juxta
562 529 705 590 montem
720 527 831 594 Sancti
846 529 1000 598 Damiaui
1022 551 1095 598 cum
1109 537 1179 601 tota
1195 569 1240 582 -

105 663 152 672 —
169 664 213 673 —
228 625 355 707 locello,
372 625 428 708 qui
444 624 562 691 dicitur
574 629 722 715 Potueto,
740 636 773 697 et
784 633 976 702 Pulveraria
991 642 1061 704 tota
1077 659 1180 724 usque
1197 639 1240 705 ad

105 733 273 818 lupinum,
300 741 334 800 et
348 733 446 800 vinea
471 753 544 800 cum
560 740 657 822 terra,
683 758 782 822 quam
800 746 890 808 tenet
912 741 1063 812 Andreas
1088 747 1239 813 Potestas

102 859 208 927 prope
235 841 359 910 iontem
373 841 546 927 Boniiacii,
572 850 606 910 ct
622 850 711 913 totus
737 868 830 916 mons
855 849 896 917 de
915 851 1018 936 Sciro,
1044 861 1076 920 et
1091 855 1237 938 locellus,

102 947 162 1030 qui
177 947 295 1014 dicitur
311 947 443 1034 Oatilla,
469 954 556 1016 totus
572 953 698 1036 positus
714 975 817 1040 prope
839 955 884 1022 ad
900 956 1060 1044 Schirnm,
1087 967 1119 1027 et
1134 967 1237 1027 totum

101 1055 278 1139 Plugiuum
298 1073 399 1139 usque
415 1054 459 1120 ad
474 1055 637 1143 Drinduli,
654 1065 686 1125 et
702 1059 804 1146 locus,
819 1063 884 1146 ‚qui
900 1063 1018 1131 dicitur
1035 1063 1180 1152 Campus
1196 1065 1237 1132 de

101 1161 196 1244 Pino,
213 1167 246 1228 et
259 1167 346 1226 terra
362 1159 403 1226 dc
419 1159 600 1247 Vallicella,
616 1169 649 1230 et
665 1171 753 1232 terra
768 1173 838 1235 tota
854 1168 895 1236 de
911 1172 1076 1256 Portamo,
1100 1177 1133 1238 et
1150 1179 1237 1241 terra

59 1356 63 1363 Ι
100 1268 144 1335 de
160 1268 265 1353 Sassi,
291 1276 386 1336 erant
409 1275 442 1334 et
466 1269 643 1340 extiterunt
670 1275 838 1344 Ecclesiae
863 1278 1003 1346 Sanctae
1028 1281 1164 1348 Mariae.
1192 1282 1236 1347 Et
1372 1333 1377 1341 .

99 1378 209 1461 vinea,
234 1396 332 1460 quam
357 1381 448 1442 tenet
463 1377 590 1463 Ugolus
614 1379 715 1448 frater
736 1383 901 1468 quondam
916 1386 1059 1454 Prodani
1078 1387 1234 1474 Episcopi

98 1483 142 1552 de
159 1485 277 1564 Lauro,
305 1504 345 1550 ac
369 1483 536 1566 quondam
552 1486 735 1575 Episcopus
758 1490 909 1558 Andreas
934 1512 1007 1560 eam
1031 1495 1173 1580 tenebat,
1199 1503 1232 1562 ct

97 1594 207 1662 eidem
222 1593 496 1678 Archipresbytor
521 1593 555 1660 in
571 1613 613 1661 ea
630 1596 857 1682 laboraverat,
883 1605 916 1664 et
935 1599 1034 1666 vallis
1060 1601 1172 1688 plana,
1200 1607 1232 1666 et

97 1702 196 1768 vinea
226 1699 339 1768 uxoris
363 1698 528 1784 quondam
553 1701 734 1788 Lampridii
760 1702 801 1769 de
826 1705 994 1790 Baguolo‚
1026 1713 1058 1772 et
1083 1709 1230 1792 Gurgum

96 1809 263 1895 quondam
278 1806 441 1874 Catalella
456 1807 499 1874 de
515 1809 671 1894 Murano,
700 1818 733 1876 et
748 1811 952 1879 monticellus
979 1812 1020 1878 de
1037 1811 1228 1900 Cupellago,

96 1937 194 2003 quem
217 1921 307 1982 tenet
320 1913 450 1982 Medius
469 1915 601 2003 Sicani,
628 1923 720 1984 eraut
742 1917 951 2004 supradictae
977 1921 1154 2005 Ecclesiae,
1180 1940 1228 1986 se-

95 2025 240 2094 cundum
255 2023 343 2109 quod
357 2022 516 2088 audierat.

204 2130 389 2217 Stephanus
415 2129 570 2198 sacerdos
580 2131 711 2215 juratus
728 2129 811 2196 dixit
827 2151 866 2198 eo
883 2131 988 2218 modo,
1015 2134 1098 2202 sicut
1114 2155 1225 2226 supra-

96 2239 249 2326 scriptus.

204 2345 352 2430 Desigua
367 2343 471 2430 dixit3
498 2342 623 2411 addens
639 2352 821 2432 practerea,
839 2347 927 2431 quod
942 2368 1015 2414 cum
1030 2355 1117 2415 esset
1132 2370 1224 2436 quar-

95 2457 201 2522 tarius
226 2453 385 2539 praedicti
409 2451 554 2520 Prodaui
578 2453 744 2540 Episcopi,
772 2451 918 2520 vendidit
941 2461 1071 2542 terram,
1098 2457 1132 2523 in
1158 2480 1224 2544 qua

92 2564 266 2648 presbyter
275 2559 484 2626 Drasimcrus
501 2559 739 2626 habetvineam
755 2561 789 2628 in
805 2561 952 2647 Sabuno;
969 2563 1066 2630 vinea
1075 2565 1222 2632 Marinae

94 2669 301 2752 (damnosae,
325 2672 358 2731 ct
375 2667 472 2732 vinca
496 2665 660 2749 quondam
676 2667 876 2754 Eanloguac,
904 2676 936 2735 et
959 2671 1056 2737 vinea
1079 2671 1220 2756 Biualdi,

92 2783 126 2842 et
141 2776 239 2843 uinea
253 2773 342 2842 Petri
357 2773 509 2859 Boacias,
537 2779 569 2840 et
584 2774 680 2840 vinea
695 2772 853 2860 Cypriani
869 2776 1051 2864 Vegleusis,
1076 2785 1108 2843 et
1124 2777 1221 2844 vinea

91 2883 231 2950 Joanuis
246 2881 413 2967 Eliguliui,
442 2887 475 2948 et
491 2881 590 2948 vinea
605 2882 755 2966 Locave,
772 2888 804 2950 et
820 2883 917 2948 vinea
935 2882 1075 2951 filiorum
1090 2885 1220 2951 Maltra-

90 3010 165 3077 nae,
182 2997 215 3058 ct
229 2991 326 3059 vinea
340 2989 456 3056 Nicole
472 2988 676 3074 Magnorclii,
704 2997 736 3056 et
751 2991 848 3058 vinca
862 2991 1009 3060 ‚loannis
1036 2991 1220 3077 presbyteri

90 3100 132 3166 de
156 3101 319 3184 Bonoina;
343 3096 503 3180 audierat,
528 3096 706 3180 quodcum
729 3098 1160 3184 vineaDrasigneStanuc,
1187 3107 1219 3165 et

89 3209 188 3274 vinea
197 3243 242 3253 —
253 3243 297 3254 —
306 3241 350 3252 -
365 3205 494 3271 luerunt
509 3211 615 3270 terrae
629 3204 798 3271 Ecclesiae
809 3207 949 3272 Sanctae
958 3205 1094 3289 Mariae,
1106 3205 1217 3272 diceus

89 3335 125 3382 se
142 3314 330 3380 vendidisse
339 3313 456 3397 locum,
474 3331 570 3397 quem
579 3317 667 3378 tenet
677 3313 892 3396 Ragazaoum
902 3311 1065 3397 Episcopo
1075 3312 1217 3396 Andrea,

89 3431 122 3491 ct
138 3443 211 3489 cum
226 3421 392 3506 Brugnolo
409 3419 574 3504 quondam
590 3419 775 3504 quartario,
794 3425 827 3485 et
842 3419 1050 3486 vincalladii
1060 3420 1214 3504 Bertaldi‚

88 3537 120 3596 et
136 3527 399 3612 vineaGalende,
416 3533 449 3593 et
464 3526 630 3613 pastinum
642 3525 774 3614 Orieut,
792 3535 825 3593 et
841 3527 1112 3612 vineaDcsignae
1124 3527 1215 3612 Vilzi,

87 3645 119 3706 ct
134 3639 233 3704 vinea
249 3637 386 3704 filiorum
402 3632 585 3722 Lampridii
601 3633 787 3720 (lostizzae5
811 3637 990 3720 audiverat,
1007 3637 1093 3719 quod
1108 3642 1216 3704 essent

88 3747 121 3811 in
138 3745 233 3812 terris
250 3743 491 3830 suprascriptae
502 3742 679 3827 Ecclesiae,
696 3763 780 3825 quae
792 3764 904 3809 omues
920 3749 994 3810 suut
1010 3745 1042 3809 iu
1053 3745 1213 3811 Galbano.

194 3852 366 3937 Philippus
381 3850 490 3916 Judex
501 3851 632 3932 juratus
648 3848 740 3934 dixit,
767 3869 803 3915 se
818 3849 985 3916 audivisse
1000 3871 1021 3915 a
1037 3871 1095 3916 suo
1111 3859 1213 3936 patre,

85 3971 117 4029 et
142 3962 211 4029 suis
237 3959 555 4047 praedecessoribus,
583 3958 670 4040 quod
695 3979 716 4022 a
732 3957 796 4042 via,
822 3977 887 4040 qua
910 3957 1037 4024 venitur
1061 3979 1082 4022 a
1106 3964 1213 4023 monte

84 4070 198 4136 Sancti
213 4067 379 4152 Dumium,
394 4085 497 4150 usque
513 4065 557 4131 ad
574 4065 661 4130 viam
678 4065 852 4151 publicam,
881 4071 913 4132 et
930 4065 1006 4132 inde
1022 4062 1128 4131 eundo
1145 4085 1212 4132 ver-

83 4198 139 4244 sus
155 4183 303 4244 austrum
329 4174 491 4259 usquead
516 4174 646 4238 vineam
671 4173 782 4239 Sancti
799 4172 896 4256 Petri,
924 4179 956 4237 et
972 4172 1100 4238 vineam
1120 4173 1212 4240 Goto-

82 4305 202 4372 paguc,
221 4291 324 4352 totum
340 4283 401 4350 tuit
416 4282 456 4348 de
472 4287 608 4366 quarto,
631 4287 664 4347 et
680 4281 861 4366 audiverat,
885 4280 970 4366 quod
987 4280 1085 4346 vinea
1100 4283 1212 4347 Vezoli

82 4392 309 4479 suprascripta
324 4391 431 4457 luerat
455 4389 589 4474 propria
605 4389 773 4456 Ecclesiae
792 4391 935 4456 Sanctae
950 4389 1093 4473 Mariae,
1119 4395 1151 4454 et
1167 4391 1212 4454 vi-

82 4519 146 4568 nea
162 4499 273 4568 uxoris
290 4497 471 4584 Lampridii
497 4496 724 4582 suprascripta
746 4497 845 4564 simili
862 4495 976 4579 modo,
1004 4501 1035 4560 ct
1052 4495 1210 4580 (iurgium

81 4607 277 4694 Vonatriclri,
295 4609 382 4691 quod
398 4614 487 4674 tenet
502 4605 595 4672 Vltus
612 4604 775 4671 Zadoliui.
919 4587 923 4596 ¹

126 4745 228 4782 rrorccru
246 4745 325 4782 rursu.
344 4745 412 4780 urar.
433 4754 469 4761 -
489 4741 559 4776 nuru.
577 4734 609 4772 1¹.
1006 4721 1045 4774 31
