3200 5182
373 1099 417 1163 ῙΙ.
433 1097 541 1162 &dra
566 1100 673 1188 kirdly
689 1123 710 1165 α
725 1100 800 1184 Pol,
823 1099 1019 1186 Mdtydanak
1034 1100 1087 1184 fia
1103 1101 1134 1163 tr
1159 1098 1227 1165 tute
1243 1100 1407 1185 daraayaa'
1433 1104 1503 1163 6116-

446 1205 626 1293 jodbdpyolc
642 1209 830 1295 166666
846 1209 1013 1291 6116166161,
1035 1206 1161 1293 talybea
1177 1207 1304 1294 lappjo.
1322 1209 1416 1272 1227
1419 1257 1426 1270 .

480 1401 628 1472 Andreas
644 1406 707 1470 Dei
723 1405 837 1490 gracia
845 1405 916 1470 Rex
926 1403 1094 1488 Hungarie
1110 1403 1282 1488 uniuersis,
1302 1405 1426 1488 quibus
1436 1423 1505 1488 pre-

373 1529 448 1576 sens
474 1513 598 1598 pagina
614 1513 765 1600 patuerit,
792 1512 929 1578 salntem
945 1519 977 1578 ct
993 1533 1086 1579 omne
1110 1512 1241 1578 bonum.
1266 1513 1503 1580 1166166666-

373 1639 444 1685 rnm
459 1619 616 1687 noticiam
631 1627 744 1688 tenore
761 1621 966 1706 presencium
982 1621 1130 1688 volumus
1147 1623 1327 1706 peruenire,
1346 1621 1437 1706 quod
1453 1639 1503 1684 ac-

374 1723 528 1794 cedentes
543 1725 587 1792 ad
611 1728 814 1813 presenciam
830 1728 917 1793 Petri
935 1725 1317 1810 Quinque-Ecclesiensis
1337 1727 1502 1813 Prepesiti

375 1835 526 1902 61166166
542 1833 686 1922 Capituli
713 1834 858 1902 eiusdem
875 1833 910 1899 in
926 1834 1010 1901 sesto
1027 1833 1138 1900 Sancti
1155 1834 1299 1920 Georgij‚
1322 1833 1502 1901 secundum

373 1940 461 2026 quod
471 1942 504 2008 in
520 1943 637 2010 litteris
649 1944 754 2030 ipsius
770 1941 976 2009 manifestius
987 1943 1216 2026 intelleximus,
1233 1943 1404 2010 lohannes
1419 1943 1500 2008 filius

373 2051 588 2136 Constantini,
605 2059 638 2118 et
651 2052 773 2118 Paulus
791 2051 875 2116 filius
886 2051 1018 2136 Mathei,
1030 2071 1102 2116 curn
1117 2051 1278 2136 pristaldo
1294 2070 1354 2117 sno
1370 2049 1501 2116 nomine

373 2158 469 2226 Petro
494 2158 560 2226 filio
578 2159 721 2246 Philippi
737 2158 778 2225 de
802 2159 882 2226 villa
898 2159 1003 2242 Peter,
1020 2163 1259 2244 proposuerunt
1283 2159 1388 2244 ipsis,
1414 2155 1500 2242 qnod

373 2264 479 2332 dictus
495 2267 664 2334 lohannes
680 2267 766 2333 filius
780 2266 984 2333 Constantini
1000 2266 1200 2350 impeciisset
1215 2265 1375 2348 quosdam
1391 2265 1434 2329 de
1450 2285 1498 2348 ge·

375 2393 453 2440 nere
469 2375 572 2457 Meyn,
590 2374 715 2440 scilicet
725 2375 870 2460 Perelrw,
888 2375 1011 2442 Razlov
1028 2379 1060 2440 et
1070 2373 1285 2440 Laurencium
1301 2393 1414 2439 coram
1424 2373 1498 2440 Jula

375 2479 499 2546 Comite
525 2502 546 2546 a
572 2481 667 2548 nobis
694 2481 756 2547 sibi
781 2483 933 2566 delegato
953 2481 1067 2565 judice
1091 2499 1189 2565 snper
1212 2481 1339 2547 duobus
1367 2479 1496 2566 predijs,

373 2607 509 2670 quorum
525 2589 659 2656 nomina
674 2598 749 2656 sunt
765 2590 833 2673 hec,
855 2592 977 2658 Srebsa
992 2597 1025 2655 61
1041 2587 1215 2674 Kysfolud,
1237 2608 1390 2656 asserens
1406 2608 1443 2654 66
1458 2586 1496 2651 ab

373 2695 455 2783 ipsis
473 2695 620 2781 predicta
635 2696 750 2782 predia
766 2703 893 2762 centum
904 2697 1021 2780 viginti
1038 2697 1156 2762 6666616
1173 2715 1394 2781 comparasse,
1414 2702 1497 2759 6166

374 2804 438 2890 hijs
456 2805 665 2891 septuaginta
681 2811 753 2873 octo
771 2825 898 2870 marcas
915 2801 1057 2887 dedisse,
1082 2811 1116 2870 et
1131 2802 1239 2869 adhuc
1253 2803 1358 2869 teneri
1374 2803 1409 2867 in
1425 2819 1496 2885 qna·

374 2912 527 2997 draginta
552 2913 679 2980 duabus
705 2913 843 2996 marcis;
868 2909 1008 2997 predicti
1025 2917 1133 2976 autem
1149 2910 1297 2994 Pereia,
1325 2911 1449 2976 Raalov
1468 2913 1496 2970 et

374 3021 572 3086 Laurencius
589 3021 784 3086 econtrario
811 3016 972 3102 dixerunt,
999 3039 1034 3084 se
1049 3019 1108 3085 illa
1123 3016 1239 3104 predia
1266 3037 1330 3083 non
1347 3015 1495 3092 Johanni,
1577 3069 1583 3086 .

374 3128 434 3197 sed
458 3129 559 3196 Paulo
585 3129 652 3195 lilio
678 3129 800 3194 Mathei
826 3126 1014 3194 vendidisse
1039 3134 1245 3214 parcentum
1280 3125 1496 3211 quadraginta

374 3244 513 3322 quatuor
528 3235 657 3320 marcis,
684 3242 833 3302 ettotam
859 3236 1031 3321 pecuniam
1047 3257 1083 3302 se
1099 3238 1140 3303 ab
1160 3235 1274 3302 eodem
1290 3235 1393 3302 Paulo
1418 3251 1497 3299 rece·

373 3347 482 3432 pisse,
509 3345 604 3412 etsie
620 3342 788 3430 sepedicta
810 3343 927 3431 predia
942 3347 1086 3430 ipsorum
1105 3344 1291 3410 assercione
1308 3344 1432 3409 Paulus
1448 3343 1496 3408 616

372 3455 487 3538 116611,
510 3453 660 3520 iohanne
674 3471 751 3517 6666
767 3453 938 3537 pecuniam
954 3472 1046 3518 suam
1064 3472 1084 3515 a
1098 3449 1265 3535 predictis,
1290 3450 1418 3515 scilicet
1441 3448 1493 3512 Pe·

374 3561 465 3642 rekv,
482 3562 603 3625 Razlov
624 3567 657 3626 et
672 3561 862 3642 Laurencio‚
888 3566 1075 3626 constanter
1091 3563 1265 3644 repetente,
1292 3558 1439 3644 prefatus
1451 3559 1496 3642 jn·

373 3667 447 3750 dex,
472 3668 608 3733 testibus
624 3667 751 3734 idoneis
769 3669 811 3734 ab
827 3667 900 3753 ipso
916 3665 1065 3751 receptis,
1092 3664 1214 3732 homini
1238 3667 1399 3733 Johannis
1425 3664 1494 3732 16661

375 3772 544 3840 candentis
561 3795 697 3842 examen
724 3775 934 3858 adiudicauit,
961 3777 1067 3842 locum
1084 3782 1201 3860 661666,
1223 3775 1278 3840 vbi
1292 3774 1413 3840 ferrum
1429 3795 1495 3861 pnr-

374 3889 443 3948 tare
468 3881 619 3965 deberet,
637 3881 825 3949 Colochiam
841 3883 1026 3966 6666111611;
1044 3883 1099 3964 qni
1120 3883 1254 3948 veniens
1279 3879 1322 3944 ad
1343 3887 1493 3947 statutum

373 3993 480 4060 locum
504 3991 537 4056 in
563 3990 685 4077 prolixo
706 3990 770 4056 sibi
795 3991 944 4074 termino,
970 3990 1119 4074 ferroque
1141 3988 1291 4073 judiciali
1318 4009 1377 4074 per
1403 3987 1495 4056 homi·

374 4122 448 4168 nem
464 4119 556 4166 suum
572 4103 712 4185 portato,
729 4099 858 4164 volente
869 4100 939 4164 Deo
956 4097 1148 4163 iustificatos
1160 4105 1218 4182 est,
1230 4097 1408 4184 supradicti
1424 4117 1493 4163 6666

375 4207 557 4291 aduersarij
574 4206 634 4290 sui,
650 4206 805 4273 videlicet
820 4207 956 4286 Perekv,
974 4205 1096 4272 Razlov
1112 4211 1144 4270 et
1160 4205 1358 4272 Laurencius
1375 4225 1493 4270 reman-

375 4322 484 4383 serunt
499 4315 563 4381 sibi
578 4315 611 4380 in
628 4319 756 4381 centum
772 4314 1011 4399 qninquaginta
1027 4332 1084 4377 sex
1097 4313 1227 4379 marcis.
1244 4316 1395 4397 Dumque
1412 4331 1494 4398 sepe·

376 4422 480 4490 dictus
497 4423 842 4492 ι161666666666161666]
857 4429 1016 4489 terrarum
1032 4421 1249 4508 predictorum
1259 4423 1409 4509 Perekw,
1424 4425 1495 4489 1166-

374 4531 430 4598 166
445 4538 478 4596 61
495 4531 667 4618 Laurenoij
683 4535 781 4599 vellet
804 4533 936 4599 racione
952 4530 1089 4616 pecunie
1112 4529 1211 4616 illius,
1235 4532 1350 4613 inqua
1375 4531 1440 4596 sibi
1455 4549 1494 4595 re·

374 4647 569 4724 manserant,
587 4638 1119 4732 66616666,Ρ66166111166Μ611616
1140 4661 1204 4706 666
1220 4640 1379 4725 permisit,
1407 4656 1488 4728 asse-
