3218 5192
833 331 984 436 ...E-

343 544 388 612 Ut
403 541 501 626 igitur
525 538 607 604 haee
634 553 736 602 eausa
761 532 855 600 firma
879 532 989 598 ualeat
1006 548 1205 614 permanere,
1223 532 1334 596 nostro
1360 525 1472 611 sigilio

345 652 571 718 corroboratas
587 645 635 712 eis
651 645 778 710 litteras
795 638 990 708 contulimus
1006 636 1234 724 possidendas.

347 848 487 922 (Ersdetie
507 841 692 911 biirhtrtprin,
715 842 840 908 malynotr
854 835 1005 906 elblapjr'ura
1024 841 1146 904 nyomott
1164 834 1271 902 pecsbta
1290 832 1441 896 lemfflott;
1462 847 1477 884 a

581 935 694 986 namneti
708 946 831 982 mazeum
844 927 959 982 kbzirati
972 923 1239 994 gyiijtambnpbban).

892 1671 948 1738 32.

356 1855 489 1943 Garpely
505 1855 604 1921 nonai
620 1857 651 1918 ta
674 1851 790 1918 thmoa
816 1850 926 1916 abaart'
935 1849 1105 1939 perpotet
1121 1848 1319 1914 Kroaoantiaa
1343 1846 1484 1932 apaturos·

384 1963 530 2030 traaknak
545 1965 671 2050 bitatpot
688 1965 718 2029 ta
734 1959 1005 2048 orrpadebneastpet
1014 1957 1198 2047 fopadnab.
1216 1955 1450 2023 1099-1103.

465 2161 536 2242 Ego
553 2159 732 2241 Gregorius
749 2157 931 2245 Episcopus
949 2159 1114 2224 Nouensis
1129 2157 1172 2223 ab
1187 2155 1250 2222 hae
1274 2157 1357 2222 hora
1372 2155 1406 2220 in
1432 2175 1487 2219 an-

359 2275 414 2332 tea
430 2269 582 2352 promitto
606 2267 815 2352 fidelitatem,
842 2274 874 2333 et
896 2265 1114 2334 obedientiam
1139 2263 1315 2330 seeundum
1340 2263 1488 2330 ordinem

360 2393 467 2440 meum
484 2374 651 2439 Bootesiae
667 2373 877 2459 spalatinae,
904 2379 936 2439 et
951 2374 1010 2440 tibi
1026 2371 1211 2440 Oreseentio
1231 2370 1489 2456 Arehiepiseopo

360 2487 483 2564 nostro,
498 2481 628 2565 tuisque
652 2483 894 2551 suecessoribus
911 2481 1066 2549 eanoniee
1090 2480 1296 2547 intrantibus.
1325 2477 1379 2544 Sia
1398 2477 1490 2544 Deus

361 2611 412 2658 me
428 2589 562 2674 adjuvet
578 2593 610 2654 et
624 2587 689 2654 ista
703 2596 817 2656 saneta
831 2597 972 2673 quatuor
987 2589 1180 2674 Evangelia.

470 2699 542 2782 Ego
559 2693 754 2762 Guillelmus
770 2699 966 2764 Absarensis
981 2699 1166 2785 Episcopus
1182 2697 1334 2784 promitto
1355 2695 1493 2762 fidelita-

362 2811 437 2889 tem,
455 2809 487 2868 et
502 2803 721 2870 obedientiam
737 2806 779 2871 ab
795 2806 857 2870 hae
871 2806 953 2873 hora
969 2806 1002 2870 in
1018 2812 1125 2890 antea,
1147 2805 1324 2872 seeundum
1343 2804 1493 2872 ordinem

366 2931 472 2978 meum
489 2912 656 2978 Ecclesiae
672 2911 882 2999 Spalatinae,
909 2918 940 2978 et
957 2913 1016 2980 tibi
1032 2912 1216 2981 Crescentio
1235 2913 1494 2998 Archiepiseopo

367 3026 497 3104 nostro,
522 3021 652 3104 tuisque
667 3021 908 3088 suecessoribus
932 3021 1087 3087 eononioe
1102 3021 1307 3087 intrantibus.
1332 3021 1387 3088 Sia
1402 3021 1497 3086 Deus

368 3147 420 3194 mo
437 3127 570 3213 adjuvet
585 3135 618 3196 et
633 3133 772 3212 quatuor
787 3127 869 3194 haee
885 3131 1000 3194 saneta
1017 3127 1209 3212 Evangelia.

600 3326 714 3393 (Parieti
727 3329 865 3395 Illyricum
879 3327 1000 3390 Sacrum,
1013 3329 1065 3379 111.
1079 3328 1135 3380 tunt
1151 3329 1210 3379 162.
1223 3321 1257 3395 1.)

864 3619 884 3623 --
920 3617 1012 3624 —.,...,-
1025 3616 1061 3623 .—

908 4059 964 4126 33.

373 4241 418 4306 ΙΙ.
435 4241 604 4306 Puacbalia
625 4244 718 4327 pcipe
734 4263 755 4304 a
774 4240 1009 4327 panooatatmi
1031 4251 1116 4305 azent
1132 4239 1278 4305 benedaka'
1301 4245 1442 4328 apdtsdp
1450 4247 1508 4329 jo-

374 4349 443 4436 par‘t
459 4351 689 4436 mperb'sa'toen,
706 4359 756 4413 azt
766 4371 806 4414 az
815 4348 954 4435 apostoli
963 4348 1035 4414 sztk
1045 4345 1284 4436 pctrtfopctsdba
1295 4349 1385 4416 razi.
1403 4351 1509 4421 1103.

482 4527 653 4594 Paschalis
667 4528 849 4616 Episcopus
865 4547 980 4595 seruus
997 4547 1165 4596 seruorum
1181 4530 1254 4614 Dei,
1275 4527 1395 4596 dileeto
1411 4529 1510 4597 fratri

376 4635 470 4704 Petro
486 4634 608 4702 Abbati
623 4635 813 4708 Monasterii
832 4635 943 4708 Saueti
966 4637 1097 4706 Martini
1122 4636 1157 4704 in
1173 4645 1281 4710 monte
1305 4655 1408 4729 supra
1422 4637 1509 4710 Pau-
