3164 5192
865 365 1018 474 Q

373 595 432 642 vos
461 569 661 640 descendere
677 565 861 652 continget,
886 565 950 632 nisi
966 561 1082 630 Veneti
1099 561 1143 629 ad
1160 559 1429 629 satisfaciendum
1439 611 1448 644 ,
1473 569 1502 630 et

374 679 597 770 recipiendum
608 679 705 765 Juxta
732 675 870 745 sormam
886 671 1053 740 Ecclesiae
1073 671 1285 739 absolutionis
1301 669 1501 756 beneficium,

374 789 499 860 inducti
515 787 635 855 suerint
650 785 704 853 vel
720 783 899 870 compulsi,
926 801 998 848 cum
1014 781 1062 848 eis
1078 779 1264 848 nullatenus
1285 779 1503 865 praesumatis

376 897 538 988 praelium
555 891 687 964 Domini
703 890 880 979 praeliari,
896 908 949 972 ne,
967 889 1006 973 si,
1023 887 1071 955 eis
1096 885 1293 955 habentibus
1318 887 1447 972 aliquid
1465 886 1503 955 de

377 1005 600 1088 anathemate,
617 1002 651 1068 in
671 999 776 1068 erucis
791 997 1033 1066 insurrexeritis
1048 995 1218 1079 inimicos,
1235 1015 1300 1062 non
1315 997 1506 1083 praevalea·

379 1115 423 1186 tis
439 1115 472 1184 iu
485 1131 553 1197 eos,
569 1109 638 1195 sed,
654 1115 750 1194 terga
760 1111 932 1190 vertentes,
948 1103 1082 1190 fugiatis
1097 1102 1206 1191 potius
1223 1109 1256 1172 ct
1266 1103 1409 1172 cadatis.
1426 1103 1506 1172 Nam

380 1225 412 1294 in
423 1223 506 1290 libro
517 1222 617 1289 Josue
633 1219 763 1303 legitur,
781 1215 877 1305 quod,
890 1235 961 1281 curn
973 1211 1097 1298 solon,
1114 1211 1200 1280 tilius
1212 1211 1354 1298 (thamni,
1372 1213 1507 1300 pallium

381 1331 567 1400 coceineum
583 1327 681 1395 valde
697 1327 837 1408 bonnm,
855 1329 887 1391 et
903 1324 1058 1390 ducentos
1074 1319 1172 1390 siclos
1192 1323 1328 1408 argenti,
1348 1322 1507 1409 regulam·

381 1458 445 1525 que
461 1457 594 1504 auream
610 1435 848 1520 quinquaginta
871 1431 1026 1498 siclorum
1045 1429 1087 1497 de
1101 1427 1208 1497 terico
1233 1429 1448 1498 anathemate
1462 1451 1507 1495 m-

383 1547 509 1634 pnisset
519 1596 540 1629 ,.
554 1545 657 1611 iratus
673 1549 723 1609 est
739 1539 897 1608 Dominus
915 1537 1041 1604 Israeli.
1069 1535 1163 1604 Unde
1179 1557 1251 1604 curn
1270 1536 1433 1605 adversus
1447 1538 1508 1604 ilai

381 1653 607 1723 ascendissent
630 1650 696 1717 tria
721 1649 825 1716 millia
850 1652 1079 1734 pugnatorum,
1104 1645 1214 1712 statim
1229 1651 1324 1732 terga
1345 1652 1508 1714 vertentes

381 1764 530 1850 percussi
547 1765 622 1828 sunt
638 1779 659 1825 a
673 1756 753 1825 viris
776 1756 868 1822 urbis
882 1754 966 1839 ilai,
992 1759 1024 1820 et
1039 1760 1227 1822 corrnerunt
1243 1774 1283 1820 ex
1300 1757 1349 1822 eis
1377 1755 1509 1840 triginta

383 1879 416 1940 et
432 1891 490 1938 scr
515 1867 682 1951 homines;
711 1862 936 1952 persecutique
962 1867 1036 1928 sunt
1060 1881 1116 1928 eos
1142 1860 1323 1929 adversarii
1348 1861 1509 1949 deporta

383 1997 486 2062 usque
496 1975 537 2042 ad
550 1973 711 2056 Sabarim,
726 1979 758 2039 et
774 1969 958 2038 ceciderunt
970 1987 1029 2058 per
1042 1989 1144 2056 prona
1153 1969 1329 2056 fugientes,
1347 1991 1411 2036 nec
1421 1972 1508 2057 prius

383 2085 543 2156 Dominus
568 2083 680 2150 urbem
696 2081 760 2146 Hai
776 2081 808 2146 in
834 2098 949 2144 manns
973 2078 1106 2144 tradidit
1123 2077 1245 2168 lsrael,
1272 2098 1373 2162 quam
1399 2079 1508 2145 Acban

382 2193 523 2280 populns
536 2189 707 2277 lapidavit,
720 2195 751 2254 et
761 2188 879 2270 omnia,
897 2206 980 2270 quae
996 2185 1083 2252 illins
1093 2185 1232 2271 fuerant,
1249 2185 1324 2269 igne
1341 2207 1509 2272 consump-

385 2301 437 2368 sit.
464 2303 502 2366 ln
517 2297 794 2383 Paralipomenon
810 2295 918 2379 etiarn,
935 2313 1008 2360 cum
1023 2293 1194 2379 Josaphat,
1212 2295 1281 2361 Rex
1301 2293 1424 2378 dudae,
1441 2315 1508 2361 cnm

385 2407 537 2489 Ochosia,
554 2407 644 2492 Rege
658 2405 781 2488 Israel,
808 2405 900 2488 cujus
917 2422 1017 2488 opera
1033 2401 1177 2488 pessima
1193 2400 1331 2486 fuerant,
1347 2403 1508 2469 amicitias

383 2515 542 2598 inivisset,
559 2513 777 2596 fecissentque
786 2531 899 2594 naves,
916 2529 1000 2594 quae
1015 2509 1100 2574 irent
1110 2509 1255 2593 Tharsis,
1267 2509 1408 2596 Eliezer,
1428 2511 1507 2577 filins

384 2620 512 2687 Dodaci
538 2619 579 2686 de
595 2621 763 2702 Marassa,
789 2619 832 2685 ad
848 2617 1011 2703 iosaphat
1037 2618 1250 2704 prophetasse
1274 2617 1396 2703 legitur
1420 2627 1451 2686 et
1469 2617 1508 2684 di-

388 2730 496 2796 xisse:
516 2727 622 2814 ,Quia
636 2726 778 2794 habuisti
796 2723 910 2793 foedus
927 2745 999 2790 cum
1015 2723 1167 2810 Ochosia,
1179 2725 1339 2810 percussit
1354 2727 1509 2794 Dominus

386 2841 568 2924 operatua,
586 2836 808 2920 contritaeque
821 2839 895 2900 sunt
904 2851 1015 2918 naves,
1030 2851 1090 2898 nec
1099 2837 1272 2920 potuerunt
1282 2833 1332 2899 ire
1341 2833 1505 2901 Tharsis.‘¹

386 2943 444 3031 (II.
455 2947 530 3010 Par.
541 2941 610 3032 xx.)
627 2943 666 3008 In
677 2943 761 3010 libro
772 2947 879 3007 autem
890 2941 1166 3007 Machabaeorum
1182 2941 1309 3026 legitur,
1326 2943 1427 3028 qnod,
1444 2962 1510 3009 cnm

385 3050 492 3120 ludas
503 3055 617 3118 contra
627 3047 794 3134 Gorgiam,
811 3049 1036 3134 praepositum
1046 3047 1210 3130 Idumeae,
1224 3067 1296 3114 cum
1306 3049 1413 3116 tribus
1424 3047 1509 3115 milli·

387 3162 450 3227 bus
460 3158 607 3246 peditum
618 3163 650 3224 et
660 3155 905 3241 quadringentis
921 3153 1084 3240 equitibus
1096 3155 1306 3240 ascendisset,
1320 3155 1353 3222 in
1366 3175 1509 3242 congres-

387 3289 425 3336 su
436 3267 571 3352 contigit
582 3285 705 3354 paucos
715 3263 1033 3348 ruereJndaeorum;
1045 3282 1182 3347 cumque
1192 3265 1401 3349 postmodum
1412 3263 1508 3332 ludas

388 3381 627 3466 prostratorum
650 3391 790 3458 corpora
811 3372 845 3437 in
861 3371 1008 3459 paternis
1024 3372 1184 3457 sepulcris
1206 3392 1330 3459 ponere
1346 3375 1511 3456 voluisset,

386 3483 508 3550 invenit
524 3482 565 3548 de
581 3482 742 3549 idolorum
758 3481 915 3566 donariis,
940 3499 1024 3565 qnae
1040 3479 1128 3567 apud
1143 3480 1309 3548 damniam
1325 3481 1465 3566 inerant,
1481 3484 1509 3545 et

387 3610 408 3655 a
424 3588 540 3673 quibus
555 3587 707 3673 prohibet
721 3588 775 3653 lex
788 3589 944 3673 Judaeos,
961 3589 1023 3654 snb
1039 3587 1156 3655 tunicis
1171 3589 1360 3657 occisorum.
1378 3589 1509 3655 Factum

387 3704 437 3763 est
452 3695 553 3778 igitur
568 3695 716 3762 omnibus
733 3695 949 3782 manifestum,
966 3677 1008 3763 ob
1023 3697 1108 3764 hane
1132 3715 1266 3764 causam
1281 3717 1350 3780 eos,
1375 3698 1433 3782 qni
1448 3713 1509 3762 rue

386 3807 461 3870 rant
471 3853 480 3888 ,
498 3803 669 3870 corruisse.
696 3803 746 3870 Ne
762 3811 871 3870 autem
886 3803 1042 3872 victualia
1058 3804 1152 3872 vobis
1172 3804 1298 3888 desint,
1322 3805 1507 3874 charissimo

386 3911 419 3978 in
437 3909 565 3978 Christo
582 3909 651 3978 filio
675 3917 786 3980 nostro
803 3911 998 3998 Imperatori
1015 3909 1376 3998 Constantinapolitano
1398 3912 1508 3980 scribe·

386 4039 469 4104 mus,
485 4025 531 4104 ut,
543 4019 641 4104 juxta
656 4018 744 4103 quod
762 4038 821 4107 per
836 4019 962 4085 litteras
979 4038 1057 4087 suas
1073 4019 1168 4087 uobis
1183 4019 1256 4104 ipse
1276 4019 1437 4104 promisit,
1453 4017 1508 4084 rie-

386 4127 490 4194 tualia
505 4126 598 4194 vobis
627 4124 727 4191 iaciat
754 4125 911 4192 exhiberi.
937 4126 1062 4206 Quodsi
1086 4125 1197 4193 forsan
1221 4145 1262 4192 ea
1276 4123 1370 4192 vobis
1397 4127 1507 4195 contin-

387 4241 477 4317 geret
492 4231 660 4317 denegari,
678 4250 751 4298 cum
767 4237 877 4300 tamen
892 4253 952 4300 vos
969 4232 1164 4302 devoveritis
1180 4232 1225 4300 ad
1240 4251 1410 4301 commune
1426 4233 1509 4301 obsc-

387 4343 497 4424 quium
518 4339 680 4424 crncifixi,
697 4341 790 4424 cujus
807 4345 857 4407 cst
872 4345 1010 4407 terraet
1025 4341 1194 4428 plenitudo
1212 4344 1297 4430 ejus,
1313 4342 1402 4408 orbis
1418 4348 1509 4408 terra·

387 4468 468 4535 rum,
485 4455 516 4516 et
531 4446 687 4533 universi,
714 4448 770 4534 qui
784 4448 935 4515 habitant
951 4449 984 4514 in
1000 4469 1050 4534 ea,
1071 4457 1184 4536 posset
1199 4451 1309 4536 utique
1325 4470 1391 4516 non
1407 4450 1508 4516 absur-

387 4555 464 4622 dum
472 4556 575 4623 videri
586 4555 629 4622 nd
646 4555 893 4625 similitudinem
903 4557 1115 4644 Imperatoris
1125 4567 1242 4644 terrae,
1261 4559 1302 4626 de
1314 4565 1507 4644 quomrum

388 4670 437 4730 cst
452 4663 572 4754 injure
589 4663 697 4752 civili,
725 4665 812 4752 quod
828 4665 855 4732 si
873 4667 944 4752 ejus
964 4667 1124 4736 exercitus
1143 4667 1320 4756 indiguerit
1344 4663 1507 4748 ahmans,
