3202 5190
598 343 760 442 „aar-

112 577 339 586 —————
355 539 469 604 rillam
485 539 648 604 Wezeken
670 545 925 604 commetaneam
954 539 1079 604 babens
1095 559 1153 624 per·
1166 562 1244 607 ·ma-

112 667 213 733 gnum
238 647 407 734 spacium,
432 646 488 712 rbi
505 666 609 733 prope
625 648 713 712 viam
739 652 814 712 sunt
838 653 905 712 tres
922 653 1006 712 mete
1031 652 1153 732 terrae,
1181 668 1244 734 qne

110 756 314 841 distinquunt
329 757 412 821 inter
436 755 574 841 populos
595 754 635 821 dc
651 755 796 822 Thamar
821 763 854 820 et
869 755 1034 821 Wezeken
1051 761 1083 821 et
1102 757 1242 842 populos

110 863 154 931 de
168 863 365 948 Molonyan3
392 860 468 928 inde
484 863 547 928 itur
563 862 607 928 ad
633 862 800 930 meridiem
817 882 875 947 per
899 882 1053 946 magnum
1079 863 1239 948 spacium,

107 968 519 1058 includendoparticulam
534 976 622 1037 terre
636 970 735 1037 Zelaz
757 977 919 1055 vocatam,
941 991 1004 1055 que
1021 970 1126 1037 eciam
1141 979 1192 1040 est
1207 971 1241 1036 in

108 1087 207 1166 parte
220 1080 415 1165 populorum
433 1077 545 1144 Sancti
561 1077 731 1144 Benedicti
747 1077 789 1144 de
799 1079 957 1161 Thaszar,
974 1077 1101 1146 venitur
1119 1079 1162 1145 ad
1179 1099 1241 1146 me

108 1194 179 1252 tam
195 1193 336 1253 terream
352 1186 385 1252 in
401 1183 521 1252 fruteto
538 1193 624 1252 retro
640 1185 753 1252 villam
766 1185 933 1253 Maloniau
950 1223 993 1234 -
1010 1222 1054 1233 -
1070 1222 1113 1234 -
1132 1223 1174 1233 -
1190 1195 1241 1254 est

113 1313 238 1378 magna
262 1299 348 1359 meta
364 1299 490 1376 terrea;
516 1293 591 1359 inde
608 1293 777 1377 Sytbwam
802 1292 1001 1360 transeundo
1026 1311 1084 1378 per
1106 1312 1240 1378 campos

110 1401 239 1468 venitur
255 1400 299 1466 ad
313 1401 452 1488 primam
462 1407 582 1468 metam
598 1407 739 1468 terream
749 1419 852 1487 prope
868 1401 955 1466 riam
972 1399 1015 1466 ad
1026 1400 1238 1486 occidentem,

107 1514 141 1574 et
157 1508 204 1574 ibi
218 1507 442 1575 terminantur.
458 1507 616 1591 Neigitur
633 1514 809 1574 memorate
825 1514 964 1574 mete-
975 1542 1019 1554 —
1029 1544 1074 1556 -
1086 1546 1128 1556 -
1140 1527 1239 1592 super

105 1613 264 1702 predictis
280 1613 375 1680 terris
396 1614 612 1700 inposterum
626 1615 761 1682 valeant
786 1614 905 1680 iterata
929 1615 1122 1698 quaestione
1148 1633 1238 1682 reuo-

106 1725 195 1808 cari3
213 1723 481 1809 praenominatus
491 1721 608 1790 Comes
621 1723 808 1791 huiusmodi
824 1722 1100 1790 testimonialibus
1110 1722 1237 1808 aprime

107 1829 251 1914 sigillum
267 1848 361 1896 suurn
377 1828 534 1915 apposuit
543 1878 552 1911 ,
578 1827 761 1912 fratresque
776 1827 890 1911 nostri,
912 1826 1099 1912 Capitulum
1115 1828 1237 1914 Strigo-

107 1939 231 2021 sienae,
249 1956 342 2002 suum
359 1935 556 2022 impressere
572 1935 727 2020 sigillum.
745 1935 842 2002 Anno
852 1934 984 2002 Domini
1000 1933 1171 2002 millesimo
1181 1935 1237 2002 dn·

105 2045 282 2113 centesimo
298 2065 393 2113 nono.
411 2047 539 2112 Joanne
555 2044 618 2110 Dei
633 2043 745 2128 gratia
760 2042 942 2110 venerabili
952 2043 1128 2128 Episcopo,
1146 2039 1235 2108 ecil-

105 2155 208 2220 lermo
223 2152 379 2236 Lectore,
397 2153 523 2220 Jacobo
540 2148 699 2236 (lentore,
716 2153 807 2218 Suna
821 2153 965 2234 Decano,
989 2149 1158 2235 Stephano
1175 2151 1235 2217 Ou-

106 2259 210 2327 stodo.

106 2438 205 2502 (xvn.
221 2433 331 2489 sadaadi
341 2437 438 2489 hitales
451 2433 580 2491 ttiratbol
593 2439 688 2490 hana
701 2434 819 2500 Ndudor,
833 2438 948 2503 Magyar
959 2437 1023 2488 Sion
1036 2437 1073 2488 11.
1087 2435 1114 2486 lr.
1131 2435 1189 2489 lae.
1204 2437 1235 2502 1.)

633 3254 710 3322 211.

103 3459 148 3522 ll.
167 3457 277 3523 Ecdre
297 3454 404 3541 tii-aly
427 3455 542 3520 Novak
566 3457 647 3518 aaut
670 3451 803 3516 biristet
820 3451 902 3514 Pdca
925 3447 1092 3514 adderaalc
1106 3449 1230 3514 admno-

541 3583 670 3648 ayoasa.
697 3561 795 3626 1210.

213 3761 252 3826 In
268 3757 398 3827 nomine
414 3757 533 3823 Sancte
551 3755 723 3822 Trinitatis
749 3760 783 3820 et
800 3751 971 3818 Individue
991 3751 1144 3818 Unitatis.
1169 3752 1232 3818 An·

104 3869 204 3936 dreas
220 3867 283 3935 Dei
299 3866 413 3952 gracia
428 3863 608 3951 Hungarie,
626 3863 805 3944 Dalmaoie‚
817 3859 963 3942 Croacie,
979 3859 1092 3944 Rama,
1108 3859 1230 3944 Seruio,

103 3973 245 4042 Gallicie
260 3973 517 4058 bodomarieqoe
533 3973 603 4038 Rex
619 3971 652 4036 in
668 3973 870 4057 perpetuum.
896 3965 977 4032 Cum
996 3965 1080 4031 inter
1106 3972 1233 4040 ceteras

103 4082 241 4150 uirtutes
256 4079 393 4166 Regiam
409 4079 616 4146 Maiestatem
645 4075 836 4143 decorantes
852 4071 1043 4138 immensitas
1069 4069 1232 4152 largitatis

103 4187 392 4257 commendabilior
407 4192 506 4271 atque
521 4189 696 4270 prepotens
713 4179 883 4262 iudicetur,
899 4177 1002 4261 Regia
1018 4173 1229 4242 Gelaitudinis

103 4297 240 4364 interest
264 4294 368 4361 eciam
394 4314 459 4360 non
475 4289 735 4382 promerentibus
752 4306 883 4354 manum
905 4280 1071 4368 largitatis
1082 4280 1231 4368 'copiose

104 4403 293 4490 porrigere5
320 4403 422 4470 multo
439 4397 687 4470 habundancius
712 4393 834 4462 eximia
848 4392 993 4459 fidelium
1016 4407 1149 4456 suorum
1165 4407 1230 4456 ser·

103 4509 190 4576 nicia
213 4509 458 4595 possessionum
484 4503 718 4574 distribneione
742 4505 870 4566 tenetur
894 4513 1116 4582 compensare.
1149 4494 1230 4561 Iride

104 4625 163 4700 est,
180 4615 269 4700 quod
286 4613 404 4682 dilecto
421 4619 453 4680 et
469 4611 557 4682 fideli
573 4609 654 4678 Potb
665 4608 815 4698 Palatino
832 4611 865 4671 et
879 4601 1095 4690 Mussuniensi
1111 4599 1230 4688 Comiti
