3218 5192
659 379 728 448 121Ι

612 469 771 486 0——

125 572 338 656 aliqnantnm
354 576 460 661 perito
476 575 613 644 venitin
630 576 772 644 dubiam.
789 575 870 644 Inde
881 582 940 662 est,
956 581 1051 665 pater
1066 561 1258 667 venerande,

122 681 309 764 quodcum
332 704 412 751 vera
427 691 459 751 et
474 684 694 753 indissolubili
718 685 816 752 moris
842 685 1082 753 necessitudine
1101 707 1152 753 me
1166 687 1258 755 vobis

118 791 338 876 benignitate
363 799 475 862 vestra
500 794 596 860 oredo
621 793 826 880 copulatum,
857 794 1028 862 verborum
1053 795 1259 862 solemnitate

124 901 331 985 postposita,
348 900 442 966 adid
458 900 546 982 quod
561 900 704 984 intendo,
723 901 888 967 sueeineta
906 902 1093 967 narratione
1109 901 1258 969 existimo

123 1004 378 1073 decurrendum.
406 1009 544 1092 Verum,
571 1007 649 1091 quia
664 1013 807 1073 vestrum
824 1026 952 1094 semper
974 1007 1259 1075 desiderostattm

40 1190 43 1198 ,
125 1113 247 1181 uidere
262 1135 463 1202 prosperum,
480 1135 586 1182 meum
603 1135 733 1200 qnoque
749 1117 866 1183 litteris
882 1117 1066 1202 significare
1087 1118 1181 1186 vohis
1196 1135 1260 1183 non

125 1219 260 1289 eredidi
277 1224 492 1292 inhonestum.
509 1225 675 1292 Noveritis
691 1225 852 1308 siquidem
872 1231 980 1292 vestra
994 1226 1178 1312 prudentia,
1203 1243 1262 1311 per
1276 1273 1280 1280 .

128 1331 291 1398 Divinam
305 1331 444 1418 gratiam
457 1330 536 1420 (me)
549 1333 629 1398 satis
640 1333 722 1398 bene
731 1352 790 1418 pro
800 1337 944 1419 tempore
954 1353 1154 1419 permanere,
1165 1353 1205 1400 ae
1221 1333 1262 1399 de

31 1515 43 1527 ἡ
123 1445 244 1504 vestra
260 1438 392 1507 honoris
419 1440 614 1506 excellentia
625 1441 750 1526 jugiter
767 1440 800 1504 in
816 1459 868 1505 me
892 1441 965 1528 ipso
988 1443 1262 1528 quamplurimum

128 1546 353 1628 congaudere.
380 1548 474 1614 Meae
501 1547 613 1632 itaque
641 1547 814 1633 parvitatis
837 1547 964 1614 litteras
993 1547 1127 1615 solertia
1153 1553 1264 1614 vestra

29 1639 36 1666 l
126 1671 216 1718 nunu
234 1673 315 1719 sane
331 1653 468 1739 recipiat
477 1705 486 1739 ,
512 1661 546 1722 et
562 1675 613 1720 me
630 1655 712 1722 adeo
730 1673 822 1720 suum
838 1675 922 1740 pura
947 1657 1065 1720 mentis
1084 1656 1262 1722 intentione

8 1822 33 1860 :s
128 1769 325 1845 cognoseat,
344 1767 378 1827 ut
393 1762 456 1827 eim
472 1765 601 1848 penitus
618 1762 661 1829 ad
677 1782 772 1829 omne
788 1762 998 1846 obsequium,
1016 1763 1103 1846 quod
1118 1783 1138 1827 a
1153 1769 1264 1830 vestra

8 1849 36 1972 j'ssj
127 1868 212 1934 mihi
230 1868 328 1934 suerit
342 1871 542 1954 paternitate
557 1871 745 1954 injunctum.
772 1869 825 1934 At
841 1869 923 1934 nate
938 1869 1037 1952 igitur
1060 1869 1263 1936 trementum

127 1982 278 2041 vestram
294 1977 489 2061 propensius
500 1977 665 2045 exorando
676 1977 828 2064 deposco,
846 1983 1006 2060 quatenus
1024 1977 1160 2044 latorem
1172 1999 1263 2064 prae-

10 2075 29 2104 ”
128 2086 273 2150 sentium
290 2105 354 2151 non
371 2085 553 2153 detinentes
571 2085 658 2172 apud
674 2105 733 2154 vos
743 2135 752 2170 ,
776 2104 937 2173 personae
953 2090 1084 2151 vestrae
1099 2107 1137 2152 ae
1161 2087 1263 2170 digni·

127 2195 211 2258 tatis
240 2199 361 2258 statum
387 2194 464 2260 mihi
490 2193 805 2260 desideratissimum
830 2211 888 2277 per
913 2191 1049 2257 eundem
1075 2193 1264 2277 portitorem

128 2299 229 2365 vobis
246 2299 483 2384 fidelissimum,
501 2301 644 2383 mihique
660 2299 874 2382 carissimum,
890 2299 1008 2366 vestris
1024 2299 1142 2366 litteris
1159 2299 1264 2386 parvi-

8 2418 23 2430 *
131 2405 195 2472 tati
212 2425 308 2472 meae
324 2405 508 2492 significare
523 2427 589 2473 non
605 2405 833 2490 dedignemini.

497 2603 650 2674 (Ugyanott
662 2605 715 2657 111.
729 2605 786 2656 ket.
804 2605 863 2656 195.
876 2600 905 2672 1.)

568 2875 830 2894 m

545 3356 549 3364 ⁴
675 3398 729 3467 tt.

135 3597 335 3685 Spalatdbau
363 3621 384 3662 a
399 3601 593 3667 azeut‘Pdter·
607 3609 784 3664 montottora
800 3599 832 3663 e'a
846 3599 915 3666 tote
939 3601 1040 3666 ottaut'
1067 3597 1158 3664 tultos
1182 3596 1268 3662 boati

422 3707 687 3795 eqyeeetlenadqelr
702 3706 870 3775 eliutezdae.
892 3709 989 3773 1176.

248 3903 286 3968 In
304 3901 424 3970 Christi
440 3904 571 3970 nomine
586 3903 700 3970 Amen.
718 3903 814 3970 Auno
830 3903 872 3968 ab
888 3903 1118 3972 Inearnatione
1136 3905 1268 3972 Domini

139 4009 245 4079 nostri
262 4011 341 4076 Jesu
358 4011 477 4078 Christi
502 4010 675 4078 millesimo
693 4009 872 4078 eeutesimo
897 4010 1138 4097 septuagesimo
1164 4017 1267 4094 sexto,

137 4117 323 4184 Indietione
341 4139 416 4186 vero
433 4137 531 4184 nona.
548 4120 720 4202 Regnante
732 4117 861 4186 domino
878 4124 989 4186 nostro
1006 4117 1156 4184 Manuale
1172 4117 1268 4183 Saue-

138 4227 268 4292 tissimo
294 4227 514 4311 Imperatore,
541 4233 573 4292 et
588 4227 622 4294 in
638 4226 722 4293 Sede
738 4225 833 4292 Beati
849 4227 982 4295 Domnii
1007 4223 1193 4311 presidente
1215 4224 1269 4292 do-

8 4379 10 4434 ,
141 4333 230 4399 mino
247 4332 403 4400 Rainem'o
426 4334 605 4401 venerabili
621 4335 895 4421 Archiepiseop03
913 4339 946 4399 et
960 4334 993 4400 in
1010 4333 1141 4400 eivitate
1156 4331 1269 4418 Spala-

8 4459 10 4520 ξ
141 4441 212 4505 tina
228 4437 391 4506 existente
402 4437 528 4508 Gemite
542 4442 694 4525 Martiae,
711 4447 742 4507 et
756 4441 790 4508 in
806 4438 1099 4507 bucoaratuhiiehe
1111 4437 1168 4506 fibi
1184 4436 1269 4528 (tgy)

140 4545 285 4613 Bredani
311 4547 373 4614 hoe
398 4555 506 4614 aetum
523 4553 593 4614 est:
619 4547 699 4616 (lum
718 4549 870 4616 instantis
885 4552 1043 4634 temporis
1068 4547 1179 4614 omnia
1203 4548 1270 4614 sint

144 4659 376 4724 momentanea
392 4664 425 4723 et
440 4658 637 4745 transitoria,
654 4666 687 4727 et
702 4679 828 4746 queque
844 4657 978 4746 dilapsa
992 4657 1116 4726 nullum
1135 4656 1270 4726 ulterius
