3202 5190
650 1033 728 1101 226.

87 1345 93 1356 .
126 1248 283 1313 Bertbold
308 1248 450 1314 tricem·
475 1249 622 1314 e'raebnelc
648 1249 747 1314 trttete
763 1250 878 1316 Donec
898 1253 979 1316 need
1001 1251 1103 1319 dirtoit
1122 1253 1218 1338 felatt
1234 1277 1255 1319 o

286 1356 517 1442 punnoubulmi
531 1360 667 1444 opdtacip
682 1360 839 1424 redmdra.
862 1361 1092 1428 1214-1218.

239 1591 464 1682 B(erthcldus)
482 1595 542 1660 Dei
559 1595 674 1678 gracia
687 1595 875 1664 Colocensis
896 1594 1170 1683 Archicpiscopus
1186 1599 1252 1666 vui·

129 1704 237 1772 uersis
253 1710 320 1769 tam
337 1704 555 1790 presentibus,
573 1723 670 1787 quam
686 1702 814 1788 futuris,
841 1703 882 1770 ad
899 1725 979 1791 quos
1001 1705 1107 1772 littere
1121 1726 1253 1791 presen-

129 1820 180 1880 tes
197 1811 405 1898 peruenerint
416 1863 425 1896 ,
451 1811 638 1877 salutemet
658 1811 932 1878 benediccionem.
959 1811 1127 1897 Nolentes,
1152 1821 1187 1880 vt
1202 1834 1253 1898 ea,

131 1941 195 2008 que
211 1921 273 1988 sub
289 1928 400 1989 nostre
427 1920 656 1988 sollicitudinis
682 1919 788 1989 oiiicio
805 1923 901 1988 finem
920 1921 1062 1990 debitum
1088 1943 1254 2008 persense-

127 2038 223 2112 runt,
250 2049 322 2097 cum
340 2028 483 2113 quadam
509 2029 733 2114 columpniosu
761 2029 1033 2114 tergiuersacione
1059 2031 1253 2099 suscitentur

127 2139 359 2224 imposterum,
386 2135 591 2204 uniuersitati
609 2143 749 2203 vestrum
765 2143 875 2205 notum
894 2137 1051 2223 fecimus,
1077 2139 1163 2224 quod
1176 2149 1252 2207 'oum

126 2246 168 2312 dc
192 2242 398 2311 consciencia
423 2241 547 2310 domini
571 2243 672 2327 Regis
697 2248 729 2310 et
746 2262 916 2330 consensu,
945 2244 1158 2312 Lenstachius
1184 2265 1252 2332 pre-

128 2352 219 2418 dium
236 2348 399 2434 quoddam
415 2368 508 2416 suum
523 2369 595 2416 cum
607 2349 801 2434 hominibus,
813 2351 931 2418 Dunne
947 2357 1107 2436 vocatum,
1119 2352 1252 2438 pietatis

125 2458 246 2526 intuitu
263 2457 459 2525 Monesteric
473 2458 585 2526 Sancti
600 2457 732 2524 Martini
748 2457 780 2522 in
797 2458 908 2526 Monte
927 2457 1042 2544 (Sucro
1058 2459 1250 2548 Pannonio),

121 2569 198 2651 jure
224 2571 382 2652 perpetuo
406 2565 641 2652 possidendum
658 2565 868 2650 contulisset,
896 2566 997 2634 irater
1019 2567 1122 2654 ipsius
1147 2568 1252 2654 Ethey

125 2673 259 2743 nomine
276 2691 408 2742 suorum
424 2673 518 2742 nobis
535 2692 583 2758 co,
602 2672 688 2757 quod
703 2672 825 2759 prefati
843 2674 1035 2760 Monosterij
1048 2675 1152 2760 judex
1167 2695 1252 2744 esse·

127 2802 201 2850 mus
217 2801 257 2850 ac
268 2780 428 2866 defensor,
446 2781 625 2868 proposuit,
642 2781 800 2866 quoduec
816 2781 927 2865 tenuit,
945 2802 1006 2849 nec
1016 2790 1125 2850 tenere
1141 2783 1253 2852 debuit

125 2892 160 2957 in
177 2891 323 2978 predicto
340 2890 454 2978 predio
470 2889 558 2958 iacta
573 2889 721 2960 donacio.
746 2891 811 2958 Sed
828 2890 904 2958 dum
920 2890 954 2958 id
974 2893 1114 2979 probare
1130 2893 1252 2959 niteba-

124 3007 187 3083 tur,
203 3001 238 3066 in
255 3019 356 3066 causa
366 2999 544 3082 succubuit,
561 3006 595 3066 et
610 2996 782 3082 injudicio
794 2999 959 3066 remansit.
978 2998 1072 3066 Vnde
1088 2999 1251 3086 prefatum

125 3105 275 3192 predium
292 3125 364 3172 cum
390 3105 458 3172 suis
474 3104 685 3190 pertinencijs
701 3123 760 3189 per
786 3103 978 3188 pristsidnm
1003 3112 1149 3172 nostrum
1168 3107 1250 3174 Both

125 3213 343 3282 Bachiensem
358 3211 559 3280 Canonicum
579 3209 727 3293 circuiri,
754 3210 869 3277 metari
889 3230 927 3276 ac
952 3215 1127 3278 memerato
1143 3213 1252 3280 Moue-

125 3322 226 3390 sterio
240 3321 350 3388 Sancti
365 3319 498 3388 Martini
514 3320 650 3388 fecimus
667 3317 842 3404 assignari.
865 3317 1076 3386 Postmodum
1092 3338 1168 3387 vcro
1185 3323 1252 3404 qui-

126 3433 204 3500 dum
228 3432 361 3517 cognati
386 3430 551 3513 ciusdem,
579 3429 722 3498 Knesius
741 3427 866 3496 scilicet
890 3433 922 3495 et
938 3429 1026 3497 Jewr
1046 3436 1151 3498 metes
1176 3431 1251 3498 illes

126 3541 322 3610 auctoritate
346 3539 480 3627 propria
496 3539 734 3606 destruxerunt.
764 3539 948 3624 Superque
972 3557 1045 3606 eum
1060 3538 1103 3605 ab
1123 3539 1252 3607 Abbate

126 3649 314 3737 supradicto
340 3669 448 3716 corum
465 3648 562 3716 nobis
578 3647 847 3730 conuenirentur,
874 3647 1065 3714 asserebant
1091 3648 1251 3734 prefatam

125 3758 341 3826 donacionem
357 3777 422 3825 non
440 3763 561 3840 tenere,
579 3754 637 3822 scd
654 3752 697 3821 ad
714 3774 749 3822 sc
766 3761 886 3821 terrem
897 3755 1058 3840 prefatam
1075 3756 1195 3824 debere
1211 3757 1252 3824 de

121 3869 195 3952 jure
211 3867 384 3954 portinere.
410 3867 529 3933 Verum
553 3863 707 3949 quonium
724 3870 756 3930 et
773 3862 857 3948 ipsi,
883 3863 966 3931 sieut
987 3870 1020 3930 et
1044 3863 1252 3951 supradictus

125 3977 232 4062 Etbey
248 3996 270 4042 a
285 3993 386 4042 causa
410 3972 469 4040 iile
484 3969 680 4054 cecideruut,
706 3985 767 4039 uos
782 3969 868 4036 dicte
883 3975 968 4038 terre
984 3976 1088 4038 metas
1106 3992 1165 4057 per
1181 3993 1251 4058 pre-

125 4084 327 4152 nominatum
347 4081 540 4170 pristaldnm
557 4085 702 4148 nostrum
713 4079 907 4162 releuantcs,
924 4097 997 4144 eam
1016 4078 1132 4146 iterum
1142 4081 1250 4147 Mona-

126 4193 226 4260 sterio
252 4191 364 4259 Sancti
380 4189 511 4258 Martini
538 4207 598 4275 per
620 4186 821 4254 sentenciam
846 4183 1046 4252 definieram
1071 4187 1251 4270 essignuni-

126 4321 198 4368 mus
207 4353 217 4386 ,
242 4300 371 4387 ipsique
386 4297 528 4368 Knesius
553 4302 586 4364 et
600 4295 690 4364 Jwer
707 4293 803 4362 nobis
823 4293 992 4379 injudicio
1016 4303 1250 4362 remanserunt.

126 4408 222 4475 Nunc
238 4413 366 4491 anum,
392 4405 546 4492 quoniam
561 4403 660 4472 rebus
677 4401 780 4486 gestis
796 4401 965 4468 nouercari
990 4401 1157 4470 consueuit
1173 4402 1250 4469 obii-

129 4516 194 4598 uio,
218 4513 467 4584 considerantes
484 4511 599 4596 eciam,
623 4507 710 4595 qnod
729 4506 924 4576 habundans
941 4527 1057 4577 nocere
1072 4529 1137 4576 non
1160 4509 1251 4577 nouit

127 4624 274 4710 astucia,
300 4623 343 4694 ad
359 4621 493 4695 maioris
509 4619 636 4694 cuuteie
660 4617 833 4705 cumulum,
848 4615 914 4687 ium
930 4615 1015 4687 dicte
1031 4635 1129 4688 cause
1143 4617 1251 4702 cogni-
