3200 5182
887 888 962 955 267.

362 1075 385 1136 Ι.
404 1073 526 1135 Otoloor·
544 1073 609 1135 caelu
629 1071 736 1155 tiroty
753 1073 783 1134 e's
799 1074 865 1156 ucje
878 1071 1087 1135 Kouslauezia
1099 1071 1248 1134 Bizoneze
1268 1074 1362 1132 vetros
1370 1067 1493 1154 joquil,

489 1177 702 1262 Lrouqutmp
719 1181 810 1241 oriros
829 1180 1014 1263 miuto'jo'ro,
1030 1177 1239 1262 otcpcrb'sitilc.
1258 1177 1354 1240 1223.

472 1375 509 1438 In
526 1373 656 1439 nomine
672 1373 792 1439 Sancte
808 1381 839 1438 et
851 1373 1201 1440 Indiuidue'lrinitatis
1217 1373 1332 1439 Amen.
1349 1370 1495 1436 Prouide

364 1501 400 1544 ae
419 1477 629 1544 laudabiliter
646 1498 704 1562 per
721 1479 986 1563 predecessorum
998 1479 1146 1545 instituta
1164 1487 1195 1546 et
1211 1478 1366 1546 ordinata
1384 1480 1497 1544 incon-

364 1587 459 1652 uulsa
473 1606 600 1671 quoque
617 1607 810 1653 conseruare
834 1594 865 1652 et
890 1587 984 1670 tueri,
1001 1587 1102 1672 Regio
1126 1607 1204 1654 sane
1230 1594 1280 1654 est
1294 1587 1495 1655 Maiestatis.

365 1695 447 1762 Hine
465 1701 524 1780 est,
541 1695 627 1778 quod
643 1715 704 1780 ego
722 1695 911 1783 Ottakarus,
929 1695 985 1778 qui
1005 1701 1037 1760 et
1053 1696 1198 1780 Premizl,
1217 1698 1275 1760 Dei
1291 1697 1408 1781 gracia
1424 1699 1495 1762 lter

365 1804 581 1870 Bohemorum
608 1809 640 1869 et
657 1804 731 1868 Dux
751 1804 967 1888 Morauorum,
995 1804 1195 1870 innotescere
1220 1805 1315 1890 cupio
1341 1807 1492 1871 omnibus

344 1897 432 1975 'tam
459 1910 664 1995 presentibus
690 1931 788 1994 qnam
806 1910 1006 1977 successuris
1023 1911 1055 1975 in
1073 1912 1211 1996 Christo,
1238 1913 1380 1997 qualiter
1404 1915 1492 1981 eines

366 2020 468 2086 nostri
494 2019 603 2084 dilecti
630 2020 669 2083 de
687 2018 823 2103 Bisinze,
845 2018 1038 2084 aecedentes
1055 2019 1097 2083 ad
1121 2039 1191 2085 mee
1207 2019 1399 2086 Serenitatis
1425 2041 1491 2107 pre-

368 2127 507 2194 sentiam
533 2127 566 2191 in
594 2125 752 2210 Godioge‚
779 2127 942 2193 humiliter·
965 2127 1210 2212 supplicarunt,
1236 2129 1391 2211 quatinus
1414 2130 1491 2214 ipsis

369 2233 577 2318 priuilegium
604 2233 687 2298 bono
711 2239 742 2296 et
768 2233 821 2317 pie
847 2235 999 2300 memorio
1025 2233 1134 2299 dilecti
1159 2232 1268 2299 fratris
1293 2237 1396 2302 nostri
1412 2240 1489 2303 llar-

368 2341 491 2408 ehionis
508 2338 652 2404 Morauie
681 2340 811 2404 nomine
836 2341 1032 2426 Wladjzlay,
1059 2341 1145 2424 quod
1169 2341 1326 2426 temporis
1352 2350 1384 2408 et
1410 2345 1490 2428 ignis

368 2447 485 2537 iniuria
501 2467 566 2512 non
592 2446 718 2512 modice
736 2448 839 2513 lesum
856 2449 973 2533 extitit,
1000 2449 1191 2515 innovarem
1214 2456 1246 2514 et
1271 2449 1491 2519 fauorabiliter

370 2557 603 2621 confirmarem.
622 2553 722 2621 Cuius
739 2555 891 2623 videlicet
906 2563 998 2626 tenor
1008 2559 1040 2624 in
1060 2557 1119 2624 hec
1136 2560 1238 2624 verba
1249 2559 1390 2644 scriptus
1408 2570 1488 2628 erat:

478 2663 514 2728 ln
541 2663 671 2730 nomine
694 2665 825 2732 Domini
842 2667 955 2733 Amen.
983 2669 1051 2753 Ego
1076 2667 1254 2749 Henrious,
1282 2670 1337 2753 qui
1363 2671 1492 2738 etll'la-

371 2773 495 2840 dizlaus
512 2773 574 2838 Dei
599 2773 715 2856 gracia
730 2774 873 2841 Marehio
890 2775 1052 2860 Morauie,
1077 2775 1237 2842 uniuersis
1254 2775 1377 2844 Christi
1399 2739 1492 2844 fideli-

372 2884 432 2949 bus
449 2887 516 2946 tam
533 2880 692 2946 modernis
708 2901 805 2964 quam
822 2883 910 2968 ipsos
927 2882 1086 2950 secuturis
1104 2885 1136 2948 in
1154 2892 1355 2970 perpetuum.
1377 2886 1495 2951 Prinei-

374 2991 459 3077 palis
474 2989 619 3077 profecto
635 2991 739 3074 glorie
753 2990 951 3056 excellencia
961 2991 1091 3056 clariori
1101 2992 1256 3076 effulgere
1267 2993 1350 3059 solet
1366 2995 1494 3077 lumine,

375 3100 450 3166 dum
466 3099 633 3166 ciuitatum
649 3100 831 3183 amplarum
849 3100 1040 3185 splendente
1056 3121 1189 3166 numero
1208 3099 1409 3166 circumdata
1425 3121 1495 3168 esse

374 3207 522 3273 comitur.
549 3203 627 3273 Ideo
652 3225 712 3290 ego
729 3206 928 3274 Wladizlaus
952 3207 1014 3272 Dei
1038 3208 1151 3293 gracia
1174 3205 1318 3274 Marchio
1343 3209 1494 3293 Morauie,

375 3315 489 3382 uolens
507 3313 620 3379 uillam
637 3313 798 3380 forensem
814 3315 943 3382 nomino
959 3315 1090 3381 Bizince
1102 3336 1192 3381 muro
1209 3313 1287 3381 forti
1304 3321 1496 3398 construere,

375 3427 407 3486 et
422 3422 468 3486 ita
479 3419 650 3505 ampliare,
669 3425 703 3484 ut
719 3422 839 3488 honore
856 3429 888 3489 et
899 3423 1109 3508 prerogatus
1126 3429 1305 3490 ceterarum
1316 3431 1499 3489 nostrarum

376 3527 544 3593 ciuitatum
570 3529 799 3612 congauderet,
825 3530 1008 3598 relexanrus
1034 3539 1067 3597 et
1086 3533 1214 3616 penitus
1239 3530 1434 3598 remittimus
1459 3532 1499 3597 ad

378 3635 512 3718 triginta
529 3656 686 3702 annorum
704 3638 846 3722 spatium
863 3639 944 3726 ipsis
962 3640 1086 3706 ciuibus
1103 3641 1143 3706 de
1154 3639 1285 3705 Bisince
1301 3659 1435 3706 censum
1450 3641 1499 3705 de-

375 3742 539 3810 nariorum
568 3749 599 3808 et
616 3764 785 3812 mensuras
811 3769 948 3832 annone,
975 3769 1037 3832 que
1052 3747 1267 3816 Serenissime
1296 3747 1430 3814 domine
1445 3749 1500 3813 Re·

377 3853 677 3937 gineBoltemorum
694 3855 823 3920 nomine
835 3853 1029 3922 Constancic
1046 3856 1140 3921 annis
1162 3853 1301 3937 singulis
1312 3855 1500 3940 persoluere

379 3960 553 4027 debebant.
571 3963 651 4027 Item
663 3963 821 4046 uolumus,
841 3969 875 4029 ut
888 3983 928 4028 ex
939 3971 1064 4030 nuncet
1080 3965 1113 4029 in
1127 3963 1269 4030 futurum
1286 3983 1401 4029 omnes
1412 3963 1502 4048 culpe

377 4070 409 4134 in
428 4070 501 4155 ipsa
518 4069 651 4134 ciuitate
669 4069 761 4134 iuxta
778 4070 838 4152 ius,
861 4071 947 4152 quod
963 4092 984 4134 a
1000 4070 1131 4136 ciuitate
1148 4069 1357 4136 Breczislaua
1374 4091 1503 4155 aecepe-

378 4183 461 4260 runt,
488 4182 520 4242 et
539 4175 706 4259 antiquom
733 4178 1010 4259 consuetudinem,
1037 4177 1226 4262 iudicentur,
1253 4182 1361 4261 preter
1387 4197 1504 4262 graues

378 4285 502 4368 orrlpaS,
520 4303 582 4367 que
599 4303 707 4350 eoram
723 4285 817 4350 nobis
835 4285 887 4349 ucl
904 4285 1025 4350 nostris
1040 4283 1202 4350 iudicibus
1219 4283 1339 4349 debent
1358 4283 1503 4350 iudicari.

382 4393 462 4456 Item
479 4391 606 4474 siluam,
633 4409 695 4472 que
712 4391 890 4475 vulgariter
916 4391 1033 4456 dicitur
1049 4391 1215 4476 Dubraua,
1241 4391 1322 4476 ipsis
1348 4390 1505 4459 tradimus

380 4479 619 4581 extirpandum,
648 4497 699 4562 uel
715 4497 748 4562 in
774 4519 853 4564 ursus
880 4519 956 4565 suos
981 4499 1192 4582 retinendam,
1219 4497 1396 4564 secundum
1422 4499 1504 4581 quod

381 4603 443 4667 sibi
460 4605 636 4689 placuerit;
663 4626 760 4688 quam
786 4607 1012 4674 circumeundo
1039 4608 1155 4694 positis
1177 4606 1313 4688 aceruis,
1340 4605 1394 4689 qui
1412 4606 1505 4692 kopei
