3218 5192
790 309 944 412 Q

415 509 592 576 Pharensis
608 509 790 596 Episcopus
817 507 939 574 habeat
962 507 1073 576 sedern
1099 527 1191 574 suam
1207 505 1240 573 in
1264 507 1373 590 Phar,
1401 512 1435 571 et

308 615 430 682 habeat
445 619 506 685 has
521 617 719 702 Perochias,
736 617 841 702 Phar,
855 617 1023 702 Bretiam,
1043 621 1076 682 ct
1091 615 1239 700 hissam,
1257 614 1434 683 Corceram

308 723 454 811 Laetam,
471 732 504 792 et
517 727 649 811 hiulcat,
666 730 815 794 ettotam
832 723 997 793 Crainam.

411 835 580 903 Ecclesiae
589 856 666 903 vcro
675 833 787 902 Sancti
797 835 954 922 Stephani
964 833 1075 920 Regis,
1086 841 1118 900 et
1128 833 1284 921 Capellae
1300 838 1434 901 nostrae

307 939 341 1006 in
357 941 478 1010 honore
487 943 599 1012 Sancti
614 943 635 1011 J
638 943 755 1012 oannis
765 943 1008 1028 Evangelistac,
1025 963 1124 1029 qnam
1138 963 1198 1011 nos
1208 963 1306 1008 manu
1318 949 1434 1008 nostra

309 1053 583 1137 consecravimus,
599 1053 685 1119 hanc
700 1051 938 1121 ordinationem
954 1051 1110 1119 fecimus:
1127 1049 1222 1129 Quod
1237 1051 1268 1117 ei
1282 1055 1359 1137 post
1374 1046 1432 1113 Ar·

309 1158 551 1248 chiepiscopum
575 1161 684 1230 nullus
699 1161 841 1249 praesit,
865 1161 930 1230 nisi
946 1161 1100 1229 sacerdos
1116 1159 1147 1226 ei
1166 1159 1354 1244 ordinatus,
1381 1155 1434 1222 cni

309 1265 368 1334 hor
385 1269 507 1337 reditus
526 1271 688 1338 communi
703 1271 873 1337 voluntate
897 1268 1034 1336 fratrum
1049 1268 1094 1334 ibi
1114 1267 1336 1334 assistentium
1360 1286 1432 1335 eon·

310 1378 486 1444 cessimus:
504 1377 639 1444 Vineam
656 1398 754 1445 unam
771 1377 804 1444 in
819 1377 921 1461 Biaci,
941 1397 1040 1462 qnam
1057 1376 1234 1462 aquodam
1249 1373 1432 1458 Tragurino

309 1483 377 1550 tilio
391 1484 527 1551 Eirmini
543 1483 776 1570 Galogeorgii,
797 1484 929 1570 justitia
945 1484 1099 1568 dictante
1122 1484 1247 1568 judicio
1266 1483 1434 1551 Pirsemiri

309 1599 385 1658 tnnc
400 1592 554 1675 'l'ragnrii
571 1592 705 1660 Comitis
721 1592 914 1678 recepimus,
936 1593 1027 1676 cujus
1044 1611 1165 1658 causac
1183 1591 1369 1676 prestaldns
1384 1597 1435 1656 cst

310 1698 414 1767 Cerne
429 1700 515 1767 tilius
531 1699 698 1786 Cypriani.
727 1701 842 1765 Testes
859 1707 934 1766 sunt
952 1703 1070 1766 Petrus
1086 1699 1236 1785 ananus
1260 1698 1346 1765 filius
1362 1697 1434 1764 Ore-

309 1810 446 1894 gorelli,
473 1816 506 1876 et
520 1810 681 1877 Martinus
697 1809 738 1876 de
754 1809 951 1895 Benedicite,
968 1809 1074 1878 etalii
1093 1811 1311 1897 quamplures.
1329 1809 1370 1874 Et
1384 1806 1433 1874 iti-

309 1918 383 1984 dem
398 1917 432 1982 in
448 1917 539 1984 Biaci
554 1923 674 1984 terram
691 1917 733 1981 ad
750 1916 831 1984 duos
849 1917 960 2003 boves,
984 1918 1102 1984 bovem
1118 1921 1150 1983 ct
1165 1937 1309 1983 vaccam.

417 2027 595 2094 Statuimus
622 2025 783 2111 siquidem
794 2077 803 2111 ,
830 2035 864 2094 ut
887 2027 969 2092 nulli
992 2025 1122 2094 omnino
1148 2025 1313 2093 hominnm
1337 2025 1433 2091 liceat

310 2137 394 2202 hanc
409 2136 565 2222 paginam
581 2141 713 2202 nostrae
738 2136 978 2204 constitutionis
994 2141 1026 2201 ct
1046 2136 1301 2204 confirmationis
1324 2133 1433 2200 infrin-

310 2265 397 2328 gere,
414 2245 466 2312 vel
483 2245 512 2310 ei
529 2245 737 2328 aliquatenus
753 2244 924 2312 contraire.
943 2244 1097 2328 Quisquis
1107 2266 1185 2313 vero
1202 2265 1284 2311 ausu
1300 2251 1431 2311 temera·

308 2351 357 2418 rio
367 2351 402 2417 id
411 2350 519 2418 iacere
532 2352 784 2438 attemptaverit,
795 2351 1053 2436 indignationem
1064 2352 1302 2440 Omnipotentis
1312 2352 1385 2435 Dei,
1402 2357 1432 2416 et

311 2465 468 2543 nostram,
494 2479 534 2524 ac
550 2458 687 2526 fratrum
702 2465 885 2527 nostrorum
901 2459 1171 2544 maledictionem,
1196 2478 1232 2527 se
1247 2459 1374 2528 noverit
1389 2461 1431 2526 in·

311 2586 487 2651 cursurum,
505 2572 537 2632 et
547 2566 666 2634 Sancto
676 2567 815 2634 Domnio
827 2573 1000 2652 componat
1013 2573 1141 2634 centum
1157 2588 1285 2636 marcas
1296 2569 1431 2651 argenti.

216 2689 218 2694 ·
308 2674 534 2762 Praecipimus
543 2674 686 2761 insuper,
705 2674 792 2758 quod
808 2693 966 2761 praersen
978 2675 1135 2761 scriptum
1150 2675 1183 2742 in
1198 2677 1315 2764 majori
1326 2677 1432 2743 Eccle-

309 2786 361 2850 sia
375 2783 437 2849 sub
453 2803 532 2850 cura
547 2782 784 2852 Canonicorum
801 2789 956 2868 servetur,
974 2783 1030 2867 qui
1045 2783 1116 2851 loco
1134 2787 1255 2869 nostri,
1282 2785 1360 2851 dum
1376 2785 1431 2850 Ec·

310 2891 413 2959 clesia
427 2901 543 2977 vacat,
568 2899 635 2959 tam
651 2891 843 2979 Episcopis,
870 2891 904 2957 in
920 2891 1038 2976 quibus
1053 2893 1221 2959 Ecclesiae
1240 2893 1373 2960 obedire
1385 2894 1433 2978 ju-

308 3005 454 3067 ramento
469 3005 638 3085 tenentur,
665 3019 764 3085 qnam
778 2999 930 3069 universo
947 2997 1042 3067 Glero
1059 3008 1192 3067 nostrae
1207 3002 1378 3069 Dioeeesis
1394 3000 1434 3066 de

304 3109 379 3192 jure
394 3113 559 3192 praesunt,
584 3105 858 3172 etauctoritatem
876 3105 998 3172 habent
1013 3105 1215 3192 imperandi,
1239 3111 1275 3172 ut
1291 3106 1320 3172 si
1336 3107 1434 3172 alicui

309 3216 466 3284 violentia
481 3214 578 3283 fuerit
592 3214 696 3298 illata,
714 3215 836 3282 habeat
850 3215 928 3281 illuc
943 3233 1121 3300 recursum,
1139 3223 1171 3282 et
1186 3215 1215 3281 si
1231 3235 1313 3302 opus
1329 3213 1434 3299 fucrit,

308 3343 367 3409 per
392 3341 563 3388 censuram
586 3321 844 3388 eeclesiasticam
869 3322 1057 3390 eorumdem
1079 3321 1317 3391 Canoniccrum
1338 3325 1437 3408 juxta
1565 3362 1570 3372 ·

309 3430 602 3498 considerationem
618 3429 795 3518 puniantur
819 3433 966 3497 nolentes
982 3437 1095 3498 nostra
1110 3435 1233 3498 statuta
1248 3432 1435 3500 observare.

308 3538 353 3605 Ut
368 3544 477 3605 antem
492 3539 573 3604 haec
589 3537 762 3622 ordinatio,
789 3559 886 3622 quam
902 3540 953 3606 his
969 3538 1121 3625 personis
1138 3559 1211 3605 eam
1226 3539 1436 3626 approbanti-

309 3645 370 3712 bus
387 3645 578 3729 statuimus,
604 3645 766 3714 Flascone
780 3645 927 3713 Tiniensi
943 3646 1118 3734 Episcopo,
1140 3645 1297 3712 Michaclc
1312 3649 1436 3731 Tragu-

309 3752 407 3820 riensi
431 3751 615 3839 Episcopo,
641 3754 800 3820 Michaele
825 3753 1043 3822 Scardonensi
1068 3755 1251 3840 Episcoqo,
1280 3753 1436 3847 Mathaeo

309 3861 454 3929 Nonensi
469 3861 644 3951 Episcopo,
663 3863 788 3932 Miraeo
804 3863 970 3949 Signiensi
985 3862 1161 3950 Episcopo,
1177 3863 1344 3931 Matthaeo
1360 3861 1437 3930 Cor-

310 3969 459 4038 bariensi
473 3971 596 4057 Electo,
613 3971 722 4039 Mieha
731 3971 891 4038 Pharensi
906 3971 1030 4056 Electo,
1047 3973 1142 4038 Isaac
1156 3969 1267 4038 Sancti
1277 3969 1437 4058 Stephani

309 4078 448 4165 Abbate,
464 4079 635 4147 Vincentio
650 4079 864 4164 Traguriensi
879 4079 1020 4164 Abbate,
1045 4079 1161 4146 Duimo
1177 4078 1289 4145 Sancti
1304 4079 1437 4145 Domnii

309 4186 518 4271 Primieeric,
544 4189 672 4255 Joanne
687 4186 833 4253 Sacrista
848 4205 920 4255 enm
937 4191 1006 4255 toto
1032 4184 1177 4270 ejusdem
1192 4184 1361 4251 Ecclesiae
1378 4183 1437 4252 Ca·

309 4293 425 4380 pitulo,
441 4293 582 4362 Vilcotta
598 4293 889 4381 archipresbytero
900 4295 941 4361 de
956 4293 1075 4380 Olissa,
1091 4294 1232 4361 Vilcotta
1248 4293 1436 4380 Archipres·

310 4403 425 4489 hytero
442 4401 483 4467 dc
497 4399 611 4486 Kileo,
639 4401 767 4470 Gaudio
783 4401 1022 4471 Archidiacono
1038 4399 1252 4486 Traguriensi
1277 4420 1350 4467 eum
1367 4401 1436 4467 suis

311 4508 455 4600 clericis,
486 4509 607 4577 Prason
631 4508 923 4597 Archipresbytero
949 4508 1169 4578 scardonensi
1193 4527 1266 4574 cum
1289 4507 1437 4575 eiusdem
1505 4493 1509 4500 ’

310 4615 478 4686 Ecclesiae
492 4616 629 4709 clericis,
646 4617 811 4688 Desimiro
826 4617 957 4690 Licensi
972 4613 1267 4708 archipresbytero
1288 4635 1361 4688 eum
1371 4615 1438 4694 ele·
