3200 5182
359 1081 479 1149 Boldzc
488 1085 627 1150 cattoroi
637 1085 823 1174 pltrpltleuck
832 1085 1084 1172 udonsdnyoadou
1095 1081 1213 1150 Boocli
1225 1085 1314 1150 Mdtc'
1327 1089 1480 1153 edmero.

872 1193 968 1258 1227.

465 1384 503 1452 In
518 1385 647 1454 nomine
663 1389 726 1455 Dei
742 1387 867 1455 aeterni
891 1396 923 1454 et
939 1387 1121 1454 Salvatoris
1137 1389 1238 1456 nostri
1254 1389 1334 1456 Jesu
1351 1389 1480 1458 Christi.

357 1493 426 1579 ligo
443 1495 574 1563 Blasius
599 1496 675 1564 licet
700 1495 854 1581 indignus
880 1497 1092 1564 cathacensis
1113 1495 1295 1583 Episcopus
1321 1519 1386 1564 una
1411 1519 1481 1564 cum

359 1605 446 1672 omui
462 1602 654 1672 Catharensi
671 1605 766 1690 clero,
784 1623 844 1670 nec
859 1625 924 1672 non
940 1602 1189 1670 communitatis
1200 1605 1405 1690 praedictae;
1424 1605 1481 1671 suh

355 1719 500 1796 tempore
510 1709 631 1779 domini
642 1713 741 1795 Regis
752 1711 942 1794 Radoslavi,
960 1711 1096 1778 facimus
1108 1712 1193 1777 hunc
1207 1712 1306 1777 breue
1316 1713 1480 1778 hlatthaeo

356 1817 397 1885 (16
413 1817 529 1886 Bovali
545 1825 677 1906 propter
694 1821 813 1887 bonum
829 1817 1007 1900 seruitium,
1028 1819 1114 1904 quod
1130 1819 1231 1902 gessit
1248 1819 1335 1884 circu
1351 1826 1479 1886 nostrae

355 1927 521 1993 Ecclesiae
537 1931 569 1992 et
583 1935 715 1995 nostrae
741 1927 893 2011 civitatis,
921 1923 1087 1991 adducens
1103 1925 1196 1992 nobis
1223 1935 1321 2012 caput
1342 1927 1480 1994 Sanctis·

356 2033 428 2100 simi
441 2033 627 2121 Tryphonis
643 2033 745 2103 nostri
768 2033 970 2120 protectoris.
997 2033 1101 2118 Igitur
1118 2033 1158 2098 de
1174 2033 1270 2119 pleno
1292 2034 1390 2100 corde
1404 2033 1480 2099 faci-

355 2161 426 2207 mus
443 2141 505 2207 sibi
520 2141 671 2207 exenium
697 2141 873 2208 seeundum
889 2145 1035 2208 nostrum
1051 2160 1158 2226 posse,
1186 2147 1219 2205 et
1241 2139 1397 2208 donamus
1418 2142 1479 2208 sibi

354 2268 468 2333 agrum
486 2245 528 2312 de
542 2251 660 2315 Sancto
677 2247 859 2334 Theodoro,
879 2255 914 2314 ut
930 2249 1051 2315 habeat
1067 2247 1148 2314 illud
1168 2267 1240 2314 cum
1255 2249 1318 2314 Dei
1332 2249 1478 2315 benedic-

353 2356 441 2424 tione
457 2362 488 2422 et
503 2363 632 2440 nostra;
658 2364 690 2422 ct
705 2357 827 2423 habeut
842 2363 1036 2444 potestatum
1061 2377 1101 2422 ex
1117 2355 1173 2424 illo
1193 2357 1301 2424 lacere
1318 2377 1411 2424 suam
1427 2379 1478 2424 uo·

353 2463 521 2543 luntatem,
547 2464 631 2530 siout
656 2465 687 2531 ei
712 2465 881 2550 placuerit.
907 2465 948 2530 Et
964 2463 1025 2531 hoc
1049 2463 1113 2530 sibi
1136 2465 1352 2549 concedimus,
1379 2473 1414 2532 ut
1438 2487 1477 2531 ex

353 2570 441 2637 omni
467 2572 667 2658 collectione,
695 2592 779 2656 quae
802 2571 984 2639 incivitate
1007 2571 1114 2656 fuerit,
1141 2573 1182 2638 de
1205 2593 1327 2656 magna
1351 2573 1422 2640 sive
1438 2575 1477 2640 de

351 2679 496 2765 minima,
512 2679 585 2766 ipse
602 2687 633 2748 et
648 2681 706 2747 lilii
722 2682 803 2766 eius,
821 2687 852 2748 et
867 2682 1019 2748 universo
1042 2701 1101 2747 suo
1117 2679 1247 2767 herede,
1274 2683 1328 2766 qui
1344 2681 1477 2748 (161161-

350 2791 448 2859 thaeo
464 2791 533 2856 nati
549 2789 677 2876 luerint,
695 2791 759 2858 siut
776 2790 919 2858 absoluti
934 2789 977 2855 ab
994 2788 1080 2854 omni
1099 2787 1231 2855 datione
1241 2786 1428 2854 Communis
1443 2791 1476 2856 in

350 2907 554 2988 perpetuum.
582 2903 711 2966 Etcum
737 2907 831 2984 gesta
857 2898 898 2965 de
913 2901 975 2966 hac
1001 2897 1216 2965 translatione
1240 2897 1475 2983 scripserimus,

348 3011 458 3098 ipsum
473 3010 506 3076 in
522 3007 637 3076 eadem
653 3014 747 3091 gesta
762 3007 912 3074 scribam.
938 3009 981 3074 Et
995 3008 1076 3074 haec
1092 3007 1210 3091 omnia,
1227 3025 1312 3091 quac
1328 3007 1392 3074 sibi
1408 3025 1476 3092 per-

348 3119 515 3204 mittimus,
531 3124 563 3184 et
578 3124 783 3184 sacramento
799 3117 975 3203 firmamus,
996 3115 1222 3200 etquicunque
1234 3115 1297 3181 hoo
1312 3113 1475 3182 decretum

347 3227 530 3294 annihilare
546 3223 763 3311 temptaverit,
788 3231 820 3290 et
835 3223 922 3291 hanc
938 3223 1186 3310 permissionem
1205 3223 1268 3290 sibi
1284 3224 1397 3291 datam
1411 3245 1475 3290 non

347 3335 497 3420 audierit,
524 3354 564 3399 ex
581 3338 674 3418 parte
688 3331 751 3398 Dei
769 3331 1009 3417 Omnipotentis
1032 3331 1075 3398 sit
1091 3331 1295 3414 maledictus,
1321 3337 1353 3397 ct
1368 3331 1474 3397 subia-

348 3449 421 3508 ceat
437 3443 471 3510 in
487 3461 594 3527 poena
604 3439 956 3524 excommunicationis,
977 3437 1054 3505 dum
1064 3439 1136 3526 ipse
1151 3439 1280 3505 uixerit.
1297 3439 1340 3504 Et
1349 3439 1393 3504 ad
1403 3459 1474 3506 cou-

345 3547 537 3614 firmandum
553 3548 635 3614 haec
650 3547 771 3634 pagina
781 3547 934 3615 Notarius
945 3545 1146 3634 Capitularis
1162 3567 1203 3612 ex
1219 3547 1364 3614 iussione
1379 3547 1472 3634 Epis-

343 3657 418 3744 copi
437 3654 548 3741 juravi
573 3655 729 3742 Tryphon
751 3655 1009 3722 Archidiaconus
1035 3655 1322 3742 compresbytero
1346 3654 1471 3722 Jacobo

342 3761 643 3850 Archipresbytero,
667 3769 700 3829 et
722 3763 915 3849 presbytero
932 3763 1030 3829 Juuio
1057 3761 1244 3829 Communis
1266 3761 1416 3842 Notario,
1438 3769 1470 3828 et

344 3873 450 3940 multis
475 3872 550 3939 aliis
576 3871 789 3958 presbyteris,
805 3871 902 3937 unitis
926 3891 999 3937 cum
1015 3870 1202 3958 Tryphone,
1230 3867 1341 3937 Boline
1367 3871 1471 3938 66111-

342 3979 560 4066 tescellino,
593 3979 745 4065 quoniam
770 3977 844 4064 ipso
870 3984 1016 4064 tempore
1040 3977 1172 4044 Judices
1193 3977 1295 4060 jurati
1321 3985 1415 4044 eraut
1439 3979 1471 4044 in

343 4089 492 4156 Ciuitate.
518 4091 636 4155 Testes
661 4087 778 4154 exinde
805 4087 1020 4154 existentibus
1045 4085 1294 4169 Sergalludino,
1318 4087 1470 4152 Andreas

342 4197 460 4284 earth,
476 4196 602 4264 Marino
618 4196 758 4281 Moscho,
776 4197 920 4262 Joannes
937 4194 1054 4279 Eutioi,
1078 4195 1219 4261 Joannes
1239 4193 1396 4279 Jacobus,
1414 4193 1470 4259 Pe

340 4311 409 4371 trus
431 4305 516 4372 filius
540 4305 678 4371 Joannis
705 4303 877 4371 Dubicnis.
902 4303 944 4369 Et
969 4302 1030 4370 hoe
1056 4302 1185 4386 donum,
1212 4300 1300 4385 quod
1326 4299 1391 4368 sibi
1415 4299 1469 4367 da·

339 4433 422 4496 mus,
447 4415 554 4480 nullus
569 4413 665 4481 homo
681 4420 868 4499 praesumat
893 4413 957 4478 sibi
977 4431 1050 4478 eum
1065 4413 1180 4480 tollere
1205 4430 1264 4494 pro
1292 4410 1468 4491 qualicum-

339 4539 402 4604 que
417 4539 476 4588 suo
500 4521 620 4594 debito.
643 4523 715 4590 Hoc
729 4521 790 4588 fuit
813 4517 899 4588 auno
915 4520 1087 4588 millesimo
1105 4515 1327 4603 CCX(X)Vll.
1344 4517 1467 4585 mensis

338 4625 498 4694 Octobris.
