3164 5192
593 347 744 449 gau—

104 547 235 623 remota,
253 542 429 608 secuudum
455 543 738 627 constitutionem,
765 563 862 627 quam
886 545 1046 616 edidimus
1071 552 1229 620 adversus

103 649 271 730 hereticos,
289 648 485 733 procedatis,
512 649 667 715 attentius
686 651 869 735 provisuri,
895 658 930 716 ut
946 655 1051 721 Deum
1075 657 1231 726 habentes

102 775 156 840 pre
172 756 277 822 oculis
294 756 485 822 mandatum
501 765 647 825 nostrum
663 777 735 824 cum
754 759 842 824 cumi
859 761 1002 845 puritate
1021 783 1060 828 ac
1077 765 1230 832 sollicitu-

102 861 175 928 dine
190 863 351 929 studeatis
368 864 514 950 implcre.
541 865 609 930 Nos
627 865 711 930 cuim
728 867 932 950 sententiam,
956 889 1054 953 quam
1072 874 1228 939 canonice

101 971 317 1056 protuleritis,
346 980 453 1039 ratam
472 973 684 1055 babebimus,
706 983 738 1040 et
754 973 910 1041 faciemus
926 985 1058 1044 auctore
1075 981 1156 1064 Deo,
1186 981 1229 1045 in·

102 1079 297 1148 violabiliter
322 1083 503 1148 observari.
531 1085 652 1148 Datum
668 1083 822 1149 Laterani
842 1085 900 1150 XI.
918 1086 1080 1153 kalendas
1096 1089 1229 1154 Deccm-

100 1188 173 1270 bri's‚
190 1190 405 1256 Pontificatus
423 1193 525 1258 nostri
542 1212 628 1259 anno
646 1193 768 1275 quinto.

101 1388 209 1452 (iligna,
233 1391 386 1440 innocentii
408 1393 459 1442 111.
473 1393 575 1443 Summi
589 1391 728 1442 Pontificis
741 1405 823 1455 opera
845 1393 867 1442 1.
882 1393 936 1442 kbt.
957 1394 1031 1444 1108.
1046 1395 1081 1455 l.;
1105 1391 1229 1456 Theiuar,

224 1479 325 1529 Vetera
338 1481 513 1531 Mcuunreuta
527 1481 667 1532 Slavorum
681 1478 896 1532 Moridicnallum
910 1483 932 1531 Ι.
947 1483 1002 1533 lrtlt.
1019 1485 1059 1534 lb.
1073 1482 1103 1548 l.)

530 1766 710 1776 -um

99 2409 283 2474 Joarmitr'aa
301 2407 532 2490 Bolpdrorozu'p
548 2405 804 2490 orolkodojctnak
823 2407 946 2472 rdloczu
962 2409 1023 2474 III.
1040 2411 1126 2473 lacae
1138 2415 1228 2498 pdpa

437 2514 509 2576 128.
526 2535 567 2574 ετ.
584 2536 613 2576 α.
631 2512 768 2577 lcocle‘re.
792 2517 887 2577 1202.

203 2690 395 2759 Venerabili
420 2697 452 2754 et
474 2689 685 2757 sanctissimo
709 2692 796 2774 patri
819 2693 950 2759 Summo
967 2693 1131 2776 Pontifice,
1155 2695 1226 2778 Ego

100 2801 341 2869 Galoiohannes
357 2798 542 2882 Imperator
561 2797 776 2880 Bulgarorum
793 2805 825 2864 et
841 2799 1044 2884 Blaehorum,
1070 2801 1225 2885 gaudium

101 2917 130 2974 ct
144 2908 286 2973 salutem
303 2905 423 2972 mando
440 2905 511 2969 tibi.
528 2903 648 2971 Notum
665 2903 801 2970 facimus
815 2907 987 2972 Sanctitati
1005 2915 1122 2990 vestre,
1140 2908 1226 2991 quod

101 3035 157 3082 nos
173 3015 362 3100 accepimus
380 3019 507 3080 vestras
524 3021 752 3080 sacrosanctas
770 3013 915 3099 litteras,
942 3033 1024 3097 quas
1041 3014 1135 3080 nobis
1157 3035 1227 3098 por-

100 3123 178 3190 tauit
193 3122 372 3206 religiosus
382 3119 868 3206 Archiprcsbitchrundusius,
886 3129 919 3185 ct
934 3139 993 3186 uos
1004 3120 1225 3206 reputavimus

100 3250 154 3297 cas
170 3251 268 3298 caras
285 3251 384 3316 super
400 3250 494 3297 omne
512 3249 625 3295 aurum
641 3237 672 3295 et
688 3229 865 3312 quemlibet
875 3227 1016 3312 lapidem
1038 3229 1225 3314 pretiosum.

101 3337 322 3406 Undemultas
333 3339 458 3422 egimus
470 3339 594 3421 gratiae
607 3337 828 3422 omnipotenti
838 3338 920 3418 Dec,
940 3337 995 3418 qui
1005 3336 1151 3402 visitavit
1166 3353 1226 3401 nos

101 3465 211 3512 servos
230 3467 308 3512 suos
325 3445 477 3529 indignos
503 3445 679 3509 secuudum
695 3465 789 3510 suum
815 3443 1014 3511 ineffabilem
1037 3443 1225 3526 bonitatem,

101 3561 131 3619 et
144 3554 293 3639 respexit
308 3551 524 3618 humilitatem
540 3559 694 3634 nostram,
713 3561 745 3618 et
761 3552 890 3618 reduxit
899 3571 958 3618 nos
976 3551 1019 3617 ad
1035 3552 1225 3618 memoriam

102 3661 270 3746 sanguinis
281 3667 313 3726 et
329 3659 435 3744 patric
446 3667 567 3742 nostre,
585 3679 605 3724 a
622 3679 686 3742 qua
697 3658 931 3725 descendimus.
954 3659 1098 3744 Etnuuc,
1116 3665 1227 3726 sancte

101 3777 200 3855 pater,
219 3779 386 3852 tamquam
403 3769 507 3834 bonus
524 3775 637 3852 pastor
653 3774 685 3832 et
702 3775 800 3853 caput
816 3770 958 3834 omnium
979 3769 1122 3834 fidelium
1139 3767 1227 3833 Olari-

102 3877 277 3945 stianorum
303 3876 388 3942 filios
404 3877 522 3941 Sancte
539 3873 706 3941 Catholice
722 3881 754 3940 et
769 3876 956 3962 Apostolicc
976 3875 1070 3942 Sedis
1097 3895 1227 3959 congre-

102 4003 178 4065 gare
195 3983 312 4052 voleus
328 3984 361 4048 in
378 4003 496 4064 unum,
522 3980 688 4065 requisisti
706 4002 764 4048 nos
791 3989 933 4049 remotos
950 3983 1034 4048 filios
1051 3983 1227 4047 secuudum

102 4110 224 4177 corpus.
257 4091 299 4157 Et
327 4091 476 4174 quamvis
502 4089 621 4156 fratres
648 4088 708 4153 mei
738 4088 833 4154 beate
859 4087 1011 4154 memorie
1039 4085 1227 4152 iamdudum

103 4196 263 4285 (nuncios)
289 4200 449 4265 voluerint
475 4199 602 4264 mittere
619 4195 792 4262 Sanctitati
816 4203 940 4278 vestre,
966 4201 1158 4261 nontamen
1184 4191 1228 4258 ad

103 4325 156 4372 uos
181 4307 352 4393 pervenire
369 4313 503 4392 propter
529 4308 647 4371 multos
663 4313 791 4371 nostros
818 4302 1006 4386 contrarios,
1035 4306 1226 4388 potuerunt:

104 4419 132 4476 ct
148 4434 208 4482 uos
225 4415 376 4481 similiter
392 4416 570 4501 probantes
586 4413 696 4494 semel,
725 4411 865 4477 secundo
883 4417 915 4475 et
930 4408 1025 4475 tertio
1042 4409 1085 4474 ad
1108 4428 1165 4474 vos
1183 4407 1227 4472 dl-

104 4523 214 4606 rigore,
241 4525 402 4592 deducere
417 4544 481 4590 nou
498 4523 680 4608 potuimus,
708 4520 794 4604 quod
811 4519 1004 4605 optabamus
1028 4519 1061 4582 in
1078 4516 1226 4582 lructum.

105 4631 143 4697 llt
157 4653 241 4700 nuuc
258 4633 422 4716 videntes,
452 4631 539 4717 quod
556 4631 719 4696 Sanctitas
736 4635 845 4696 restra
871 4628 1008 4712 dignata
1024 4633 1073 4692 cst
1099 4625 1226 4691 mittere

1006 4747 1067 4802 15*
