3202 5190
636 871 713 940 205.

103 1052 148 1120 II.
167 1052 276 1118 Endre
291 1049 463 1140 kirdlyuak
487 1053 667 1140 udomdapa
682 1053 811 1139 Cbepun
834 1055 935 1122 oddar
949 1059 1104 1123 azdmdra.
1133 1060 1231 1128 1209.

215 1251 252 1316 ln
265 1250 396 1319 nomine
419 1251 538 1316 Sancte
553 1248 723 1316 Trinitatis
748 1259 781 1318 et
796 1249 967 1320 individue
988 1253 1141 1322 Unitatis.
1167 1255 1231 1322 An·

99 1355 201 1426 dreas
218 1359 279 1424 Dei
297 1357 405 1441 gratia
418 1357 597 1439 Hungarie,
615 1356 790 1440 Dalmatio,
808 1355 957 1440 Oroatia,
979 1360 1091 1442 Rame,
1108 1360 1231 1444 Seruie,

101 1465 256 1548 Gallieic,
281 1463 537 1546 Lodomerieque
553 1465 621 1529 Rex
637 1463 671 1528 in
686 1469 888 1548 perpetuum.
914 1463 995 1530 Oum
1016 1466 1118 1550 Regio
1134 1465 1232 1534 Celsi·

101 1559 226 1638 tudinis
242 1569 464 1638 munificentia
479 1569 577 1636 nullis
593 1570 739 1635 terminis
756 1577 957 1653 coarctetur,
983 1572 1041 1637 sed
1057 1573 1181 1657 optima
1196 1575 1230 1640 in

100 1677 257 1764 Principe
274 1677 416 1744 donandi
435 1696 586 1743 mensura
603 1676 795 1742 inmensitas
811 1675 989 1759 iudicetur;
1011 1678 1168 1763 precipua
1184 1689 1231 1746 ta·

101 1805 175 1850 men
192 1794 243 1851 est
259 1804 340 1869 erga
355 1783 571 1851 benemeritos
596 1784 842 1869 circumspectio
868 1784 1074 1869 adhibenda,
1101 1804 1141 1850 ne
1158 1789 1229 1870 quis

101 1894 191 1978 apud
207 1894 300 1960 illum
317 1895 366 1959 sui
384 1893 506 1960 laboris
524 1893 647 1978 premio
668 1892 885 1976 defraudetur,
907 1893 961 1976 qui
979 1913 1037 1959 sue
1053 1893 1229 1960 liberalita-

100 2001 145 2066 tis
162 2001 322 2067 beneficia
347 2000 446 2065 etiarn
471 2000 513 2065 ad
539 2006 712 2067 extraneos
738 2019 839 2083 usque
864 2000 1036 2085 protendit.
1063 1999 1143 2066 Inde
1168 2009 1227 2086 est,

101 2109 189 2192 qnod
206 2108 326 2176 dilecto
343 2115 375 2172 et
400 2107 487 2174 lideli
504 2115 617 2175 nostro
635 2107 791 2193 Obepauo
808 2108 876 2174 tilio
893 2109 1059 2194 Stephani,
1077 2109 1228 2176 Palatino

100 2225 133 2282 et
150 2215 323 2284 Bachiensi
340 2214 468 2296 Comiti,
487 2216 527 2280 ob
545 2215 666 2280 eximia
689 2214 858 2282 fidelitatis
874 2215 990 2280 merita
1015 2215 1095 2281 etin
1119 2215 1228 2282 multis

101 2333 234 2410 experte
251 2322 423 2409 probitatis
439 2322 509 2388 eius
526 2323 881 2408 recompensationem,
899 2324 970 2388 eius
986 2344 1114 2408 quoque
1131 2323 1227 2389 fideli·

100 2434 180 2499 tatis
197 2432 322 2515 integre
333 2430 560 2514 constantiam,
577 2437 698 2497 terram
713 2430 880 2496 cuiusdam
897 2431 975 2496 uille
986 2431 1098 2498 Boloct
1109 2439 1227 2514 nostre,

100 2539 199 2606 certis
218 2538 312 2605 metis
329 2557 370 2603 ex
387 2537 473 2605 omni
491 2542 583 2622 parte
600 2537 796 2621 distinctam,
822 2555 894 2602 cum
910 2536 978 2604 alia
995 2535 1136 2620 quadam
1151 2537 1229 2604 uilla

99 2647 231 2713 nominc
248 2645 451 2713 Sumbotbcil
468 2645 564 2711 certis
589 2644 689 2710 etiam
707 2644 801 2711 metis
827 2643 1077 2729 circumquaque
1096 2651 1226 2728 metata,

101 2756 171 2820 iure
187 2761 346 2840 perpetuo
364 2753 436 2836 sibi,
456 2759 487 2817 et
503 2771 650 2838 pereum
666 2752 735 2818 suis
751 2751 925 2818 heredibus
946 2753 1139 2819 contulimus
1157 2773 1228 2837 pos-

101 2861 293 2946 sidendam3
312 2861 418 2945 ipsum
430 2879 557 2943 quoque
577 2859 610 2925 in
626 2859 835 2946 possessione
846 2859 1011 2943 utriusque
1026 2867 1111 2926 terre
1122 2867 1227 2926 castro

100 2969 306 3036 llusuniensi
333 2968 543 3055 pertinentis,
569 2975 635 3033 tam
653 2968 766 3034 Boloct
793 2986 890 3050 quam
907 2966 1127 3052 Sumbotheil,
1155 2986 1227 3033 cum

98 3078 222 3143 tributo
247 3076 353 3142 eidem
369 3077 447 3142 uille
464 3075 665 3142 Sumbotbeil
692 3073 859 3139 annuatim
879 3071 1070 3159 pertinenti,
1092 3091 1151 3160 per
1165 3075 1227 3160 pri-

100 3183 267 3250 staludum
283 3189 427 3250 nostrum
444 3184 600 3251 Comitem
617 3181 824 3248 Valentinum
841 3180 881 3246 de
897 3179 977 3246 villa
991 3177 1075 3245 Tbet
1091 3179 1225 3247 lecimus

99 3291 273 3358 introduci.
300 3291 391 3358 Licet
406 3310 484 3357 uero
501 3310 599 3376 super
616 3296 752 3373 utraque
776 3293 865 3352 terra
881 3287 1063 3374 priuilegiJs
1084 3287 1147 3353 sibi
1164 3287 1225 3355 col-

99 3399 188 3481 latis,
208 3398 309 3480 Regie
320 3399 510 3482 blagestatis
522 3395 608 3484 (igy)
625 3397 732 3480 sigillo
748 3393 961 3479 communitis,
979 3414 1041 3477 que
1053 3393 1080 3462 si
1096 3393 1225 3460 fortuna

99 3508 164 3572 sibi
182 3508 356 3591 contraria,
375 3505 467 3572 bonis
485 3504 698 3586 fidelibusque
715 3502 890 3587 incidente,
907 3499 971 3568 duo
988 3500 1115 3587 prelata
1131 3503 1226 3588 priui-

98 3613 188 3696 legia
205 3633 283 3678 casu
299 3611 462 3696 quolibet,
489 3610 575 3695 quod
591 3609 687 3692 absit,
705 3610 876 3694 contigerit
892 3609 1050 3694 deperire,
1068 3611 1108 3676 ad
1128 3611 1224 3675 ruraio-

98 3740 166 3786 rem
183 3719 345 3784 cautelam
361 3739 496 3804 presens
512 3717 721 3804 priuilegium
746 3717 847 3800 sigilli
864 3718 967 3784 nostri
986 3718 1160 3783 urruniurine
1175 3737 1224 3781 ro-

99 3829 251 3893 boratum
267 3824 301 3889 in
317 3825 458 3892 aunario
473 3824 627 3891 Albensis
645 3825 790 3890 Ecclesic
809 3825 872 3890 sibi
889 3825 1107 3890 concessimus
1124 3833 1226 3893 custo-

98 3933 263 4000 diendum.
290 3933 334 3998 Ut
349 3941 457 4000 autem
474 3934 533 3999 bec
549 3954 571 3999 a
586 3932 679 3999 nobis
705 3931 794 3999 lacta
810 3932 942 4000 donatio
969 3933 1064 3998 nullis
1083 3953 1224 4017 unquam

98 4041 301 4128 temporibus
318 4041 428 4107 ualeat
443 4041 624 4120 retractari,
641 4039 783 4124 presenti
797 4059 869 4106 eam
886 4041 1007 4125 pagiua
1023 4040 1057 4105 in
1071 4042 1221 4107 notitiam

99 4147 216 4216 deduci
231 4153 444 4234 posterorum,
462 4147 606 4232 etRegie
622 4147 824 4212 auctoritatis
842 4146 950 4232 sigillo
970 4145 1123 4212 iussimus
1134 4147 1223 4213 robo-

98 4256 175 4324 rari.
201 4255 322 4321 Datum
346 4274 405 4340 per
430 4275 546 4322 manue
572 4253 706 4321 Roberti
727 4254 879 4320 Albensis
905 4252 1065 4338 Prepositi
1091 4260 1123 4318 et
1148 4254 1223 4319 aule

98 4364 200 4448 Regia
215 4361 432 4448 Caneellarij,
460 4385 546 4430 anno
566 4361 736 4429 Dominice
760 4360 997 4427 iucarnationis
1021 4359 1222 4427 M⁰OC⁰lX⁰.

98 4471 288 4538 Venerabili
311 4470 461 4538 Jobanne
487 4468 704 4556 strigoniensi
728 4467 1000 4554 Archiepiseopo,
1032 4467 1223 4535 Reuerendo

97 4577 273 4646 Bertboldo
301 4577 473 4647 Colocenei
498 4579 610 4646 Electa
638 4575 853 4646 existentibus
865 4599 872 4664 5
904 4573 1028 4644 Caleno
1062 4573 1221 4666 Quinque·
