3202 5190
600 343 754 445 Q

114 546 156 612 ad
173 543 354 612 Ecclesiam
370 545 562 626 Romanam,
587 541 784 610 concedatur
798 541 841 607 ab
857 543 1006 609 Ecclesia
1021 543 1169 619 Romana
1184 544 1242 608 Ec-

114 653 237 721 clesiae
253 653 437 732 Trinovae,
464 656 500 716 ut
515 649 577 716 sibi
594 649 699 734 possit
714 650 836 732 eligere
852 656 885 716 et
900 669 1090 717 consecrare
1106 651 1245 717 Patriar-

113 764 219 848 cham,
230 781 272 827 ne
284 781 323 826 ox
336 761 408 846 ejus
418 759 570 826 absentia
581 766 667 824 terra
677 759 735 825 illa
745 758 816 824 sine
828 759 1052 827 benedictione
1063 766 1241 837 remancat,

111 879 143 937 et
159 878 217 937 tua
233 869 438 938 consecratio
454 866 655 954 imperfecta,
672 873 705 933 et
720 867 877 933 redundet
893 875 1060 953 peecatum
1075 868 1241 936 inSancti-

109 985 212 1044 tatem
222 983 322 1044 tuam.
339 976 436 1042 Nunc
453 981 561 1040 antem
577 974 727 1059 petimus,
744 981 779 1040 ut
794 975 851 1041 liat
860 973 1000 1042 chrisma
1010 996 1050 1042 cx
1061 983 1237 1064 praecepto

109 1086 303 1153 Sanctitatis
314 1093 389 1152 tuae
404 1087 438 1151 in
447 1086 571 1151 Sancta
581 1091 613 1149 et
622 1103 746 1168 magna
755 1083 905 1150 Ecclesia
915 1085 1057 1152 civitatis
1067 1085 1239 1170 Trinovac,

109 1215 171 1280 pro
187 1195 388 1279 baptismate
405 1191 674 1258 Christianorum.
695 1191 785 1257 Sciat
799 1193 963 1258 Sanctitas
979 1201 1045 1278 tua,
1064 1193 1237 1278 quodcum

110 1299 267 1366 sciverint
283 1301 407 1368 Romae
429 1295 762 1383 (Constantinopoli),
788 1298 875 1382 quod
899 1301 1115 1386 receperimus
1131 1320 1240 1367 conse·

110 1407 293 1474 cretionem
309 1405 524 1474 aSauctitate
542 1411 607 1486 tua,
624 1426 688 1472 non
705 1405 829 1473 dabunt
838 1407 915 1473 mihi
933 1409 1084 1475 chrisma.
1101 1409 1243 1475 Etaliud

109 1522 188 1601 peto
218 1536 238 1580 a
263 1514 445 1582 Sanctitate
468 1521 543 1596 tua,
570 1521 604 1578 ut
628 1513 737 1580 mittas
764 1512 971 1582 cardinalem
997 1517 1041 1582 ad
1065 1517 1240 1604 Imperium

109 1641 229 1706 meum,
246 1641 304 1688 seu
320 1623 427 1702 istum,
445 1619 501 1704 qui
520 1620 609 1686 venit
624 1620 667 1686 ad
682 1640 744 1706 me,
765 1622 835 1689 sive
852 1623 951 1689 alium
967 1645 988 1689 a
1003 1623 1090 1690 Sede
1105 1623 1243 1710 Aposto-

110 1729 188 1814 lica‚
205 1735 237 1796 et
253 1727 310 1794 des
328 1730 358 1794 ei
374 1724 528 1791 diadema
545 1733 577 1791 et
593 1734 755 1812 sceptrum
773 1729 948 1794 secundum
958 1730 1168 1816 Apostolicae
1185 1731 1242 1796 Se·

111 1840 164 1906 dis
181 1843 214 1904 et
228 1835 461 1924 Apostolorum
478 1833 635 1918 principis
651 1835 921 1920 benedictionem,
940 1843 973 1903 et
988 1839 1097 1904 mittas
1112 1824 1241 1925 privile-

111 1947 201 2031 gium
229 1946 386 2012 bullatum
413 1961 515 2008 aurea
540 1942 631 2008 bulla
655 1943 699 2008 ad
724 1945 893 2030 exemplar
915 1945 1019 2029 ipsius
1044 1945 1241 2012 servandum

110 2061 269 2140 perpetuo
295 2052 328 2119 in
344 2051 497 2116 Ecclesia
511 2049 694 2134 Trinovae3
722 2053 851 2118 ethaeo
876 2052 986 2120 omnia
1009 2053 1086 2120 dent
1101 2054 1242 2140 Imperio

109 2181 193 2240 mco,
210 2165 444 2228 etcousecrent
462 2164 495 2223 ct
510 2167 666 2226 coronent
677 2161 853 2246 Imperium
869 2181 986 2228 meum.
1007 2161 1124 2230 Omnia
1135 2169 1243 2230 autem

109 2267 290 2354 praedicta,
306 2284 392 2350 qnae
409 2265 494 2331 mitti
511 2264 631 2332 debent
646 2267 690 2333 ad
705 2269 881 2353 Imperium
897 2289 1003 2338 meum
1026 2291 1047 2336 a
1061 2269 1242 2338 Sanctitate

109 2384 187 2460 tua,
222 2375 332 2442 videat
357 2393 515 2461 praesens
541 2374 693 2458 nuntius,
725 2376 906 2463 Episcopus
931 2377 1239 2447 Brandiuubercusis

110 2485 263 2567 Blasius,
290 2491 325 2550 ut
340 2483 446 2569 possit
465 2481 605 2566 referre,
632 2483 710 2568 quid
725 2492 759 2551 tu
786 2485 960 2572 scripseris
986 2507 1083 2554 manu
1100 2488 1241 2573 propria.

109 2593 151 2659 Et
169 2593 197 2658 si
214 2593 295 2658 haec
312 2590 423 2659 omnia
448 2591 633 2676 impleverit
648 2590 811 2658 Sanctitas
827 2600 905 2676 tua,
932 2593 979 2660 ita
995 2596 1154 2680 reputabo
1170 2613 1242 2661 cnm

110 2699 270 2788 prosapia
284 2696 419 2784 Imperii
447 2699 510 2764 mci
538 2706 570 2764 et
595 2698 737 2766 omnium
763 2701 975 2786 Bulgarorum
1002 2709 1034 2768 et
1055 2701 1238 2782 Blaoorum‚

108 2807 197 2892 quod
221 2826 333 2873 snmus
356 2805 466 2872 dilecti
482 2804 542 2872 filii
567 2805 778 2873 Orthodoxae
792 2809 932 2876 Sanctae
948 2810 1116 2875 Romanae
1135 2809 1242 2874 Eccle-

107 2915 188 2982 siae.
217 2915 258 2980 Et
272 2913 313 2980 de
329 2912 467 2981 confinio
484 2913 672 2996 Ungariae‚
689 2913 884 2998 Balgatiae,
898 2923 931 2982 et
945 2915 1079 2982 Blaciae
1094 2915 1242 2998 relinquo

104 3021 230 3106 judicio
242 3019 431 3087 Sanctitatis
442 3027 529 3104 tuae,
547 3027 583 3086 ut
592 3020 717 3105 dirigas
727 3023 895 3106 negotium
911 3023 997 3090 istud
1007 3031 1093 3088 recte
1103 3030 1136 3089 et
1142 3024 1242 3107 juste,

107 3137 143 3195 ut
157 3149 224 3196 non
241 3129 362 3194 habeat
377 3136 549 3214 peccatum
566 3130 677 3196 anima
691 3129 888 3196 Sanctitatis
902 3137 987 3214 tuae,
1012 3138 1044 3196 et
1058 3130 1105 3196 ita
1119 3129 1241 3196 lrabeat

106 3235 284 3321 imperium
300 3255 407 3301 meum
417 3235 566 3318 justitias
582 3235 759 3320 Bulgariae
774 3245 806 3302 et
821 3237 965 3325 Blaciae,
985 3237 1072 3322 quod
1088 3237 1156 3302 Rex
1173 3237 1234 3302 Un·

107 3343 223 3428 gariac
240 3341 361 3408 habeat
372 3341 522 3426 justitias
538 3342 725 3427 ngariae‚
754 3351 787 3409 et
801 3349 930 3410 cessent
956 3344 1134 3412 occisiones
1151 3341 1240 3410 chri-

106 3451 286 3518 stianornm
302 3449 336 3514 iu
352 3467 404 3513 me
419 3457 452 3514 et
468 3449 653 3536 Imperium.
669 3450 758 3516 Sciat
773 3458 881 3516 autem
891 3449 1055 3516 Sanctitas
1071 3458 1136 3532 tua,
1152 3449 1238 3534 quod

105 3560 250 3645 quinque
265 3557 485 3644 Episcopatus
499 3557 676 3642 Balgatiae
692 3559 854 3645 pertinent
869 3559 912 3624 ad
928 3557 1100 3643 Imperium
1116 3578 1234 3642 meum,

103 3687 187 3752 qnos
197 3666 320 3733 invasit
329 3673 362 3732 et
372 3664 494 3732 detinet
502 3669 572 3734 Rex
581 3666 749 3751 Ungariae
761 3687 834 3732 cum
844 3666 980 3752 justitiis
991 3666 1233 3750 Ecclesiarum;

105 3783 138 3841 et
154 3774 220 3860 ipsi
235 3773 459 3859 Episcopatus
484 3780 559 3840 sunt
574 3773 765 3859 annihilati3
790 3781 824 3840 et
838 3776 866 3840 si
877 3775 1002 3858 justum
1020 3780 1069 3842 est
1084 3774 1156 3859 hoc,
1173 3775 1241 3841 liat.

105 3881 274 3965 Quidquid
290 3880 436 3948 dicturus
453 3888 502 3948 est
518 3899 675 3967 praesens
690 3881 801 3948 nutius
813 3880 948 3966 Imperii
964 3880 1039 3967 mei,
1056 3881 1239 3968 Episcopus

108 3988 427 4056 Braudizuberensis
447 3988 577 4056 Blasius
589 3989 762 4072 Sanctitati
781 3996 868 4073 tuae,
879 3989 1004 4056 habeas
1020 4009 1149 4074 verum;
1166 4009 1241 4072 quo·

105 4099 196 4164 niam
214 4117 255 4164 ex
272 4102 365 4182 parte
382 4115 457 4162 mea
472 4096 568 4163 dicet.
595 4097 670 4162 Misi
686 4097 864 4164 Sanctitati
879 4103 955 4163 tuae
977 4097 1120 4162 examita
1137 4097 1241 4182 dupla

105 4207 179 4288 tria,
196 4213 229 4271 et
239 4223 380 4290 cuppam
393 4223 537 4287 auream,
555 4210 586 4269 et
596 4223 836 4291 yperperorum
850 4203 953 4270 libras
967 4209 1114 4288 quatuor,
1132 4211 1241 4271 etecu-

106 4313 204 4380 tellas
221 4319 406 4396 argenteas·
416 4319 492 4396 tres,
510 4319 541 4377 et
557 4311 695 4394 gradale
718 4316 921 4394 argenteum.
938 4309 1119 4396 Imperator
1128 4310 1244 4394 Bulga

105 4419 175 4486 riae
191 4419 420 4502 Galojoaunes.

251 4561 299 4627 (Mi
315 4579 367 4627 pne
381 4580 405 4613 u.
421 4579 442 4612 o.
457 4565 492 4614 11.
508 4563 563 4615 ror.
578 4564 638 4614 290.
653 4562 688 4626 1.;
711 4561 828 4614 Theiner
840 4577 867 4615 u.
880 4577 904 4614 o.
917 4561 939 4614 Ι.
949 4561 1005 4613 ktt.
1019 4559 1063 4614 29.
1076 4559 1105 4630 1.)

554 4689 809 4711 ρ--ι-Ιμ--ιη
