3268 5194
622 322 776 452 a

126 527 258 613 dertina
274 544 434 632 Ecclesia,
454 549 691 630 qnamceterae
702 544 871 612 Ecclesiae
880 543 1129 632 Dalmatiamm,
1140 522 1263 616 biberi.

126 652 187 738 sis,
203 654 383 740 veclensis,
402 653 599 722 Absarenais
608 705 618 740 ,
643 673 728 737 quae
743 659 819 721 sunt
834 654 869 722 in
883 653 1076 722 occidentali
1100 660 1193 742 parte
1210 677 1264 742 po-

128 761 234 848 sitae;
259 760 429 828 Ecclesiae
454 780 532 830 vero
548 760 654 846 aliae,
680 779 764 844 quae
780 760 813 826 in
833 758 962 846 Jorlente
985 761 1154 847 habentur,
1180 761 1264 829 idest

124 868 331 954 Stagnansis,
347 869 562 956 Rugusiana,
588 873 621 936 et
636 866 851 936 Gatharitana
867 868 1014 936 eamdem
1031 868 1263 954 plenitudinem

125 975 280 1060 sedibus,
306 981 337 1042 et
352 976 502 1043 terminis
528 977 596 1044 suis
612 977 644 1043 in
661 976 811 1044 omnibus
838 975 1019 1044 catholicae
1043 975 1118 1044 ddei
1144 975 1264 1062 dogma

126 1081 362 1166 adsequuntur.
386 1082 548 1151 tianensis
565 1102 641 1153 uero
657 1083 805 1152 Ecclesia
827 1103 891 1152 non
908 1083 1106 1171 Episcopum
1129 1085 1264 1170 antiqui-

127 1198 193 1275 tus,
210 1187 270 1256 sed
286 1189 611 1278 Arcbipresbyterum
636 1189 837 1258 subditione
853 1190 1007 1279 Episcopi
1033 1190 1188 1260 babuisse
1213 1213 1263 1261 co-

130 1299 309 1383 gnoscitur.
326 1295 464 1366 Constet
478 1298 633 1384 legitime,
659 1305 694 1366 ut
709 1300 780 1385 ipse
795 1299 977 1387 Episcopus
996 1301 1029 1366 in
1043 1301 1190 1385 qualibet
1206 1299 1263 1366 Ee-

128 1406 233 1472 clesia
248 1425 289 1472 ax
305 1407 357 1474 bis
372 1405 539 1492 Ecclesiis,
555 1425 638 1490 quas
657 1406 773 1492 primis
789 1406 988 1492 temporibus
998 1407 1155 1474 babuisse
1170 1407 1263 1493 Epis·

128 1533 232 1600 copos
247 1514 397 1582 omnibus
413 1519 523 1600 patet,
549 1533 621 1582 cum
638 1516 705 1581 sint
720 1515 870 1597 utrinque
894 1535 1006 1582 omnes
1022 1517 1207 1602 populatae,
1231 1519 1263 1579 et

130 1619 204 1686 Deo
229 1620 406 1706 adjuvante
430 1621 636 1690 sacerdotum
650 1627 685 1688 et
698 1620 841 1706 plebium
866 1621 994 1706 copiam
1010 1620 1168 1688 babentes
1192 1642 1262 1707 pro-

127 1732 279 1813 ponatur,
296 1727 368 1794 sive
383 1728 417 1794 in
432 1725 670 1816 Scardonitana
681 1726 839 1812 Ecclesia,
855 1726 909 1794 vel
923 1726 1085 1811 Sisciana,
1106 1731 1162 1792 aut
1176 1733 1262 1793 certe

128 1835 164 1900 in
189 1835 393 1902 Delminensi
418 1833 579 1902 Ecclesia.
607 1833 701 1912 Quod
725 1833 755 1902 si
770 1836 961 1902 immensum
976 1833 1133 1920 pontificii
1152 1833 1262 1900 subire

129 1941 291 2026 deleam,
315 1947 348 2008 et
362 1961 461 2008 unam
476 1941 540 2009 sibi
556 1941 762 2010 Dioecesium
777 1939 927 2008 sufficere
951 1961 1016 2008 uon
1031 1939 1101 2008 vult
1109 1989 1119 2024 ,
1146 1940 1262 2006 barum

130 2051 230 2118 trium
255 2049 512 2135 magnitudinem
528 2051 699 2118 Dioecesei
715 2049 867 2137 ponderis
884 2049 927 2117 ad
942 2050 1105 2116 interitum
1120 2067 1214 2116 sunm
1230 2052 1262 2112 et

131 2176 242 2223 eornm
267 2158 444 2243 suscipiat,
469 2157 547 2224 dum
562 2176 667 2242 neque
682 2157 775 2243 plebs
800 2154 941 2241 perieate
963 2157 1006 2223 ab
1021 2175 1060 2221 eo
1085 2153 1264 2239 pontificali

130 2283 264 2330 munere
294 2265 461 2352 percipere
489 2265 599 2332 ualeat
623 2266 764 2350 gratiam
785 2265 882 2350 juxta
911 2265 1103 2332 Sanctorum
1128 2263 1262 2328 Petrum

130 2377 266 2456 statuta,
283 2374 468 2460 nequeipse
483 2371 663 2460 adimplere
671 2392 765 2440 mum
784 2372 881 2438 ineis
897 2369 1168 2453 officiumvaleat,
1188 2387 1262 2436 cum

130 2482 174 2546 sit
190 2486 323 2568 propter
338 2482 440 2550 multa
463 2487 621 2550 tenerum
646 2481 757 2568 spatia
773 2478 905 2548 diiiicile
929 2477 1108 2564 peragrari.
1135 2476 1196 2542 His
1215 2476 1263 2542 ita

131 2587 309 2656 seeundum
341 2589 565 2676 Apostolicam
593 2591 775 2675 Jussionem
810 2585 1032 2654 bladalbsrtus
1067 2582 1261 2651 venerabilis

130 2695 315 2785 Episcopus
330 2705 550 2785 perscrutatus
565 2701 676 2767 omnia
698 2705 730 2764 et
745 2701 911 2784 comperta
926 2693 1101 2779 ueraciter,
1125 2692 1262 2760 feliciter

61 2807 64 2812 '
131 2807 292 2892 sancivit;
324 2809 371 2874 ita
395 2813 430 2874 nt
454 2807 564 2875 nullus
589 2827 730 2892 unquam
755 2805 852 2891 hujus
882 2801 1095 2870 ordinationis
1124 2801 1264 2870 violatur

133 2914 275 3000 existat,
299 2933 373 2981 uum
387 2921 512 3001 cuncta,
531 2935 616 3000 quea
634 2915 839 3001 praelibata,
851 2931 909 2999 per
924 2911 1044 2978 dictum
1063 2909 1262 2996 Apucrisari·

133 3041 187 3087 um
213 3023 362 3090 Romano
387 3023 534 3090 Pontifici
558 3023 677 3090 luerint
701 3027 929 3110 praesentata,
954 3027 986 3084 ct
1011 3019 1054 3084 ab
1077 3037 1117 3084 eo
1143 3018 1264 3083 Divina

132 3131 336 3215 auctoritato,
353 3137 386 3197 at
401 3130 513 3198 Sancti
530 3131 627 3214 Petri,
653 3150 711 3216 per
726 3149 806 3198 suas
821 3129 957 3212 litteras,
977 3133 1008 3192 et
1024 3126 1118 3212 pallii
1137 3126 1266 3192 missio

130 3257 172 3304 nc
187 3237 389 3306 confirmata.

497 3419 650 3486 (Ugyanolt
662 3421 713 3471 111.
728 3419 783 3472 lrltt.
801 3418 859 3469 10³.
874 3417 904 3482 l.)

180 4763 285 4811 tenuit.
302 4765 386 4810 uuae.
402 4767 472 4810 enen.
492 4781 530 4794 -·
549 4771 621 4809 aran.
640 4761 673 4807 tt.
