3218 5192
854 332 1007 436 Lir-

223 599 238 630 ,
365 534 426 620 sit,
452 530 635 620 praelatum
660 532 893 599 monasterium
919 540 1057 617 temere,
1091 541 1148 600 aut
1171 531 1240 602 eius
1266 533 1499 622 possessiones
1594 587 1596 618 ,

365 643 504 726 anferre,
522 640 715 707 velablatas
731 641 883 726 retinere,
902 641 1056 726 minnere,
1077 661 1133 709 seu
1145 643 1343 728 quibuslibet
1354 643 1501 729 fatigare
1596 645 1597 668 ¹

365 747 615 833 vexationibus,
649 747 708 814 sed
733 747 843 816 omnia
868 747 998 833 integra
1023 755 1253 816 conserventur
1277 769 1408 834 eorum,
1436 771 1501 836 pro

365 878 501 944 quorum
527 853 764 941 gubernatione
782 873 821 920 ac
845 855 1082 924 sustentatione
1100 875 1255 925 concessa
1271 865 1357 942 sunt,
1383 857 1502 924 usibus

367 965 562 1037 omnimodis
578 963 767 1052 profutura3
793 965 889 1033 salva
905 965 1001 1033 Sedis
1017 965 1229 1054 spostolicae
1244 967 1450 1050 auctoritato,
1467 974 1504 1032 et

367 1073 564 1144 Dioecesani
579 1072 737 1159 Episcopi
762 1073 941 1141 secundnm
965 1076 1155 1143 canonicam
1177 1077 1349 1162 justitiam.
1376 1077 1504 1161 Siqua

367 1185 468 1270 igitur
482 1182 516 1249 in
530 1181 674 1248 futurum
689 1181 923 1266 ecclesiastica,
941 1183 1163 1251 saecularisve
1177 1204 1319 1270 persona
1336 1186 1425 1250 hanc
1444 1203 1502 1250 no-

367 1299 457 1358 strae
471 1289 692 1357 concessionis
707 1288 865 1375 pagiuam
881 1289 1007 1374 sciens,
1031 1299 1147 1358 eontra
1161 1310 1235 1357 eam
1250 1298 1374 1358 temere
1389 1292 1504 1356 venire

366 1396 594 1485 temptaverit,
621 1395 774 1480 secundo,
799 1398 937 1463 tertiove
954 1397 1161 1480 commonita,
1183 1397 1247 1463 nisi
1262 1404 1388 1464 reatum
1405 1419 1503 1466 suum

367 1507 469 1593 digno
483 1505 710 1574 satisfactione
725 1504 923 1587 correxerit,
951 1505 1144 1590 potestatis,
1171 1505 1369 1593 honorisque
1385 1511 1438 1574 sui
1455 1507 1503 1573 di-

368 1616 494 1702 gnitate
512 1618 643 1699 careat,
670 1633 824 1698 reamque
840 1633 877 1680 se
893 1613 1012 1682 Divino
1025 1614 1150 1699 judicio
1170 1615 1311 1682 existere
1328 1614 1370 1681 (le
1386 1635 1504 1702 perpe·

367 1731 455 1792 trata
471 1722 643 1807 iniquitate
668 1727 863 1805 cognoscat,
890 1727 923 1786 et
938 1741 959 1786 a
975 1722 1202 1789 sacratissimo
1226 1742 1362 1809 corpore
1378 1731 1412 1788 et
1428 1743 1504 1790 san-

368 1833 467 1920 guine
483 1831 545 1898 Dei
563 1837 595 1896 ct
609 1828 741 1898 Domini
756 1828 986 1914 Redemptoris
1002 1831 1105 1898 nostri
1121 1831 1250 1898 alienus
1266 1831 1332 1914 tiat,
1350 1835 1452 1913 atquc
1468 1831 1502 1895 in

369 1948 514 2011 extremo
540 1938 689 2006 exarninc
716 1935 856 2002 Divinae
882 1935 997 2003 ultioni
1020 1937 1201 2021 subjaceat.
1232 1937 1364 2004 Cunctis
1389 1945 1502 2004 autem

369 2051 475 2118 eidem
498 2049 570 2116 loco
587 2065 647 2112 sua
667 2043 744 2128 jura
759 2044 965 2111 servantibus
991 2043 1035 2110 sit
1057 2065 1124 2131 par
1140 2046 1273 2113 Domini
1298 2046 1403 2112 nostri
1419 2045 1502 2111 lesu

369 2156 503 2240 Christi,
530 2162 689 2240 quatenus
706 2150 808 2218 ethic
823 2150 963 2218 fructum
979 2152 1085 2219 bonae
1101 2152 1239 2219 actionis
1255 2151 1451 2238 percipiant,
1470 2159 1504 2218 et

370 2267 459 2354 apud
483 2264 665 2333 districtum
681 2262 829 2330 Jndicem
855 2261 1005 2348 praemia
1030 2269 1185 2328 aeternae
1208 2261 1301 2348 pacis
1318 2261 1502 2329 inveniant.

369 2379 483 2444 Amen.
499 2375 613 2441 Amen.
1148 2385 1151 2388 ·

477 2483 603 2568 †Ego
626 2480 886 2548 Alexander
915 2479 1184 2546 Catholicae
1209 2477 1456 2545 Ecclesiae

584 2589 847 2675 Episcopus.

479 2699 586 2784 †Ego
603 2697 727 2766 Baldus
744 2699 918 2783 Ostiensis,
935 2693 1129 2763 velitrensis
1142 2695 1335 2782 Episcopus.

479 2808 500 2888 †
516 2809 587 2891 Ego
603 2806 791 2873 Theodiuus
806 2807 941 2874 Potinae
957 2805 1052 2872 Sedis
1067 2805 1260 2894 Episcopus.

477 2917 498 2996 †
514 2917 584 3001 Ego
599 2914 723 2981 Paulus
739 2915 973 2981 Praenestinae
989 2914 1158 2980 Ecclesiae
1175 2912 1365 2999 Episcopus.

477 3025 498 3103 †
514 3025 584 3108 Ego
601 3023 747 3092 Joannes
763 3021 877 3088 Sancti
892 3021 996 3088 Marci
1019 3021 1196 3105 Presbyter
1210 3017 1409 3085 Cardinalis.

478 3132 585 3218 ’uligo
610 3130 788 3215 Presbyter
811 3131 928 3196 Petrus
954 3127 1140 3194 Cardinalis
1165 3127 1250 3193 tituli
1275 3126 1419 3192 Sanctae
1445 3126 1503 3192 Su·

584 3255 719 3304 sannae.

479 3347 499 3429 †
515 3347 585 3430 Ego
597 3345 755 3412 Vivianus
765 3345 876 3412 Sancti
885 3343 1041 3430 Stephani
1057 3343 1091 3409 in
1107 3343 1216 3410 hlonte
1232 3341 1410 3427 Presbyter
1425 3339 1503 3408 Car-

584 3454 714 3524 dinalis.

477 3567 498 3643 †
514 3563 584 3648 Ego
600 3561 758 3648 Cynthius
774 3561 949 3647 Presbyter
965 3559 1152 3627 Cardinalis
1163 3560 1303 3626 Sanctae
1320 3558 1498 3625 Caeciliae.

479 3672 500 3749 i
516 3674 587 3755 Ego
603 3669 676 3754 Ugo
692 3668 867 3751 Presbyter
886 3667 1071 3734 Cardinalis
1087 3703 1132 3716 -
1149 3705 1191 3715 --
1208 3701 1251 3716 ·-

477 3780 498 3858 †
514 3779 584 3863 Ego
600 3776 764 3844 Arduinus
780 3777 956 3863 Presbyter
972 3775 1157 3844 Cardinalis
1176 3777 1318 3842 Sanctae
1334 3773 1449 3840 Crucis
1466 3771 1500 3838 in

585 3886 779 3952 Jerusalem.

478 3993 499 4074 †
515 3992 586 4077 Ego
602 3993 731 4060 Marcus
749 3992 924 4077 Presbyter
940 3989 1126 4058 Cardinalis
1145 3989 1258 4056 Sancti
1272 3985 1431 4053 Marcelli.

479 4103 586 4188 'oligo
611 4101 772 4170 Laberius
797 4103 973 4186 Presbyter
999 4099 1184 4166 Cardinalis
1209 4099 1351 4163 Sanctae
1374 4093 1501 4160 Mariae

584 4219 676 4277 trans
691 4209 846 4296 Tyberim
863 4216 895 4276 et
911 4208 1054 4275 Callisti.

479 4321 583 4405 †Ego
599 4319 743 4386 lacobus
760 4317 926 4385 Diaconus
950 4317 1136 4385 Cardinalis
1160 4317 1300 4383 Sanctum
1315 4312 1442 4378 Mariae
1466 4310 1501 4377 in

587 4425 772 4494 Cosmedin.

395 4575 401 4586 ·
479 4534 500 4616 †
516 4535 586 4620 Ego
602 4536 775 4622 Raynerus
791 4533 957 4602 Diaconos
973 4531 1157 4603 Cardinalis
1173 4527 1284 4599 Sancti
1304 4525 1443 4613 Georgii
1459 4523 1502 4592 ad

586 4677 812 4696 *κ’*
