3218 5192
830 317 989 424 ‚qno—

455 523 541 590 VIII.
558 519 676 606 Siquis
692 517 974 608 dimissapropria
988 535 1091 585 uxore
1101 515 1265 603 acceperit
1280 515 1395 601 aliam,
1414 517 1480 584 nisi

347 649 383 695 se
399 629 587 713 eorrexerit,
603 646 664 693 nec
680 626 713 691 in
729 625 799 690 vita
807 679 818 713 ‚
833 643 894 690 nec
909 625 943 690 in
960 629 1064 691 morte
1079 624 1266 709 sepultura,
1292 626 1345 691 vel
1364 626 1433 692 alia
1449 625 1478 690 ei

345 742 553 804 sacramenta
568 732 793 802 ecclesiastica
808 731 1047 818 impendantur.

453 845 512 912 IX.
529 845 581 910 De
600 841 806 928 imponendis
822 860 861 907 oc
878 839 1102 926 persolvendis
1124 839 1269 908 decimis.

454 952 496 1017 X.
514 953 564 1018 De
580 949 687 1017 usuris
705 947 887 1015 minuendis
904 968 944 1014 ac
964 947 1183 1016 moderandis.

452 1061 510 1128 xi.
526 1061 577 1127 Nc
592 1060 665 1144 quis
682 1059 767 1126 intra
784 1058 930 1142 quintum
946 1059 1249 1144 consanguinitatis,
1266 1059 1321 1125 vel
1337 1057 1478 1126 allinitu-

345 1168 388 1235 tis
404 1167 542 1252 gradum
557 1167 647 1232 ineat
667 1165 916 1232 matrimonium.

453 1274 527 1340 XII.
545 1273 608 1352 Qui
624 1273 799 1359 privilegia
809 1272 978 1339 Ecclesiae
994 1273 1182 1359 surripiunt,
1203 1273 1256 1339 rel
1272 1293 1313 1339 cx
1330 1272 1379 1338 eis
1397 1271 1478 1338 utile

346 1379 480 1466 aliquod
495 1401 536 1448 er
553 1400 613 1448 sua
628 1379 799 1462 iniquitate
816 1379 998 1464 abradunt;
1023 1387 1055 1446 et
1074 1381 1266 1463 quicumque
1290 1401 1358 1446 rem
1374 1380 1477 1447 mobi-

346 1489 422 1573 lem,
447 1487 499 1554 vel
516 1486 713 1554 immobilem
731 1487 899 1553 Ecclesiae
915 1485 1075 1571 auferunt,
1092 1489 1286 1572 praesertim
1304 1487 1477 1553 Ecclesiae
1524 1481 1528 1492 '

344 1597 455 1664 Sancti
473 1595 724 1680 Bartholomaci‚
743 1595 815 1682 ipso
825 1595 911 1663 sacto
922 1595 1286 1664 excommunicationem
1298 1596 1478 1662 incurrant.

391 1777 449 1842 ΙΙΙ.
485 1775 689 1842 Ansinat
712 1774 1102 1843 hathrozatainalr
1125 1775 1432 1842 lrihirdetese.

452 1919 568 1986 Petrus
586 1919 649 1984 Dei
665 1918 775 2001 gratia
790 1919 1065 2006 Archiepiscopus
1082 1920 1252 1987 Ecclesiae
1269 1919 1478 2005 Spalatensis

345 2027 509 2112 omnibus,
527 2027 570 2093 nd
586 2047 667 2110 quos
683 2027 765 2093 haec
781 2027 904 2113 scripta
917 2027 1144 2114 pervenerint,
1161 2028 1300 2094 salutem
1316 2027 1349 2092 in
1366 2027 1477 2094 Domi-

345 2154 398 2201 no.
426 2135 588 2214 Quoniam
613 2140 705 2201 aetas
721 2135 817 2220 hujus
833 2135 955 2202 saeculi
971 2142 1126 2221 perpetuo
1144 2155 1241 2201 cursu
1256 2137 1360 2201 instar
1375 2134 1478 2200 flumi-

344 2241 397 2308 nis
414 2241 596 2325 delabitur,
623 2249 656 2307 st
671 2240 752 2306 nihil
777 2240 895 2307 stabile
912 2249 952 2310 et
967 2244 1066 2309 fixum
1092 2243 1226 2328 retinet;
1253 2242 1422 2327 praeclare
1439 2259 1479 2306 ac

342 2348 522 2432 prudenter
537 2367 626 2414 more
650 2347 810 2433 majorum
826 2354 1050 2434 comparatum
1065 2355 1125 2436 est,
1141 2355 1177 2416 ut
1197 2348 1383 2416 mortalium
1399 2355 1479 2415 acta

343 2461 376 2520 et
386 2455 518 2523 decreta
527 2457 642 2523 litteris
652 2457 794 2542 publicis
805 2457 965 2544 impressa
975 2458 1160 2544 posteritati
1170 2457 1351 2523 tradantur.
1362 2455 1476 2533 Quare
1546 2525 1549 2531 ,

342 2583 415 2631 eum
428 2583 488 2632 nos
504 2564 764 2650 praesideremus
775 2565 908 2652 Synodo
918 2567 1128 2650 Prouinciali,
1145 2586 1244 2651 quam
1259 2585 1300 2631 ex
1317 2565 1476 2630 mandato

341 2670 435 2737 Lucii
451 2673 562 2756 Papae
578 2669 638 2737 lll.
656 2691 729 2738 cum
744 2671 865 2740 nostris
881 2673 1076 2760 Episcopis,
1099 2669 1302 2756 Abbatibus,
1329 2679 1361 2738 et
1377 2669 1475 2737 Glero

340 2779 438 2846 totius
455 2777 646 2846 Provinciae
668 2778 702 2844 in
729 2780 811 2847 aede
827 2780 938 2846 Sancti
954 2781 1107 2848 Andreae
1121 2780 1272 2870 Apostoli
1296 2777 1475 2846 celebravi·

343 2906 433 2971 mus,
450 2895 625 2973 postquam
641 2887 760 2972 omnia,
778 2909 862 2972 quae
877 2889 1007 2972 agenda
1022 2897 1134 2975 erant,
1151 2889 1240 2954 sacta
1256 2893 1289 2954 ct
1303 2891 1475 2954 transacta

342 3001 461 3080 essent,
478 2999 513 3060 ut
531 2993 605 3064 finis
621 2994 796 3078 aliqnando
822 2997 1116 3063 controversiarum
1139 2995 1284 3062 omnium
1299 2993 1474 3060 constitue·

339 3110 439 3188 retur,
455 3104 567 3192 palam
583 3103 754 3188 ediximus,
770 3105 957 3190 utquisque
973 3106 1006 3172 in
1022 3105 1164 3172 medium
1179 3102 1363 3190 proferret,
1386 3121 1474 3185 quae

340 3212 465 3298 Synodi
480 3212 674 3280 auctoritate
698 3210 846 3298 decerni,
874 3220 931 3280 aut
947 3213 1130 3280 confirmari
1154 3217 1305 3298 oportere
1321 3216 1472 3298 putaret;

339 3339 415 3386 nam
431 3325 507 3406 post
520 3318 685 3405 Synodum
711 3319 879 3386 dimissam
903 3319 1050 3388 dehisce
1068 3321 1164 3386 rebus
1189 3317 1310 3404 agend
1336 3315 1472 3384 iacnlta-

339 3433 404 3493 tem
421 3427 609 3512 ademptum
625 3427 674 3493 iri.
700 3427 792 3494 Tunc
807 3427 944 3494 Duimus
960 3428 1170 3494 Primioerius
1194 3426 1307 3494 Sancti
1325 3423 1472 3506 Domnii‚

339 3542 372 3601 st
388 3532 544 3601 Canoniei
554 3533 655 3600 Aedis
665 3535 935 3621 Metropolitanus
951 3541 1122 3620 surgentes
1139 3555 1157 3600 e
1177 3533 1356 3618 subselliis,
1372 3551 1471 3618 expo·

339 3645 474 3706 suerunt
497 3658 607 3708 coram
622 3643 716 3710 nobis
725 3693 734 3728 ,
759 3645 838 3727 quid
853 3650 886 3710 et
901 3651 1058 3730 quantum
1081 3663 1122 3711 ex
1137 3643 1274 3728 antiqua
1301 3646 1471 3710 consuetu-

340 3743 415 3812 dins
431 3744 568 3830 singulis
593 3747 689 3814 annis
705 3748 758 3816 die
773 3750 945 3818 Paschatis
971 3756 1047 3838 post
1065 3750 1240 3836 prandium
1265 3748 1330 3816 sibi
1355 3745 1470 3816 contri·

340 3852 440 3920 buere
455 3853 604 3920 monachi
627 3855 739 3922 Sancti
757 3855 916 3942 Stephani
932 3857 1105 3944 deberent,
1131 3857 1284 3924 nimirum
1304 3855 1388 3923 duos
1402 3875 1470 3922 ver·

340 3979 456 4044 veees,
482 3959 564 4028 duos
589 3962 739 4046 agnellos
763 3963 870 4030 adhue
894 3963 1062 4049 mansos,
1089 3964 1171 4033 duas
1197 3964 1375 4050 amphoras
1400 3961 1469 4029 vini

340 4068 464 4156 optimi,
480 4067 621 4153 itemque
636 4089 741 4155 panes
757 4069 902 4138 triticeos
918 4070 1179 4157 quinquaginta:
1202 4071 1247 4156 id,
1270 4070 1357 4156 qnod
1372 4069 1471 4138 Isaac

276 4190 277 4194 ’
338 4176 453 4244 Abbas
478 4173 624 4259 ejusdem
649 4175 825 4260 Coenobii,
851 4177 1010 4246 Martinus
1036 4178 1249 4265 Praepositus
1260 4229 1270 4264 ,
1300 4177 1468 4263 Claudius,

339 4282 531 4370 Dresedspc
540 4333 549 4368 ,
566 4288 598 4349 et
613 4285 734 4352 caeteri
751 4284 902 4352 monachi
917 4287 1158 4356 confirmarunt.
1184 4284 1342 4364 Quamvis
1358 4292 1469 4353 summ

338 4389 516 4458 faterentur
541 4388 716 4475 (laconici,
746 4391 827 4457 haec
852 4393 962 4459 omnia
986 4393 1050 4462 sihi
1074 4393 1249 4476 quotannis
1274 4394 1404 4477 integre
1430 4413 1470 4460 ao

338 4495 476 4564 fideliter
492 4496 644 4580 praebita
659 4496 778 4582 fuisse;
804 4504 918 4566 nmen
933 4519 974 4566 ne
988 4500 1176 4584 huJusmodi
1202 4499 1397 4568 contributio
1413 4505 1469 4566 aut

339 4606 373 4672 in
384 4605 637 4672 controversiam
646 4605 767 4690 vocari,
785 4612 840 4674 aut
850 4606 1061 4678 desuetudine
1071 4609 1278 4678 exsolescere
1288 4607 1465 4694 aliquando
