3218 5192
816 353 974 458 ,u

333 573 383 636 ter
398 567 457 635 hee
475 559 671 630 venerabilis
687 557 797 627 Dauid
813 557 890 623 Dux
905 554 1007 621 frater
1024 569 1115 618 meus
1131 547 1259 636 prelato
1278 545 1414 613 cenobio
1431 543 1467 610 in

335 674 526 743 remissione
548 689 677 738 suorum
690 668 880 734 delictorum
891 670 922 728 et
939 665 1109 748 parentum
1126 677 1256 725 suorum
1268 653 1406 721 tradidit
1421 659 1467 720 tc

335 789 405 850 tam
421 789 542 848 terram
558 781 690 860 Posaga
705 776 867 840 Ducatum
883 809 928 818 —
944 806 988 818 -
1006 805 1048 816 -
1064 767 1231 832 cedentem
1248 764 1288 830 de
1305 779 1467 830 consensu

341 897 452 960 nostro
469 909 542 953 cum
559 885 887 964 castrisPcsagauar,
899 877 971 962 Kw,
988 875 1152 942 Feulduar
1170 915 1212 926 -
1230 915 1272 925 -
1288 873 1377 937 llent
1393 890 1466 936 cum

338 997 511 1082 montibus,
528 993 674 1060 Horinda
684 989 741 1076 (l),
757 987 854 1055 Velik
870 1006 942 1053 cnm
958 983 1088 1068 tenutis,
1104 981 1204 1066 villis,
1220 980 1360 1063 tributis,
1377 979 1466 1043 aliis-

339 1125 401 1189 que
425 1099 630 1187 appcndicijs
656 1096 734 1163 suis.
761 1096 842 1160 Item
859 1093 956 1158 villas
975 1091 1057 1156 Bcla
1071 1089 1219 1172 nomine,
1245 1092 1280 1153 ut
1296 1087 1468 1154 monacho

335 1233 406 1277 rum
424 1230 503 1293 grex
515 1207 547 1271 in
565 1205 650 1272 dicto
667 1202 801 1271 cenobio
813 1204 1001 1286 agregatur,
1019 1197 1136 1294 quibus
1147 1201 1264 1263 ennete
1280 1213 1406 1278 queque
1422 1192 1468 1258 ad

338 1319 459 1385 victum
475 1323 507 1381 et
521 1313 672 1380 vestitum
689 1333 729 1377 ex
748 1310 854 1393 Regia
865 1315 897 1375 et
912 1307 1057 1374 eiusdem
1069 1303 1267 1372 venerabilis
1277 1303 1387 1369 Dauid
1401 1303 1468 1367 Du-

339 1427 387 1491 cis
413 1422 622 1490 habundante
647 1418 811 1506 perpetuis
839 1417 1040 1502 temporibus
1066 1413 1351 1496 administrentur,
1376 1431 1417 1477 ne
1432 1411 1468 1476 in

340 1533 403 1599 Dei
419 1532 567 1614 seruiciJs
583 1535 761 1614 tepescant,
779 1525 836 1591 sod
848 1523 964 1590 laudes
974 1523 1113 1590 Diuiuas
1124 1529 1254 1588 strenue
1264 1519 1472 1586 etindeiesse

338 1639 653 1727 peragerevaleant,
671 1635 762 1702 etad
781 1632 912 1700 laudem
932 1632 1044 1697 Dolet
1068 1629 1260 1697 Sanctorum
1285 1627 1472 1696 veneracic

339 1767 412 1814 nem
429 1765 584 1831 processu
609 1749 790 1828 temporum
807 1738 983 1824 superbis,
1010 1737 1132 1821 quoad
1148 1739 1301 1804 honorem
1319 1736 1400 1802 inibi
1417 1734 1471 1800 de-

341 1854 491 1939 gencium
508 1853 637 1936 sibique
648 1847 879 1914 lamulancium
890 1845 1054 1912 racionem
1065 1845 1108 1910 ad
1117 1843 1280 1930 prelatum
1298 1842 1472 1910 cenobium

340 1961 463 2026 tradita
481 1965 573 2041 sunt,
600 1977 641 2023 ne
657 1955 802 2038 aliquam
827 1952 1000 2038 paciantur
1024 1951 1251 2036 calumpniam.
1277 1950 1389 2015 Preter
1404 1949 1473 2015 ista

340 2069 421 2136 villa
438 2067 510 2133 ch
526 2085 627 2152 prope
652 2062 839 2128 Danubium
865 2061 916 2125 cui
933 2060 1093 2124 vicinatur
1113 2059 1194 2125 villa
1208 2059 1294 2142 Tus,
1320 2057 1402 2124 uilla
1416 2058 1473 2124 Sc-

341 2175 426 2260 gusd
441 2193 513 2239 oum
538 2171 665 2257 piscina
689 2168 882 2253 Segusdtou,
899 2167 951 2232 cui
967 2166 1128 2233 vicinatur
1151 2167 1233 2232 villa
1247 2166 1362 2250 llolm,
1388 2165 1473 2231 villa

343 2285 516 2350 Peterreue
531 2279 624 2344 iuxta
640 2279 733 2362 'lyce
741 2327 751 2359 ,
778 2275 829 2341 cui
846 2309 889 2322 -
905 2311 949 2322 -
966 2311 1009 2322 -—
1025 2274 1107 2339 villa
1122 2273 1236 2359 Anyas
1261 2293 1333 2339 cum
1350 2293 1473 2359 appen-

311 2363 316 2378 ⁵
344 2390 438 2473 dicijs
456 2389 535 2470 suis,
553 2386 634 2452 villa
643 2385 772 2452 Mortua
787 2383 936 2450 similiter
953 2383 1045 2448 iuxta
1055 2382 1146 2467 Tyca
1162 2401 1260 2466 quam
1275 2381 1374 2466 vulgo
1391 2381 1474 2446 Zeu·

343 2499 414 2565 leus
430 2503 549 2564 vocant
563 2513 665 2580 prope
680 2493 793 2560 villam
809 2495 933 2559 Marius
957 2529 1001 2542 -
1024 2502 1068 2540 -'-
1092 2527 1474 2540 ——————

344 2604 587 2691 piscacionibus
603 2639 647 2650 -
662 2637 707 2650 -
722 2637 766 2648 —
781 2637 825 2648 —
842 2620 914 2666 cum
923 2605 1018 2685 portu
1029 2637 1073 2648 --
1088 2637 1132 2648 -
1143 2606 1231 2665 streu
1241 2599 1474 2682 rillaVrkuta,

345 2712 436 2777 cuius
461 2709 590 2776 termini
606 2709 649 2775 ab
668 2708 834 2775 occidente
849 2708 1016 2773 Baluanus
1033 2727 1182 2791 magnus,
1200 2708 1242 2773 ab
1259 2706 1411 2790 aquilone
1427 2742 1475 2753 -

346 2855 390 2868 -
406 2817 513 2900 sugite
529 2816 569 2882 de
584 2821 680 2902 puteo
697 2814 835 2880 Vrlruta.
862 2813 942 2880 Inde
957 2833 1015 2899 per
1027 2819 1153 2898 terras,
1180 2819 1286 2900 prata,
1303 2820 1336 2878 et
1349 2819 1474 2879 terram

346 2925 389 2990 ad
404 2924 586 2990 Ecclesiam
601 2925 791 2988 Sanctorum
807 2919 925 2988 Cosme
940 2927 971 2988 ct
987 2922 1159 3006 Damiaui3
1184 2921 1261 2988 inde
1277 2940 1390 2988 versus
1407 2941 1474 2986 me·

344 3033 459 3098 ridiern
477 3030 520 3095 ad
535 3065 579 3078 -·
596 3065 640 3076 -
655 3029 689 3095 in
704 3027 807 3094 latere
822 3029 988 3095 monticuli
1008 3035 1039 3094 et
1055 3029 1142 3096 infra
1164 3049 1267 3114 usque
1289 3029 1373 3096 inter
1389 3029 1475 3096 duos

345 3143 471 3208 montes
497 3157 619 3221 magna
643 3137 724 3202 villa
747 3136 902 3202 Keueaca
917 3174 1319 3186 -------
1334 3137 1475 3203 Matblra

345 3249 388 3314 ab
404 3247 570 3314 occidente
585 3283 987 3294 -------
1003 3247 1046 3311 ab
1062 3246 1215 3330 aquilone
1226 3266 1340 3314 versus
1357 3247 1474 3312 villam

347 3393 391 3404 —
407 3393 450 3402 —
467 3355 630 3420 desertam
646 3373 748 3436 usque
771 3362 910 3419 terream
925 3354 1045 3420 vallem
1061 3391 1405 3402 ——————
1420 3355 1477 3419 tri·

345 3463 424 3530 buto
441 3483 513 3528 cunr
530 3463 723 3529 molendinis
740 3469 772 3528 et
788 3462 863 3528 aliis
880 3462 1083 3548 appendiciis
1100 3463 1177 3529 suis.
1200 3463 1354 3529 Preterea
1368 3461 1475 3549 prela-

345 3577 398 3634 tus
424 3570 586 3653 gloriosus
602 3571 671 3635 Rex
687 3570 792 3636 eidem
816 3568 922 3636 msule
943 3570 983 3636 de
1004 3571 1140 3656 Tychcn
1165 3577 1290 3638 tantam
1315 3571 1477 3656 elargitus

348 3683 398 3741 est
421 3674 566 3756 graciam
583 3676 777 3761 specialem,
803 3683 960 3760 quantam
983 3679 1182 3746 Monasteric
1206 3678 1317 3746 Sancti
1341 3679 1476 3745 Martini

302 3825 311 3836 -
348 3783 388 3847 de
404 3782 503 3848 Sacro
519 3783 627 3848 Monte
651 3785 829 3852 Pannonis.
854 3787 897 3852 lu
912 3793 946 3852 vt
962 3789 1070 3854 nullus
1086 3788 1216 3856 omnino
1240 3788 1406 3856 bominum
1432 3789 1476 3854 de

255 3879 259 3886 ’
348 3889 494 3975 predicta
510 3889 618 3955 insula
643 3889 750 3957 facere
766 3901 988 3981 presumpmat
1005 3896 1150 3981 aliquam
1174 3897 1345 3963 collectam
1371 3897 1404 3962 iu
1421 3896 1476 3961 de·

347 3998 448 4064 uariis
465 4017 522 4064 seu
538 3999 734 4066 victualibus
750 4021 878 4085 quoquo
896 4003 1001 4089 modo,
1019 4011 1075 4069 aut
1098 4004 1291 4072 violenciam
1317 4003 1475 4087 adquam.

348 4108 461 4172 Preter
477 4107 536 4172 hec
552 4109 620 4174 vila
630 4108 698 4192 Zel‚
716 4111 767 4176 cui
778 4111 939 4178 vicinatur
948 4111 1030 4178 villa
1045 4151 1089 4160 -
1104 4149 1157 4176 -.
1175 4113 1243 4179 Hec
1253 4117 1362 4178 autem
1377 4111 1477 4178 adno-

349 4221 420 4280 tata
436 4221 511 4281 sunt
527 4217 587 4282 sub
602 4217 787 4284 testimonio
801 4217 925 4285 domiui
940 4219 1100 4286 Altbmari
1114 4220 1279 4307 Episcopi,
1297 4224 1329 4284 et
1339 4217 1478 4286 Comitis

351 4321 434 4403 Ban,
451 4328 483 4386 et
498 4323 603 4406 Isaac,
620 4329 652 4388 et
668 4319 782 4410 (lupun
795 4323 966 4409 Capellani
980 4326 1092 4410 nostri,
1109 4326 1295 4393 atFulberti
1310 4363 1355 4374 —
1371 4363 1416 4374 -
1432 4363 1478 4376 -

349 4435 381 4493 et
396 4428 501 4494 Viden
516 4430 697 4514 Propositi,
723 4431 757 4495 in
773 4431 864 4497 cuius
882 4433 973 4499 curia
996 4433 1059 4500 boc
1082 4438 1188 4500 actum
1204 4439 1263 4500 est.
1291 4435 1327 4498 In
1344 4433 1477 4518 signum

348 4554 425 4602 vero
442 4534 536 4601 huius
553 4537 661 4621 operis
677 4539 737 4604 sub
754 4541 924 4624 presencia
939 4540 1114 4608 eorundem
1137 4559 1219 4624 quos
1245 4559 1347 4626 supra
1370 4541 1478 4623 retuli,

349 4646 382 4708 et
398 4643 539 4710 omnium
556 4642 611 4725 qui
628 4644 765 4712 aderant
779 4646 823 4714 ad
849 4648 1008 4738 hocopus
1023 4683 1364 4702 ------
1383 4655 1479 4720 sexto
