3218 5192
633 341 790 452 A

143 543 276 628 liethel,
301 562 380 629 pars
396 541 473 608 ville
487 541 639 628 Magyari
656 515 729 607 eu'm
745 541 955 628 pertinenciis
974 543 1062 627 suis,
1086 543 1168 610 villa
1183 543 1277 632 Lapa

144 673 219 720 eum
235 653 410 736 montibus,
436 653 492 718 vbi
507 659 583 719 sunt
598 651 698 718 multe
714 651 848 718 arbores
864 651 1023 718 fruetuum
1043 653 1164 720 diuersi
1180 673 1275 736 gene-

143 763 191 828 ris
206 767 240 828 et
256 769 353 845 terra,
370 781 443 828 eum
459 763 574 847 pratis,
598 760 673 828 leno
689 761 769 826 abili
792 761 932 845 aliisque
947 762 1163 847 appendiciis.
1189 762 1276 830 Villa

143 870 292 957 Apatlry,
307 870 430 936 ibidem
445 889 525 956 pars
537 870 615 936 ville
630 869 738 954 Tetes,
755 889 817 952 que
833 868 885 936 his
897 871 1043 938 terminis
1052 870 1275 938 includuntur:

142 981 206 1048 Est
220 979 295 1046 fons
310 977 414 1044 fluens
430 975 474 1043 ad
490 976 610 1043 dietam
627 976 740 1044 villam
751 978 858 1060 Tetes,
876 978 957 1043 etin
973 978 1087 1046 eodem
1104 978 1146 1044 ad
1162 979 1275 1046 villam

143 1127 190 1141 -
204 1123 250 1134 -
265 1105 303 1152 ar
328 1090 360 1150 et
376 1087 410 1150 in
435 1084 594 1170 superiori
610 1091 707 1170 parte
722 1083 868 1150 eiusdem
884 1085 918 1150 in
934 1086 989 1152 via
1004 1086 1137 1173 publiea
1161 1105 1275 1156 versus

143 1197 321 1278 orientem3
348 1192 425 1259 inde
439 1213 538 1279 supra
553 1192 775 1260 molendinum
800 1193 881 1260 dieti
897 1195 1024 1262 cenobii
1048 1197 1082 1262 in
1098 1195 1198 1262 fluuio
1213 1197 1275 1279 Fy-

145 1303 375 1388 zegbabitnm,
391 1308 424 1368 et
440 1301 483 1368 ad
497 1300 667 1384 fossatum,
684 1301 725 1368 de
740 1321 803 1384 quo
815 1302 963 1368 aseendit
978 1303 1021 1369 ad
1036 1305 1140 1371 riuum
1159 1303 1214 1387 qui
1230 1302 1275 1372 di·

143 1414 230 1480 eitur
254 1410 508 1495 Irsidesmagere
528 1409 585 1498 (i),
610 1411 687 1478 inde
702 1431 816 1480 versus
832 1411 1016 1498 aquilonem
1040 1413 1083 1480 ad
1107 1415 1214 1497 viam,
1240 1412 1274 1480 in

143 1541 211 1605 qua
234 1540 295 1606 per
318 1521 438 1586 bonum
463 1519 611 1606 spacium
636 1520 732 1586 metis
748 1519 949 1606 interpositis
975 1521 1018 1586 ad
1034 1521 1171 1604 siluam;
1198 1520 1274 1590 dein

142 1628 284 1696 flectitur
298 1646 412 1693 versus
436 1627 589 1694 orientem
605 1626 771 1694 Fenieudo
787 1626 830 1694 ad
847 1627 946 1694 aliam
962 1629 1050 1694 viam
1066 1633 1098 1694 et
1123 1627 1275 1712 dirigitur

143 1735 262 1802 eadem
278 1753 392 1801 uersus
408 1733 575 1802 meridiem
591 1753 650 1819 per
673 1734 768 1800 hines
792 1740 907 1818 metas,
922 1755 1025 1820 prope
1049 1734 1161 1800 villam
1178 1733 1274 1804 Seule

142 1850 195 1912 eet
210 1847 298 1910 meta
322 1843 407 1908 inter
429 1849 534 1910 terras
551 1843 666 1925 cultas,
683 1841 914 1925 descenditque
930 1843 974 1908 ad
997 1841 1131 1908 fluuium
1147 1841 1271 1928 Fyzyg,

142 1952 185 2019 de
202 1971 267 2036 quo
284 1969 398 2018 versus
409 1950 576 2018 meridiem
587 1950 736 2016 accendit
751 1951 794 2016 ad
805 1950 922 2018 siluam
938 1949 1023 2018 dicte
1040 1950 1273 2037 villeApathy,

144 2062 227 2126 etin
244 2060 331 2126 dieto
347 2079 442 2134 eursu
452 2079 511 2144 per
525 2079 679 2142 magnum
690 2059 838 2144 spacium
848 2056 955 2124 eundo
966 2058 1171 2143 coniungitur
1188 2067 1273 2126 terre

142 2167 319 2236 dinteville
333 2167 428 2252 Lapa
442 2168 475 2233 in
491 2167 577 2233 bono
588 2167 702 2253 spacio
723 2167 766 2232 ab
777 2165 926 2233 orientali
943 2171 1047 2251 parte.
1063 2167 1271 2252 Invillalgol

141 2276 209 2343 XX
219 2275 406 2342 mansiones
422 2275 466 2341 ab
482 2274 634 2358 aquilone
650 2293 723 2340 eum
740 2273 844 2358 terris,
861 2275 976 2360 pratis,
996 2275 1272 2360 montibusvsquc

141 2388 248 2450 metas
258 2382 657 2470 possessionumlleclesic
667 2380 930 2466 deAlbaRegali,
940 2402 1018 2467 pars
1029 2383 1108 2450 ville
1118 2381 1271 2471 G--p

141 2493 186 2557 ab
201 2489 370 2558 occidente
385 2510 458 2556 eum
474 2489 569 2556 siluis
585 2497 618 2556 et
633 2489 709 2556 aliis
725 2490 980 2576 appertinenciis
995 2491 1075 2575 suis,
1098 2511 1177 2576 pars
1192 2491 1271 2558 ville

140 2599 272 2684 B—ry
287 2619 360 2664 cum
376 2597 580 2684 appendiciis
596 2597 675 2682 suis,
693 2616 770 2683 pars
785 2597 865 2663 ville
880 2598 1047 2666 Baluanus
1063 2619 1135 2666 cum
1151 2619 1270 2685 appen-

139 2706 238 2773 dieiis
254 2707 332 2773 suis.
360 2708 399 2772 In
414 2706 496 2772 villa
511 2704 600 2772 Tard
624 2711 751 2791 septem
775 2705 980 2790 mansiones,
1005 2707 1139 2774 invilla
1160 2707 1271 2772 Nezde

139 2821 208 2882 tres
225 2815 432 2898 mansiones3
460 2813 494 2880 in
511 2813 591 2880 villa
607 2811 711 2880 Zolad
726 2817 792 2879 tres
816 2813 1001 2880 mansiones
1018 2834 1090 2881 eum
1113 2813 1270 2900 pertinen-

140 2923 203 2990 ciis
219 2923 298 2990 suis.
325 2923 364 2988 In
379 2921 550 3008 prouineia
565 2920 721 2988 'Iolnensi
746 2922 826 2988 villa
841 2921 956 3007 Fyden
971 2922 1053 2989 XIII
1072 2922 1269 3007 mansionen,

138 3032 176 3098 in
191 3030 273 3096 villa
296 3029 416 3115 Kupan
441 3029 534 3096 iuxta
548 3029 653 3115 Fyzig
677 3029 777 3096 XXII
802 3029 988 3098 mansiones
1014 3037 1046 3096 ct
1061 3031 1150 3098 ouria
1174 3033 1270 3098 Isaac

140 3140 279 3207 Comitis
295 3159 367 3207 eum
384 3138 589 3224 molendino,
616 3139 788 3224 montibus,
806 3140 924 3226 vineis,
949 3141 1104 3225 decimis,
1131 3141 1270 3224 aliisque

139 3249 359 3336 appendicIJ's.
384 3251 466 3322 Pars
481 3249 561 3316 ville
576 3249 704 3334 Zakoly
729 3269 801 3315 oum
818 3249 930 3316 multis
956 3250 1126 3318 arboribus
1151 3269 1269 3316 nucum

138 3367 174 3425 ct
190 3359 293 3442 siluis,
311 3378 382 3425 cum
398 3358 472 3424 lacu
489 3379 529 3424 ac
543 3359 617 3425 aliis
630 3359 834 3446 appendieijs
850 3353 928 3426 s'uis.
940 3360 1160 3426 Villaliortns
1177 3359 1269 3425 iuxta

137 3468 276 3534 fluuium
290 3469 383 3550 Saar,
400 3467 434 3532 in
451 3487 516 3552 qua
532 3473 582 3534 est
597 3467 737 3534 eeclesia
753 3470 787 3534 in
803 3470 958 3536 honorem
968 3467 1118 3536 Omnium
1135 3469 1268 3534 Sancto-

138 3594 221 3657 rum,
238 3574 289 3640 eui
306 3575 349 3640 ab
365 3573 489 3641 oriente
504 3573 597 3640 vltra.
610 3574 717 3660 ipsum
733 3573 867 3641 fluuium
877 3577 1059 3642 vicinantur
1068 3574 1160 3641 Mord
1170 3615 1214 3624 -
1224 3613 1269 3622 —

137 3681 231 3749 salua
255 3681 403 3748 Ecclesia
426 3681 468 3748 de
483 3681 622 3766 Iwan,a
646 3681 782 3748 meridie
805 3682 886 3748 villa
908 3682 1024 3770 Anya,
1050 3683 1094 3749 ab
1117 3683 1269 3768 aquilone

137 3789 256 3872 Bikeh,
274 3795 306 3856 et
322 3790 365 3855 ab
381 3788 549 3856 occidente
573 3797 639 3856 tres
655 3795 780 3856 montes
796 3797 829 3856 et
845 3791 928 3857 silue
951 3789 1018 3856 iere
1033 3789 1076 3857 ad
1092 3811 1189 3858 vnum
1213 3794 1268 3858 mi·

137 3897 231 3964 liare.
249 3897 338 3964 Villa
352 3897 464 3964 Fodeh
474 3948 484 3981 ,
509 3898 543 3962 iu
561 3905 693 3981 quaest
718 3899 859 3964 eeclesia
876 3899 987 3964 Sancti
1001 3899 1171 3966 Michaelis
1196 3921 1267 3965 oum

137 4005 233 4072 siluis
248 4005 388 4071 Abbatis
404 4012 437 4071 et
453 4004 529 4071 aliis
554 4005 756 4091 appendiciis
773 4007 859 4090 suis,
886 4005 987 4072 tercia
1003 4025 1081 4091 pars
1101 4006 1179 4073 ville
1194 4007 1267 4070 'Iol-

136 4131 244 4178 nanar
259 4133 332 4180 cum
356 4113 476 4180 tributo
493 4119 525 4178 et
548 4119 643 4198 portu
668 4115 704 4180 in
719 4114 881 4182 Danubio.
907 4115 945 4180 In
964 4114 1111 4200 partibus
1136 4112 1267 4196 Bodrug

136 4219 220 4287 villa
233 4221 382 4288 Bceeneu
397 4222 481 4288 inter
496 4221 694 4308 Danubium,
710 4222 833 4309 Woyas
849 4227 881 4290 et
899 4221 1091 4308 Tulgnioea,
1108 4221 1266 4306 Hagnas,

135 4335 170 4396 ct
185 4328 353 4413 quandam
367 4329 498 4396 vallem.
515 4329 603 4396 Villa
618 4330 651 4395 in
667 4337 743 4397 ante
758 4369 803 4379 —
813 4367 857 4379 -
873 4330 973 4414 vulgo
983 4328 1128 4395 Framati
1138 4335 1266 4413 vocant,

135 4445 170 4504 ct
185 4439 216 4504 V
231 4437 368 4523 piscine,
384 4436 510 4502 seilicet
524 4435 648 4521 Budrig
657 4487 666 4520 ,
691 4437 823 4523 Durym,
840 4437 1007 4524 Weymyr,
1032 4437 1122 4521 Plas,
1146 4434 1266 4502 Ertsin.

135 4547 174 4612 In
192 4545 346 4613 Danubio
372 4549 480 4612 autem
505 4543 655 4612 dominus
673 4544 787 4612 Abbas
811 4544 913 4631 illud,
938 4542 1026 4628 quod
1049 4547 1219 4630 caperetur
1233 4543 1267 4610 ln

136 4653 228 4726 ansis
239 4653 351 4734 Sancti
366 4651 497 4742 Auiani,
507 4651 622 4721 Abbas
637 4651 780 4724 haberet.
798 4653 886 4724 Villa
901 4651 936 4721 in
952 4655 1049 4758 puteo
1065 4651 1177 4721 Ducis.
1194 4651 1267 4732 Pre-

1304 338 1312 420 l
