3164 5192
896 985 972 1055 123.

368 1188 431 1250 III.
448 1184 597 1252 Ozelcetin
623 1189 710 1268 pcipe
728 1207 749 1246 a.
774 1183 945 1247 ocordooai
969 1187 1000 1246 e'a
1015 1208 1036 1247 o
1051 1185 1143 1248 leniori
1161 1184 1389 1270 pdeptikdknek
1414 1208 1493 1272 meq-

366 1297 496 1380 hoqyjo,
513 1293 592 1378 deors
608 1316 629 1354 o
642 1294 779 1377 epaiotor'
788 1293 875 1354 dread
885 1295 916 1354 de
932 1293 1116 1356 karronokok
1126 1293 1209 1357 teari
1224 1293 1493 1380 oyyeoctienadqek

596 1400 771 1488 idrqyddon
787 1401 972 1487 oiaryn'ioiot
987 1401 1138 1488 toyyeuek.
1165 1403 1261 1470 1196.

476 1596 680 1663 Caelestinus
696 1595 878 1682 Episcopus
894 1615 1007 1664 servus
1023 1617 1190 1664 servornm
1207 1598 1279 1682 Dei,
1304 1599 1493 1664 venerabili·
1576 1607 1577 1612 ’

368 1708 428 1772 bns
453 1705 608 1772 iratribus
632 1705 851 1772 Scardooensi
876 1713 910 1772 et
925 1705 1072 1772 Tiniensi
1097 1706 1270 1793 Episcopis
1294 1707 1435 1772 salntem
1461 1711 1494 1770 et
1568 1747 1577 1760 .

367 1813 591 1900 Apostolicam
608 1811 877 1879 benedictionem.
898 1811 978 1879 Cum
995 1813 1191 1880 venerabilis
1202 1811 1304 1879 irater
1320 1821 1431 1879 noster
1440 1813 1495 1876 Ar·

367 1921 595 2006 chiepiscopus
605 1926 723 2004 vester,
739 1929 772 1986 et
787 1922 857 2006 ejus
869 1921 1036 2005 Canonici,
1055 1921 1087 1985 in
1104 1927 1216 1986 nostra
1225 1927 1334 1986 essent
1343 1939 1494 2004 praesen-

367 2028 416 2094 tia
431 2027 597 2094 constituti
613 2048 711 2112 snper
728 2029 854 2095 decima
870 2035 965 2114 parte
982 2027 1252 2112 decimationum,
1269 2045 1353 2111 qnae
1370 2026 1410 2091 de
1426 2032 1492 2092 toto

367 2135 670 2221 Archiepiscopatui
682 2141 776 2203 extra
786 2136 948 2204 civitatem
959 2138 1171 2222 proveniunt3
1193 2136 1257 2222 ipsi
1267 2134 1425 2203 Oanonici
1440 2135 1492 2200 ad-

368 2263 482 2311 versus
508 2242 656 2308 cumdem
679 2243 968 2331 Archiepiscopum
993 2255 1169 2330 coeperunt
1193 2261 1376 2330 proponere
1401 2261 1493 2326 qnae

368 2351 516 2434 ationem,
533 2357 566 2415 et
582 2371 654 2416 eam
670 2352 713 2416 ab
730 2351 802 2437 ipso
818 2373 891 2417 cnm
906 2353 1064 2420 instantia
1079 2351 1254 2438 postulare.
1280 2351 1400 2418 Verum
1417 2349 1492 2434 qnia

370 2481 435 2528 non
461 2465 617 2525 venerant
640 2459 683 2524 ad
710 2460 770 2527 hoc
797 2461 994 2528 sufficienter
1018 2461 1184 2545 instructi,
1210 2469 1320 2527 vestro
1346 2459 1493 2524 duximus

369 2567 510 2634 examini
537 2566 801 2656 committendam
817 2577 850 2635 et
864 2569 927 2636 fine
943 2570 1053 2636 debito
1079 2568 1329 2636 terminandam.
1356 2569 1493 2650 [deoque

369 2671 567 2740 fraternitati
584 2681 713 2742 vestrae
730 2696 788 2762 per
803 2677 996 2764 Apostolica
1012 2677 1135 2762 scripta
1158 2675 1362 2758 mandamus,
1389 2681 1492 2758 qnate-

371 2801 431 2846 nne
456 2781 605 2868 partibus
630 2785 818 2850 convocatis
844 2785 1005 2869 audiatis,
1036 2805 1121 2870 qnae
1146 2785 1221 2850 hinc
1246 2783 1322 2848 inde
1348 2781 1492 2848 duxerint

370 2888 602 2973 proponenda;
629 2897 661 2955 et
677 2909 810 2958 caueam
836 2893 920 2959 inter
935 2912 991 2960 eos
1001 2892 1151 2978 justitia,
1177 2891 1230 2956 vei
1246 2887 1420 2956 concordia
1437 2895 1491 2950 ter·

372 2995 511 3062 minetis.
538 2997 660 3062 Datum
686 3000 842 3066 Laterani
857 3001 961 3066 XVII.
987 2999 1148 3066 kalendas
1172 2996 1262 3080 Jniii,
1288 2995 1491 3063 Pontificatns

371 3105 472 3170 nostri
489 3125 575 3170 anno
597 3115 699 3172 serto.

607 3301 731 3367 (Parieti,
748 3302 886 3367 Illyricum
904 3303 1014 3353 Sacrum
1029 3301 1077 3352 ΙΙΙ.
1093 3304 1148 3352 ket.
1162 3301 1221 3350 227.
1236 3296 1267 3368 l.)

798 3585 1060 3597 Q
