3238 5184
602 320 612 343 ⁴
665 321 813 422 ..nm

167 515 339 601 Stephani.
371 514 415 578 Ut
439 521 548 580 antem
573 522 742 582 contextus
768 517 951 584 huiusmodi
975 519 1079 602 possit
1105 538 1296 604 permanere

167 621 308 705 stabilis,
329 639 389 687 nec
412 639 568 705 processu
583 621 750 707 temporis,
769 643 829 690 nec
844 623 1028 706 iniquorum
1047 626 1229 710 perturbari
1246 648 1296 694 ca·

165 728 323 813 iumpnia,
350 728 394 793 ad
408 727 603 794 instanciam
622 768 660 778 -
680 765 723 777 -
741 769 785 778 -
801 729 1010 796 -dedimus
1033 751 1092 817 pro
1111 733 1296 802 testimonio

167 842 335 921 presentes
360 835 486 904 litteras
511 835 612 921 sigilli
640 841 743 905 nostri
770 839 945 906 munimine
968 840 1149 906 roboratas.
1175 842 1296 908 Datum

166 943 343 1029 vesprimij
360 963 418 1028 per
433 963 548 1009 manus
565 944 713 1027 magistri
730 945 890 1012 Jobanuis
907 947 1054 1012 Lentonis
1070 947 1183 1032 nostri,
1207 969 1292 1014 anno

166 1049 300 1118 Domini
315 1053 361 1116 Μο
371 1050 436 1118 00⁰
446 1052 555 1117 XXX?
574 1052 765 1119 Reuerendo
784 1053 915 1119 domino
931 1059 963 1118 et
979 1059 1072 1138 patre
1090 1061 1202 1122 nostro
1217 1055 1294 1121 Bar-

165 1159 331 1224 tholomeo
357 1159 530 1246 Episcopo,
556 1161 705 1226 Johannc
728 1161 909 1244 Preposito,
940 1161 1113 1227 Salomone
1143 1161 1292 1248 cantore,

167 1265 293 1330 Mathis
309 1263 451 1330 Custode
468 1266 693 1336 existentibus.

167 1459 307 1525 (Eredctie
326 1460 498 1528 bdrbdrtydn,
519 1463 630 1528 melyrb'l
650 1478 666 1513 a
686 1465 811 1528 asinegen
825 1463 910 1529 tuggo
929 1462 1020 1530 pecset
1040 1461 1098 1516 mdr
1111 1462 1294 1531 eimdliott32

441 1552 514 1603 melt.
527 1550 593 1602 bdrd
611 1551 704 1618 Βόγης
718 1550 809 1604 csalad
822 1551 1029 1621 levdltdribnu.)

694 2281 772 2355 ull.

166 2464 197 2530 A
206 2465 309 2552 jurlei
323 2465 513 2530 kouueutoeic
537 2466 807 2554 bizonpsdpleoele,
830 2467 911 2554 bcpy
929 2491 951 2532 a
968 2468 1065 2534 Keado'
1088 2470 1226 2534 osomoat
1250 2467 1291 2532 el-

164 2575 264 2660 bunyt
279 2576 400 2660 anyjak
424 2574 540 2640 siucero
555 2579 586 2640 es
601 2576 883 2662 jepycjduddkdro
898 2578 989 2643 πότνα
1004 2600 1026 2641 a
1040 2577 1129 2642 Heni
1144 2577 1292 2644 omau-

532 2681 582 2745 kat
598 2683 808 2770 epyeakcdtek.
827 2684 926 2748 1230.

272 2877 340 2944 Nos
356 2877 395 2944 A.
412 2877 599 2964 Prepesitus
616 2883 647 2944 et
657 2879 848 2945 Konuentus
859 2878 1048 2962 Monasterij
1065 2879 1167 2945 Beate
1183 2877 1288 2962 Uirgi·

164 2986 215 3051 nis
232 2985 273 3051 de
289 2984 381 3050 Jurle
396 2984 556 3052 uniuersis
574 2985 690 3068 quibus
707 2985 841 3070 expedit
857 2986 1011 3054 memorie
1027 2984 1290 3052 commendantes

167 3092 388 3176 significamus
413 3111 471 3176 per
496 3097 684 3179 presentes,
711 3092 797 3176 quod
817 3091 942 3160 Gemite
967 3092 1148 3176 Dominico,
1174 3093 1288 3176 Jonas,

164 3201 236 3266 Mor
251 3208 283 3267 et
298 3200 423 3268 Jacobo
448 3201 525 3286 filijs
550 3203 621 3268 Mor
646 3201 809 3267 nobilibus
835 3201 876 3268 de
903 3201 1012 3268 Kezen
1036 3202 1078 3267 ab
1094 3220 1158 3266 una
1184 3207 1288 3285 parte,

163 3307 339 3374 Benedicto
355 3315 389 3374 et
403 3308 632 3376 Bartholomeo
659 3309 734 3393 filijs
750 3309 881 3394 Emricy
897 3308 937 3374 de
961 3311 1035 3376 Hon
1051 3329 1093 3376 ex
1118 3309 1222 3374 altera
1238 3327 1287 3375 cc-

163 3435 235 3482 ram
260 3417 354 3483 nobis
379 3419 574 3501 constitutis,
601 3419 801 3503 propositum
825 3418 933 3484 extitit
953 3437 1011 3503 per
1034 3416 1176 3499 eosdem,
1202 3415 1289 3499 quod

162 3541 261 3606 super
276 3541 386 3608 causa,
404 3543 500 3607 qnam
516 3525 602 3590 idem
613 3523 729 3589 Comes
740 3524 930 3591 Dominicus
947 3531 979 3589 ct
990 3523 1110 3590 iratres
1126 3524 1177 3591 sui
1190 3544 1288 3610 super

163 3628 238 3696 dote
255 3635 287 3695 et
303 3631 398 3696 rebus
424 3631 683 3716 parefernalibns
710 3631 839 3700 domine
854 3632 993 3717 Markeg
1008 3631 1121 3699 matris
1145 3631 1288 3718 ipsorum

163 3754 272 3802 coram
288 3735 419 3805 domiuo
435 3739 598 3826 Episcopo
613 3739 850 3824 Vesprimiensi
869 3757 1000 3806 mouere
1014 3739 1235 3823 intendebant,
1256 3744 1288 3803 et

162 3863 259 3929 super
275 3845 370 3911 rebus
398 3845 541 3932 ipsorum
557 3853 686 3933 epatre
710 3847 856 3932 ipsorum
872 3847 995 3912 eisdem
1020 3847 1189 3930 relaxatis,
1215 3865 1287 3910 cum

160 3949 236 4034 ipsa
261 3950 393 4018 domina
408 3954 565 4038 deductis,
592 3973 674 4038 quas
700 3955 733 4020 in
757 3955 904 4039 puericia
929 3955 1071 4040 ipsorum
1097 3952 1286 4019 Dominicus

160 4061 291 4126 omnino
308 4061 555 4146 expendiderat,
571 4061 682 4128 taliter
697 4081 755 4147 per
772 4062 940 4128 arbitrium
954 4061 1128 4146 proborum
1145 4059 1286 4125 uirorum

159 4185 196 4233 se
212 4167 364 4235 dixerunt
379 4169 605 4254 concordasse,
622 4169 709 4254 quod
726 4171 798 4254 ipse
809 4168 1004 4234 Benedictus
1021 4187 1060 4232 ex
1071 4167 1237 4234 uoluntate
1254 4171 1287 4230 et

159 4275 375 4358 permissione
390 4284 423 4342 ct
439 4296 599 4344 consensu
624 4275 702 4341 dicti
717 4275 947 4359 Bartholomey
970 4274 1082 4340 fratris
1098 4275 1158 4359 sui,
1186 4293 1226 4338 ac
1240 4272 1285 4339 vi·

160 4383 307 4449 cinornm
322 4403 464 4471 suorum,
480 4385 665 4472 porcionem
687 4403 780 4448 suam
795 4389 897 4449 totam
906 4383 939 4450 in
955 4381 1163 4469 possessione
1178 4380 1286 4466 ipsum

158 4489 398 4577 contingentem
414 4511 474 4578 pro
501 4491 591 4557 dicta
607 4489 682 4558 dcte
698 4495 729 4556 et
745 4490 843 4555 rebus
869 4487 1142 4575 pareiamalibus,
1171 4505 1209 4552 ac
1225 4507 1284 4572 pro
1346 4559 1350 4566 ,

158 4597 239 4664 rebn
257 4595 415 4664 dictorum
431 4597 570 4664 filiorum
604 4597 684 4682 Mor,
710 4597 791 4681 ipsis
807 4597 885 4682 filijs
902 4599 971 4663 Mor
989 4595 1088 4681 dedit,
1105 4594 1237 4662 donauit
1253 4601 1285 4660 et
