3200 5182
852 309 1002 412 Am

362 535 499 600 cunque,
525 531 607 598 ques
623 530 725 596 usqne
743 509 785 574 nd
801 515 930 592 tempus
946 505 1042 571 huius
1066 511 1175 572 nostre
1190 503 1397 570 liberalitatis
1413 523 1485 588 pos-

360 623 525 706 sederunt,
544 640 603 707 per
619 619 747 686 fidelem
762 622 794 682 et
810 613 961 681 dilectum
978 617 1123 678 nostrum
1140 613 1291 678 clericum
1304 611 1414 676 Bubus
1431 611 1489 676 Ca-

361 731 516 798 nonieum
542 727 765 810 Geuriensem,
790 729 941 809 presente
957 719 1057 786 fratre
1072 719 1191 804 Egidin
1217 740 1303 786 nunu
1329 720 1489 785 monacho

361 837 474 904 Sancti
490 834 621 904 Martini
646 853 687 900 ex
702 841 797 919 perte
813 829 953 897 nubatis
969 837 1002 895 et
1018 827 1202 896 Conventus
1219 829 1330 894 Sancti
1355 827 1490 892 Martini

362 945 406 1012 ud
421 946 483 1014 hoe
499 945 660 1012 destinato
686 939 909 1007 connumerari
926 959 966 1005 un
981 938 1088 1005 notari
1112 935 1248 1003 fecimus
1265 936 1298 1000 in
1313 936 1399 1002 hune
1424 957 1488 1002 mo-

361 1053 448 1121 dum.
481 1057 528 1120 In
553 1055 671 1120 ville
693 1045 950 1117 Xuisiolwd
974 1051 1048 1112 sunt
1063 1045 1159 1111 XXX
1182 1045 1378 1128 mansionen,
1404 1065 1489 1128 quus

361 1163 510 1228 Ecclesia
526 1160 679 1228 Albensis
705 1179 747 1225 ex
761 1157 944 1226 donacione
959 1157 1035 1238 Meg
1051 1154 1182 1222 domine
1205 1155 1313 1238 habet,
1340 1153 1490 1240 exeeptis

360 1270 506 1357 parvulis
531 1275 564 1336 et
579 1268 760 1352 iuvenibus,
786 1275 819 1333 et
835 1267 957 1332 hubent
981 1272 1099 1330 terrum
1116 1261 1160 1330 ud
1180 1264 1344 1346 Versum,
1369 1264 1489 1328 vineas

360 1381 455 1464 quusi
471 1377 577 1461 XXX,
596 1377 697 1444 silvas
713 1376 807 1460 quasi
818 1375 876 1439 XL
887 1373 1010 1456 iugera.
1035 1375 1082 1438 In
1106 1372 1223 1437 villu
1245 1372 1338 1455 Nyn
1361 1377 1442 1435 sunt
1457 1365 1487 1434 II

359 1487 557 1570 mansiones,
574 1491 606 1552 et
621 1485 743 1550 hebent
755 1483 800 1548 VI
816 1481 933 1566 ingere
947 1485 1042 1564 terre,
1059 1481 1125 1546 IIII
1141 1481 1276 1564 vineas,
1300 1479 1488 1545 Dnmianus

360 1595 496 1661 elerinus
520 1593 619 1659 habet
642 1589 765 1658 ibidem
780 1589 844 1656 IIII
860 1587 1037 1674 mancipia,
1064 1588 1177 1653 vinear
1202 1587 1267 1652 IIII
1283 1588 1437 1670 incultas,
1455 1588 1487 1652 II

360 1702 463 1768 siluas
479 1701 513 1767 in
540 1700 665 1768 duobus
691 1699 771 1767 loeis
795 1699 890 1782 quusi
906 1695 969 1763 IIII
985 1696 1110 1781 iugera,
1137 1703 1168 1762 et
1183 1696 1279 1761 XXX
1300 1697 1418 1778 iugera
1444 1696 1488 1761 ad

360 1807 528 1875 erendum.
561 1809 606 1873 In
632 1806 748 1876 ville
772 1803 933 1870 Vehmn
956 1814 1007 1869 est
1027 1805 1042 1868 I
1062 1803 1187 1868 mensio
1212 1822 1284 1868 num
1309 1801 1416 1867 tribus
1443 1803 1486 1866 vi-

359 1915 449 1999 neis;
474 1921 578 1980 terem
594 1912 722 2002 (habet)
747 1913 844 1978 XXX
861 1911 983 1996 iugera,
1010 1911 1126 1976 silvam
1151 1911 1243 1994 quusi
1267 1911 1332 1974 1111
1357 1909 1485 1993 ingere.

359 2021 406 2087 In
429 2022 548 2089 villa
571 2022 688 2088 Xees
711 2027 788 2087 sunt
803 2021 869 2086 IIII
885 2018 1092 2100 mensionem
1109 2025 1228 2083 terrum
1245 2018 1344 2083 Imbet
1359 2016 1404 2082 ud
1421 2021 1486 2084 triu

358 2135 479 2216 aratra,
497 2137 530 2196 et
541 2129 657 2196 silvam
674 2129 767 2212 quasi
785 2125 943 2210 Cingere,
961 2127 1075 2192 viuess
1091 2125 1185 2208 quusi
1196 2123 1270 2190 XX.
1294 2125 1341 2190 In
1364 2125 1486 2191 villu

357 2235 608 2304 Sumberem
632 2243 706 2303 sunt
721 2236 834 2302 XXIX
851 2234 1039 2302 mensiones
1056 2233 1202 2317 exeeptis
1224 2233 1373 2317 parvulis
1389 2243 1423 2299 et
1438 2234 1483 2298 iu·

357 2345 504 2427 venibus,
527 2353 647 2410 terrum
664 2345 766 2411 hebet
790 2342 833 2410 ud
857 2343 954 2410 XXX
980 2349 1102 2426 aratra,
1129 2341 1245 2407 silvam
1271 2343 1365 2425 quasi
1390 2341 1436 2407 ed
1451 2342 1482 2406 X

356 2456 478 2534 aratra,
496 2449 609 2516 vineas
633 2449 702 2515 XL.
728 2450 773 2515 In
801 2451 842 2516 vi
856 2449 921 2516 Ila
950 2453 982 2516 II
994 2469 1097 2534 eger
1128 2458 1203 2515 sunt
1218 2451 1267 2515 III
1284 2450 1481 2533 mansiones,

355 2563 387 2622 et
406 2555 527 2626 hebent
541 2564 658 2623 terrum
677 2557 719 2623 ud
737 2557 788 2622 00
804 2559 928 2642 iugera,
946 2557 1061 2624 vineas
1072 2557 1177 2623 nultus
1193 2559 1232 2646 V,
1250 2559 1390 2624 incultas
1406 2559 1481 2640 XII,

355 2663 473 2730 silvam
489 2665 522 2729 in
539 2667 603 2731 IIII
616 2666 706 2748 lueis,
723 2666 817 2746 quasi
833 2665 896 2729 XX
912 2665 1035 2751 iugera,
1053 2665 1186 2750 insuper
1205 2665 1322 2731 silvam
1341 2685 1481 2731 eommu-

355 2791 429 2838 nem
446 2791 517 2838 eum
533 2772 672 2858 populis,
698 2771 808 2837 fenetu
829 2771 862 2836 in
879 2772 940 2836 VIl
953 2772 1043 2838 loeis.
1076 2775 1122 2838 In
1145 2773 1263 2838 villa
1285 2773 1480 2840 Seuleus

355 2880 417 2946 VII
428 2883 612 2948 mansiones
624 2881 769 2966 exeeptis
780 2881 927 2965 parvulis
940 2890 973 2947 et
984 2881 1163 2965 iuvenibus,
1175 2887 1206 2946 et
1221 2883 1343 2946 hebent
1357 2888 1479 2947 terrem

355 2988 399 3055 ud
415 2989 447 3054 II
464 2995 584 3073 aratra,
611 2988 752 3056 fenetum
769 2989 802 3055 in
819 2991 847 3056 V
863 2989 954 3076 loeis,
972 2991 1085 3056 vineas
1101 2991 1159 3073 IX,
1176 2988 1279 3054 silvas
1303 2993 1397 3073 qnasi
1414 2991 1481 3056 XII

353 3097 476 3180 iugera.
509 3100 556 3164 In
581 3097 697 3164 villa
719 3097 849 3182 Told,
875 3119 973 3182 quam
998 3098 1097 3162 habet
1112 3117 1152 3162 ex
1177 3096 1358 3164 donaeione
1378 3099 1480 3182 Gejse

352 3205 462 3290 Regis,
473 3205 599 3272 XXXV
612 3207 799 3273 mansiones
815 3207 959 3293 exeeptis
976 3206 1120 3292 parvulis
1137 3214 1169 3271 et
1184 3205 1376 3292 iuvenibus3
1395 3217 1429 3272 et
1444 3208 1479 3271 in

351 3312 419 3378 alia
434 3313 519 3379 Told
529 3314 575 3379 VI
590 3315 785 3398 mansiones,
802 3321 923 3380 terram
939 3313 983 3379 ud
993 3315 1054 3379 XV
1065 3319 1184 3396 aratra,
1199 3312 1343 3379 fenetum
1360 3333 1381 3378 a
1396 3315 1479 3380 uilla

351 3417 504 3503 Coaznya
520 3441 621 3503 neque
637 3422 768 3502 Anulum,
787 3423 900 3488 vineas
911 3423 974 3487 XX
990 3422 1105 3506 uultus,
1123 3421 1263 3487 insultes
1278 3422 1353 3504 XX,
1372 3423 1477 3488 siivas

349 3527 444 3608 quusi
460 3529 492 3592 M
509 3529 634 3612 iugera.
653 3529 753 3596 Juxta
768 3529 904 3594 eandem
920 3530 1032 3595 villum
1048 3529 1198 3596 dominus
1213 3529 1405 3617 Prepesitus
1422 3531 1478 3596 hu·

349 3633 405 3699 bet
420 3634 578 3719 predium,
597 3638 644 3702 III
662 3637 825 3722 mancipia
841 3637 986 3733 exceptis
1002 3637 1147 3722 parvulis
1168 3643 1200 3702 et
1214 3638 1397 3720 iuvenibus,
1415 3648 1477 3704 ter-

347 3761 417 3808 ram
434 3742 478 3808 sd
495 3742 539 3810 VI
555 3750 674 3831 aratra,
704 3747 844 3813 ferretum
865 3747 899 3812 in
915 3747 980 3813 IIII
1000 3747 1090 3829 loeis,
1108 3746 1226 3811 silvam
1243 3748 1338 3828 qnasi
1356 3747 1415 3811 LX
1431 3749 1477 3812 iu-

348 3855 567 3935 gere3terres
593 3853 692 3920 hebet
721 3862 816 3940 aptus
842 3855 884 3921 ed
916 3855 1040 3920 vineas.
1072 3856 1119 3921 In
1153 3854 1271 3920 villu
1303 3856 1479 3921 Anainr

346 3958 459 4025 XXIX
469 3960 654 4029 mansiones
664 3963 811 4049 exeeptis
820 3963 966 4050 parvulis
976 3973 1009 4030 et
1019 3963 1200 4046 iuvenibus,
1218 3969 1337 4030 terram
1355 3965 1401 4029 nd
1411 3964 1476 4031 XX

346 4072 464 4152 aratra,
492 4067 602 4134 feneta
627 4069 660 4134 in
676 4071 740 4137 XX
757 4070 848 4156 loeis,
875 4073 987 4139 vineas
1004 4073 1065 4138 XV
1089 4072 1203 4154 cuites,
1229 4071 1369 4138 incultas
1400 4074 1475 4156 XX,

344 4174 447 4241 silves
462 4176 556 4259 quasi
573 4175 624 4244 00
639 4177 763 4262 iugera,
792 4185 901 4263 preter
916 4199 1102 4246 eommunes
1120 4182 1231 4262 silvas,
1252 4199 1335 4263 quus
1352 4181 1475 4247 habent

343 4301 416 4349 eum
442 4281 626 4352 vdvornieis
651 4287 760 4369 Regis.
797 4287 842 4352 In
876 4287 990 4352 villa
1023 4285 1139 4353 Seud
1164 4289 1259 4353 XXV
1284 4289 1473 4356 mansiones

343 4393 487 4476 exeeptis
514 4393 660 4477 paruulis
677 4399 708 4459 et
724 4393 906 4479 iuvenibus,
932 4402 1053 4460 terram
1070 4393 1113 4460 ad
1129 4395 1194 4460 XX
1212 4401 1331 4480 aratra,
1356 4396 1473 4462 vineas

255 4574 258 4580 .
342 4495 437 4561 XXX
454 4506 485 4564 et
502 4501 578 4565 VIII
603 4500 717 4584 euitas,
743 4502 882 4569 incultas
898 4502 967 4569 fere
983 4503 1008 4568 0
1025 4503 1157 4587 iugera,
1185 4505 1269 4570 silve
1286 4525 1306 4569 a
1331 4504 1471 4570 Buduna

341 4605 497 4688 usquead
515 4615 618 4672 metes
629 4608 740 4674 Sancti
753 4610 871 4677 Auiani
888 4610 976 4678 nullo
994 4611 1159 4678 mediante
1171 4613 1289 4678 multas
1302 4619 1336 4679 et
1351 4613 1471 4681 incom-
