3238 5184
836 249 903 318 566

309 455 362 522 vel
376 453 508 538 aliquae
524 459 636 518 certse
650 449 759 518 laetae
769 457 844 518 suut
859 455 967 531 antea
981 451 1034 516 vel
1047 449 1154 516 ladas
1169 448 1300 516 inerunt
1313 453 1432 533 postea

310 561 593 649 praenominatum
608 559 816 646 privilegium
826 557 948 625 domini
967 557 1077 643 Papae
1092 556 1234 642 Honori,
1252 555 1304 620 vel
1319 560 1434 622 contra

308 668 509 756 praedictum
534 675 659 736 canam
680 667 803 734 domini
819 666 946 733 Acontii
962 663 1170 750 spostolicae
1196 663 1291 730 Sedis
1306 663 1434 748 legati,

308 778 378 846 sive
393 783 505 842 contra
530 773 731 861 praedictam
746 780 880 856 cartam,
908 792 1005 857 quam
1032 772 1164 858 scripsit
1178 773 1355 856 Presbyter
1370 769 1435 834 Ga

310 884 421 952 toldus
437 882 591 950 Notarius
607 903 717 950 eoram
729 882 844 950 eodem
860 881 990 950 domino
1007 889 1142 966 negato,
1159 881 1211 948 vel
1228 885 1339 948 contra
1350 877 1436 946 duas

310 999 426 1076 cartes,
442 991 596 1058 videlicet
610 999 724 1060 contra
738 991 823 1058 banc
833 997 866 1060 et
881 997 995 1058 contra
1010 991 1120 1078 aliam,
1137 1009 1222 1075 quae
1239 988 1435 1070 estsimilis,

311 1108 344 1168 et
359 1101 508 1188 aqualis
532 1099 621 1183 huic,
648 1099 682 1166 in
699 1107 866 1168 aeternum
883 1099 947 1166 sint
971 1107 1096 1186 ruptae,
1124 1099 1245 1178 irritae,
1270 1116 1385 1179 vanae,
1403 1104 1439 1162 et

312 1209 427 1292 falsae,
454 1212 487 1272 et
502 1206 573 1273 sine
588 1206 711 1291 vigore.
737 1205 779 1272 Et
794 1207 1073 1292 praenominatum
1094 1205 1299 1292 privilegium
1312 1203 1437 1271 domini

311 1321 423 1403 Papae
438 1315 583 1400 Honori,
600 1325 634 1382 ot
650 1315 898 1402 praenominata
919 1321 1010 1382 carta
1020 1315 1141 1384 domiui
1157 1315 1304 1384 Accontii
1322 1315 1439 1400 legati

312 1425 408 1493 Sedis
425 1423 646 1512 Apostolicae,
663 1431 695 1490 et
710 1423 958 1509 praenominata
967 1433 1066 1506 carta,
1084 1445 1181 1510 quern
1197 1425 1327 1511 scripsit
1342 1425 1437 1492 Pres-

314 1537 408 1619 byter
433 1531 594 1598 (iataldus
619 1531 775 1600 Notarius
803 1551 913 1600 coram
932 1531 1015 1618 ipso,
1042 1539 1074 1598 et
1098 1531 1184 1598 duae
1209 1539 1327 1616 eattae,
1351 1551 1439 1616 quac

312 1651 387 1710 sunt
403 1641 446 1710 ad
462 1643 523 1709 boc
539 1641 673 1718 similes,
699 1640 851 1708 videlicet
866 1642 959 1728 haec,
985 1649 1017 1708 et
1035 1642 1112 1725 alia,
1139 1640 1312 1727 dequibus
1338 1661 1439 1708 uuam

314 1757 401 1820 tenet
417 1751 559 1832 Valleus,
586 1757 619 1818 et
633 1749 734 1818 aliam
759 1757 848 1816 tenet
862 1747 1042 1832 Grubesca,
1068 1750 1100 1815 in
1125 1757 1291 1818 aeteruum
1315 1770 1440 1838 perma-

315 1867 414 1927 neant
430 1860 551 1942 firmae,
568 1859 696 1945 plenae,
717 1858 801 1926 sicut
816 1858 850 1926 iu
865 1857 946 1944 ipsis
963 1857 1155 1943 continetur,
1172 1867 1204 1926 et
1218 1861 1302 1926 sicut
1317 1859 1441 1945 praele-

314 1969 409 2056 gitur,
437 1967 674 2054 praenominati
698 1966 821 2052 Pitropi
847 1966 961 2050 nostri,
986 1967 1138 2034 videlieet
1153 1967 1327 2053 Presbyter
1351 1967 1444 2034 Saba

315 2086 408 2165 pater
426 2094 515 2142 meus
526 2073 707 2161 spiritualis
723 2073 842 2142 invita
860 2095 930 2159 sua,
948 2080 981 2142 et
992 2075 1126 2144 Velleus
1144 2094 1246 2162 nepos
1261 2095 1350 2142 meus
1367 2095 1444 2142 cum

316 2185 512 2252 haeredibus
527 2183 631 2271 patris
648 2183 708 2268 sni,
724 2184 833 2250 fratris
849 2185 912 2252 mei
927 2183 1093 2267 Damiani,
1111 2191 1231 2252 etcum
1246 2186 1314 2252 suis
1331 2185 1442 2252 haere-

315 2295 410 2362 dibus
428 2294 461 2358 in
476 2297 652 2372 aeternum,
680 2305 711 2358 et
727 2291 892 2358 Presbiter
908 2291 1000 2358 Elius
1016 2293 1153 2362 Joaunis
1169 2292 1297 2360 Vivisci
1322 2293 1355 2358 iu
1371 2294 1444 2360 vita

316 2421 376 2470 sua
401 2405 616 2487 permaneant
640 2399 721 2466 firmi
746 2399 780 2466 in
804 2399 875 2466 loco
900 2397 942 2467 dc
968 2400 1109 2487 propriis
1134 2401 1252 2470 nostris
1280 2402 1441 2487 personis.

318 2509 403 2589 Quia
418 2528 477 2576 nos
494 2507 581 2574 bona
597 2514 721 2591 nostra,
746 2506 834 2573 bona
848 2507 1016 2576 voluntate
1030 2529 1089 2596 per
1104 2508 1179 2576 lidei
1201 2516 1441 2578 sacramentum

317 2614 549 2701 ordinavimus,
576 2623 608 2682 et
634 2615 861 2696 stabilivimus,
887 2618 969 2684 haec
994 2617 1103 2685 omnia
1125 2617 1159 2686 iu
1184 2625 1353 2686 aeternum
1376 2618 1443 2685 siut

318 2728 420 2809 firma,
437 2723 650 2808 inviolabilia,
667 2733 700 2790 et
715 2733 797 2791 rata.
817 2725 1020 2810 Quicumque
1035 2733 1144 2794 autem
1158 2729 1254 2796 homo
1264 2728 1345 2795 haee
1360 2748 1442 2794 rum·

318 2853 397 2922 pere
414 2833 606 2918 tentaverit,
633 2835 685 2899 vel
702 2833 796 2900 aliter
813 2835 1066 2922 praesumpserit
1089 2836 1206 2922 lacere,
1224 2835 1443 2904 anathematis

318 2943 432 3012 ultioni
448 2943 628 3028 subjaceat,
656 2950 688 3010 et
703 2944 826 3012 habeat
841 2945 1102 3014 maledictionem
1119 2948 1191 3032 Dei,
1210 2949 1317 3016 Patris
1334 2947 1429 3016 Omni

319 3049 467 3139 potentis,
484 3058 516 3116 et
532 3050 620 3138 Filii,
636 3056 669 3117 et
685 3051 825 3138 Spiritus
841 3052 962 3138 Sancti,
990 3061 1022 3122 et
1037 3056 1161 3123 Bealae
1175 3058 1299 3124 Mariae
1313 3075 1443 3142 semper

322 3159 478 3246 Virginis,
495 3165 528 3224 et
544 3158 717 3227 Beatorum
733 3159 965 3246 Apostolorum
981 3163 1077 3248 Petri,
1099 3173 1131 3232 et
1146 3165 1262 3252 Paulli,
1278 3173 1311 3232 et
1325 3165 1444 3232 iacobi

320 3275 353 3336 et
368 3267 462 3335 Beati
478 3267 582 3335 Blasii
598 3267 751 3356 Episcopi
768 3276 801 3336 et
817 3270 950 3354 gloriosi
968 3273 1131 3357 martyris,
1159 3279 1192 3338 et
1206 3272 1347 3342 omnium
1364 3273 1444 3340 San-

322 3384 445 3446 ctorum
460 3399 468 3461 ;
486 3381 519 3443 et
533 3376 655 3444 habeat
670 3383 797 3463 partem
814 3397 886 3446 cum
903 3379 1044 3467 diabolo,
1062 3386 1095 3446 et
1111 3379 1198 3448 Judc
1212 3381 1367 3448 traditore
1382 3383 1446 3448 Do-

322 3483 411 3568 mini,
428 3491 548 3552 etcum
564 3486 684 3570 Daton,
700 3492 733 3552 et
747 3485 880 3574 Abirou,
906 3507 987 3571 quos
1003 3495 1090 3555 terre
1105 3487 1281 3574 absorbuit,
1304 3496 1336 3555 et
1352 3487 1386 3556 in
1402 3489 1447 3555 in-

320 3591 412 3660 terno
428 3591 584 3659 interiori.
601 3593 713 3660 Amen.

429 3695 520 3766 Haec
544 3703 654 3766 autem
680 3706 772 3768 carta
796 3702 884 3770 nullo
913 3702 1053 3789 bomine,
1079 3713 1111 3772 et
1137 3703 1320 3774 testimonio
1341 3707 1449 3794 rumpi

322 3803 438 3892 possit.
464 3806 507 3872 Hi
523 3813 597 3873 sunt
612 3813 713 3875 testes
732 3832 739 3874 :
765 3809 934 3878 liethaeus
955 3811 1115 3880 Badatiae
1125 3815 1256 3900 juratus
1271 3813 1389 3899 Judex,
1417 3821 1450 3882 et

323 3913 444 3981 Vitalis
467 3914 551 3982 lilius
575 3915 714 3984 ioannis
738 3915 891 3986 Coledae.
917 3921 987 4007 Ego
1003 3923 1178 4008 Presbyter
1201 3923 1372 3992 Pasobalis
1389 3922 1449 3992 ea-

324 4026 404 4110 palu
419 4031 452 4093 et
470 4025 656 4094 Communis
672 4026 827 4097 Notarius
838 4030 970 4115 juratus
987 4033 1124 4120 scriptor
1140 4053 1221 4118 sum,
1238 4039 1271 4100 et
1287 4034 1391 4100 testis.

570 4225 695 4293 (Parlati,
708 4229 847 4296 Illyricum
860 4231 972 4285 Sacrum
985 4232 1032 4286 VL
1047 4235 1102 4286 ket
1116 4235 1159 4285 93.
1175 4229 1206 4301 1.)

755 4497 1015 4512 m
