3218 5192
815 356 966 455 .--Q

325 583 442 664 tionis,
461 601 526 664 qua
541 577 757 664 potiebamur,
785 595 857 640 oum
875 571 1039 640 oblatione
1056 589 1268 654 nummorum,
1293 588 1467 652 quousque

325 691 390 776 ipsi
405 683 644 771 quinquaginta
660 681 812 768 Bysantii
829 701 901 747 oum
918 677 1024 746 usuris
1040 677 1224 760 extorqueri
1240 683 1385 763 possent,
1411 675 1465 741 eis

326 803 435 862 tenere
451 791 682 861 concessimus,

575 991 691 1055 (Parlati
703 989 842 1056 Illyricum
856 991 968 1041 Sacrum
981 987 1034 1039 111.
1049 987 1105 1038 lr'dt.
1123 986 1182 1036 180.
1195 982 1225 1049 1.)

759 1275 1022 1285 -——-—--

869 1775 925 1841 44.

431 1977 495 2044 ΙΙΙ.
512 1977 594 2044 Jertlt
605 1977 695 2060 pcipe
711 1971 824 2037 Endre
839 1973 974 2060 repasci
989 1972 1135 2038 draatbez.
1157 1971 1244 2035 1150
1259 1969 1360 2035 knut.

440 2172 606 2256 Eugenius
622 2169 804 2255 Episcopus
821 2187 933 2235 servus
950 2188 1115 2237 servorum
1126 2169 1186 2235 Del
1203 2167 1384 2235 venerabili
1402 2166 1470 2234 lra-

334 2281 376 2347 tri
391 2277 572 2367 A(ndreae)
599 2276 796 2360 Ragusiensi
812 2276 1069 2362 archiepiscopo
1094 2277 1234 2342 salutem
1255 2283 1286 2340 et
1302 2275 1470 2361 Apostoli-

336 2409 409 2453 oam
425 2385 694 2454 benedictionem.
721 2384 861 2467 Cognito
876 2381 1091 2450 fraternitatis
1106 2389 1183 2450 tuae
1208 2388 1295 2448 statu
1310 2401 1369 2468 per
1384 2383 1469 2449 lato

336 2515 404 2562 rem
420 2492 619 2579 presentium
634 2493 667 2557 S.
685 2491 902 2576 presbiterum
912 2498 1012 2579 tuum,
1031 2491 1086 2576 qui
1106 2493 1150 2558 ad
1165 2511 1226 2558 nos
1236 2491 1375 2558 Domino
1391 2491 1469 2556 duc-

335 2609 407 2668 tore
421 2599 580 2686 pervenit,
597 2597 777 2664 infirmitati
794 2599 941 2683 eorporis
956 2598 1003 2664 tui
1019 2597 1130 2664 debita
1152 2598 1260 2666 cordis
1277 2598 1470 2664 infirmitate

340 2707 565 2793 compatimur,
583 2705 641 2771 sed
657 2705 848 2789 gaudemus,
864 2705 943 2788 quia
958 2705 991 2771 in
1001 2705 1096 2773 buius
1112 2707 1198 2790 ignis
1214 2706 1342 2772 camino
1358 2706 1470 2771 condi-

338 2826 390 2886 tor
405 2817 547 2884 omnium
558 2815 716 2883 Dominus
732 2814 914 2900 rubiginem
924 2815 1116 2882 dilectorum
1126 2833 1470 2900 suorumexpurgans,

339 2930 373 2989 te
387 2923 421 2988 in
431 2923 570 2990 filiorum
586 2942 720 2990 suorum
736 2941 868 2988 numero
879 2923 1040 2990 collocare
1051 2923 1210 3007 dignetur.
1227 2925 1277 2989 'l'n
1288 2943 1365 2990 vero
1381 2923 1471 2987 inter

339 3033 420 3098 haec
436 3069 479 3078 —-
494 3065 538 3078 -
555 3067 598 3078 -
611 3053 632 3096 a
649 3067 690 3078 -
707 3067 751 3078 -
768 3067 811 3078 -
827 3067 871 3078 -
888 3029 933 3096 ad
947 3031 1089 3115 patriam
1113 3031 1243 3115 erigens
1259 3030 1351 3096 exilii
1375 3047 1471 3114 prae-

340 3142 443 3207 sentis
469 3141 641 3225 angustias
657 3178 701 3186 —
717 3177 760 3188 -
777 3181 821 3192 -
837 3139 940 3206 oeulis
966 3138 1073 3206 cordis
1091 3141 1261 3224 excogita,
1289 3147 1322 3205 et
1337 3139 1470 3225 plebem

340 3249 544 3315 Dominicam
561 3247 709 3333 regimini
724 3254 780 3314 tuo
800 3247 1006 3313 commissam
1022 3285 1065 3294 -
1081 3285 1125 3296 —
1141 3253 1231 3314 -et
1247 3248 1396 3332 exemplo
1412 3265 1472 3330 gu-

342 3356 480 3421 bernare
496 3361 528 3419 et
543 3355 652 3422 lovere
668 3375 732 3422 non
749 3355 892 3420 desinas.
909 3357 946 3419 ln
963 3354 1127 3420 lucrandis
1144 3355 1315 3421 animabus
1330 3353 1473 3438 invigila

341 3501 385 3512 —
401 3499 444 3508 —
463 3499 502 3506 -
519 3481 536 3524 r
553 3497 595 3508 -
613 3499 653 3508 -
672 3497 715 3507 -
731 3497 774 3508 -
792 3459 1018 3526 rectitudinem
1030 3465 1100 3527 esto
1109 3461 1279 3546 sollicitus,
1295 3461 1472 3528 utilitatem

342 3567 511 3634 Ecclesiae
533 3567 652 3633 iniuste
667 3568 774 3653 perire
799 3569 851 3632 vel
866 3567 1058 3634 deteriorari
1080 3569 1172 3634 nulla
1190 3568 1392 3653 negligentia
1417 3569 1472 3632 vel

343 3673 546 3759 surreptione
556 3675 748 3758 permittas,
776 3680 808 3739 et
824 3675 858 3740 in
874 3675 970 3740 certis
990 3674 1082 3741 bonis
1100 3675 1254 3760 operibus
1273 3674 1472 3742 sacerdotali

343 3779 559 3849 sollieitudine
584 3780 632 3844 ita
648 3779 787 3847 Domino
803 3781 966 3865 largiente
988 3781 1147 3866 invigila,
1174 3787 1302 3847 utente
1325 3781 1472 3847 tribunal

343 3887 470 3957 aeterni
481 3885 602 3973 judicis
622 3888 813 3954 constitutus
835 3888 972 3954 fructum
990 3889 1095 3954 bonae
1109 3889 1328 3974 operationis,
1354 3887 1411 3972 qui
1428 3888 1472 3953 ad

342 3997 523 4064 mercedem
547 4003 636 4063 tuam
654 3998 810 4084 pertinet,
838 3998 943 4063 eidem
968 3997 1176 4083 Redemptori
1192 4005 1323 4081 nostro,
1351 3998 1384 4062 in
1407 4017 1473 4080 quo

342 4104 460 4172 laetari
476 4103 589 4188 possit,
606 4105 773 4170 exhibeas.
800 4105 885 4169 lllud
902 4123 988 4187 vero,
1007 4104 1091 4169 unde
1108 4125 1129 4169 a
1145 4104 1240 4171 nobis
1260 4103 1401 4169 sollicite
1425 4103 1472 4167 in-

344 4211 544 4294 dulgentiam
560 4213 726 4296 postulas,
754 4213 877 4278 scilieet
900 4211 987 4295 quod
1003 4231 1043 4278 ex
1060 4211 1168 4280 debito
1191 4211 1370 4298 juramenti
1387 4212 1474 4296 Apo-

344 4319 500 4386 stolorum
515 4319 630 4387 limina
639 4320 773 4386 visitare
789 4319 993 4404 astringeris,
1010 4327 1042 4386 et
1054 4320 1148 4404 gravi
1163 4320 1370 4406 aegritudine
1380 4339 1473 4405 prae-

344 4426 474 4514 peditus
489 4427 523 4492 id
549 4447 608 4512 per
623 4429 778 4513 teipsum
803 4429 959 4495 hactenus
983 4448 1047 4496 non
1061 4429 1198 4514 potuisti
1221 4428 1368 4512 efficere,
1394 4433 1474 4494 tuae

343 4533 539 4600 fraternitati
566 4556 606 4600 ex
623 4537 832 4621 Apostolieae
847 4537 940 4604 Sedis
957 4539 1159 4624 benignitate
1178 4538 1381 4604 remittimus.
1407 4536 1473 4602 Sed

344 4659 418 4706 cnm
433 4643 707 4728 opportunitatem
722 4643 782 4710 tibi
798 4641 980 4714 Clementia
1000 4645 1122 4714 Divina
1138 4644 1340 4732 permiserit,
1367 4645 1473 4732 siper
