3202 5190
589 329 750 436 Q

108 524 295 595 differentia
311 528 396 596 inter
406 531 634 598 auctoritatem
645 529 811 600 Pontifiois
822 537 855 599 et
864 531 1024 620 Principis
1035 538 1237 619 potestatem.

107 635 195 712 Quia
210 659 289 705 vero
306 637 456 707 Christus
480 639 515 705 in
531 639 690 725 sanguine
706 661 765 708 suo
791 639 869 708 fecit
885 662 945 709 nos
961 643 1032 709 Deo
1052 650 1163 711 nostro
1178 645 1237 710 Re-

106 763 207 828 gnum
224 751 256 811 et
264 745 470 832 Sacerdotes,
487 747 724 834 propterquod
740 750 856 815 Petrus
871 749 1049 834 Apostolus
1065 751 1131 818 ait:
1149 753 1237 838 „Vos

106 851 189 919 estis
206 873 309 937 genus
325 855 463 920 electum
473 854 598 938 Regale
614 854 851 924 sacerdotium“
864 853 903 943 (1.
915 859 1000 924 Petr.
1012 857 1086 945 II.);
1104 859 1236 944 idcirco,

105 961 138 1027 in
149 961 246 1029 Novo
258 959 481 1046 Testamenta,
498 983 564 1030 non
579 964 684 1030 solum
700 964 886 1032 sacerdotes
902 973 934 1032 et
943 967 1049 1050 Reges
1062 975 1235 1051 unguntur,

104 1070 166 1136 sed
183 1089 295 1136 omnes
311 1069 410 1135 etiam
426 1069 605 1138 Christiani
622 1071 673 1138 bis
690 1079 767 1139 ante
791 1073 1000 1159 baptismum,
1026 1075 1151 1142 scilicet
1165 1076 1237 1143 oleo

105 1176 302 1260 benedicto,
328 1177 469 1264 primum
485 1178 519 1245 in
535 1187 686 1264 pectore,
704 1179 821 1247 deinde
836 1180 920 1246 inter
936 1181 1110 1266 scapulas,
1138 1189 1170 1249 et
1186 1183 1236 1249 bis
1273 1187 1277 1192 '

105 1291 184 1371 post
198 1284 409 1370 baptismum,
435 1287 560 1353 scilicet
576 1286 751 1354 chrismate
768 1289 879 1370 Sacro,
900 1288 1038 1373 primum
1053 1289 1087 1355 in
1104 1289 1236 1374 vertice,

104 1393 229 1459 deinde
244 1394 279 1459 in
296 1393 413 1460 fronte.
439 1396 478 1459 ln
494 1401 627 1480 pectore
642 1415 782 1479 namquo
798 1396 930 1478 ungitur
950 1395 1177 1482 baptizandus,
1202 1404 1237 1464 ut
1288 1449 1294 1456 .

105 1520 166 1587 per
181 1501 322 1588 Spiritus
339 1501 451 1568 Sancti
476 1502 596 1570 donum
623 1503 758 1587 abjiciat
784 1523 924 1570 errorem
947 1510 979 1568 et
1003 1503 1233 1587 ignorantiam,

105 1616 140 1675 et
156 1607 317 1694 suscipiat
327 1608 424 1675 fidem
440 1617 573 1694 rectam,
590 1611 667 1694 quia
685 1612 810 1698 „justus
827 1631 868 1676 ex
879 1609 1050 1676 lidcvivit“
1072 1607 1177 1698 (Rom.
1194 1611 1235 1698 Ι.)

106 1719 197 1783 Inter
223 1717 379 1801 scapulas
395 1723 505 1783 autem
526 1717 742 1803 baptizandus
759 1717 947 1802 inungitur,
971 1724 1006 1783 ut
1022 1737 1079 1804 per
1095 1717 1236 1802 Spiritus

106 1824 221 1891 Sancti
238 1823 379 1910 gratiam
396 1825 540 1890 excutiat
564 1825 797 1909 negligentiam
813 1831 844 1890 et
860 1832 1041 1910 torporem,
1068 1832 1100 1892 et
1117 1826 1236 1893 bonam

106 1932 334 2016 operationem
350 1937 502 1998 exerceat
512 1982 521 2015 ,
546 1931 624 2014 quia
642 1933 743 2018 „fides
761 1932 832 1998 sine
848 1932 1001 2017 operibus
1020 1939 1149 2000 mortua
1164 1933 1233 2000 est“

106 2038 195 2124 (Jac.
211 2039 269 2126 11.)
285 2044 357 2122 eta,
385 2047 421 2104 nt
435 2060 494 2125 per
511 2038 587 2104 fidei
603 2047 844 2108 sacramentum
870 2039 913 2106 sit
933 2038 1094 2106 munditia
1116 2041 1236 2124 cogita-

103 2145 231 2213 tionum
247 2146 281 2212 in
297 2154 439 2230 pectore,
455 2167 514 2232 per
529 2147 638 2232 operis
656 2147 844 2214 exercitium
856 2147 898 2213 sit
914 2144 1069 2213 fortitudo
1085 2147 1234 2215 laborum

106 2254 139 2319 in
157 2253 315 2340 scapulis,
333 2259 493 2336 quatenus
509 2253 590 2320 fides
601 2275 659 2339 per
676 2255 891 2338 dilectionem,
907 2253 1084 2321 secundum
1099 2256 1235 2343 Aposto-

105 2363 186 2445 lum,
202 2367 364 2446 operetur.
391 2362 429 2426 ln
445 2361 566 2427 vertice
581 2382 657 2428 vero
675 2362 860 2448 baptizatus
876 2362 1051 2448 inungitur,
1073 2370 1107 2429 ιιι
1123 2364 1166 2430 sit
1181 2385 1235 2452 pa-

105 2477 199 2536 ratus
214 2471 303 2536 omni
319 2468 466 2555 poscenti
482 2468 524 2534 de
541 2468 603 2536 tide
619 2469 758 2535 reddere
774 2469 942 2554 rationem,
967 2469 1046 2554 quia
1063 2490 1122 2558 per
1138 2480 1236 2557 caput

106 2576 303 2661 intelligitur
318 2595 410 2642 mens
419 2627 429 2660 ,
452 2576 549 2660 juxta
565 2577 651 2660 quod
666 2576 804 2659 legitur:
828 2577 942 2662 „Oculi
961 2577 1120 2663 sapientis
1136 2580 1168 2644 in
1185 2599 1236 2644 oa-

106 2686 176 2770 pite
193 2685 283 2768 ejus3
302 2686 394 2770 cujus
418 2684 566 2769 superior
581 2703 659 2769 pars
677 2691 726 2750 est
742 2685 845 2768 ratio,
872 2691 905 2751 et
920 2685 1055 2752 inferior
1079 2686 1235 2752 sensuali-

104 2793 190 2858 tas.“
210 2791 316 2876 Unde,
334 2794 417 2858 bene
433 2812 494 2877 per
509 2792 681 2875 verticem,
707 2793 762 2877 qui
778 2799 828 2860 est
843 2813 996 2879 suprema
1011 2814 1090 2878 pars
1107 2793 1234 2878 capitis,

104 2899 299 2982 intelligitur
316 2901 411 2982 ratio,
428 2919 511 2982 quae
527 2899 677 2984 superior
692 2920 770 2983 pars
788 2905 837 2964 est
856 2898 985 2964 mentis.
1008 2901 1045 2964 ln
1060 2899 1165 2966 fronte
1181 2921 1240 2965 un¹¹

104 3008 195 3092 gitur
210 3009 408 3094 baptizatus,
425 3013 461 3072 ut
477 3008 580 3073 libere
595 3008 794 3088 confiteatur,
812 3004 898 3088 qnod
914 3006 1026 3088 credit,
1044 3006 1122 3090 quia
1136 3008 1234 3094 corde

104 3114 250 3180 creditur
267 3114 310 3180 ad
321 3114 493 3199 justitiam,
512 3119 690 3179 creantem
710 3113 746 3177 fit
761 3110 921 3178 consessio
938 3112 981 3177 ad
997 3113 1154 3198 salutem3
1171 3135 1233 3180 me-

105 3242 176 3288 mor
193 3222 274 3306 ejus,
291 3221 378 3305 quod
394 3220 552 3288 Dominus
568 3219 637 3285 ait:
660 3217 745 3306 „Qui
761 3238 812 3283 mo
828 3217 996 3286 consessus
1011 3217 1108 3285 fuerit
1124 3239 1233 3287 coram

104 3329 303 3412 hominibus,
315 3327 493 3396 confitebor
504 3334 536 3392 et
546 3347 607 3412 ego
618 3347 691 3392 eum
703 3345 813 3393 coram
824 3329 922 3392 Patre
932 3325 1022 3392 meo“
1038 3325 1166 3412 (Matth.
1177 3328 1234 3413 Χ.)

103 3438 193 3502 Ante
210 3434 408 3522 baptismum
419 3454 497 3500 vero
513 3433 679 3518 inungitur
697 3433 769 3501 oleo
780 3433 961 3516 benedicto,
982 3440 1015 3499 ει
1029 3439 1104 3520 post
1114 3435 1234 3521 baptis-

104 3567 193 3612 mum
210 3543 387 3610 chrismate
402 3543 513 3624 Sacro,
535 3543 614 3627 quia
630 3544 771 3609 chrisma
786 3542 848 3610 soli
864 3544 1021 3628 competit
1037 3541 1232 3610 Christiano.

103 3650 254 3718 Christus
269 3649 354 3716 enim
370 3671 392 3716 a
407 3649 582 3716 chrismate
599 3649 725 3733 dicitur,
743 3650 795 3716 vel
812 3651 921 3737 potius
939 3649 1099 3718 aOhristo
1117 3651 1234 3718 dieitur

102 3759 259 3842 chrisma,
275 3778 341 3825 non
357 3757 534 3824 secundum
549 3756 689 3824 nominis
706 3756 863 3842 formam,
890 3758 950 3825 sed
966 3759 1143 3825 secundum
1159 3758 1234 3826 fidei

103 3867 275 3933 rationem.
302 3864 332 3930 A
348 3862 477 3932 Christo
494 3884 571 3931 vero
588 3863 765 3932 Christiani
782 3865 951 3950 dicuntur,
974 3871 1130 3948 tanquam
1146 3867 1234 3932 uncti

103 3971 294 4041 deriventur
310 3972 353 4038 ab
370 3979 486 4058 unet03
513 3977 548 4038 ut
560 3992 673 4040 omnes
689 3977 822 4039 currant
846 3973 880 4038 in
900 3973 1032 4040 odorem
1057 3981 1234 4056 unguento-

104 4104 177 4150 rum
194 4083 303 4166 illius,
329 4082 421 4167 cujus
438 4101 556 4149 nomen
572 4082 680 4148 oleum
696 4086 746 4147 est
761 4081 909 4147 effusum.
935 4083 998 4146 Per
1013 4079 1129 4146 frontis
1152 4079 1233 4146 chri-

103 4190 302 4258 smationem
313 4207 428 4255 manus
439 4189 604 4274 impositio
620 4189 821 4273 designatur,
839 4207 923 4276 quae
934 4187 999 4254 alio
1009 4187 1139 4253 nomine
1155 4186 1232 4252 dici-

102 4307 157 4366 tur
172 4297 387 4381 confirmatio,
403 4299 482 4383 quia
496 4317 555 4382 per
571 4316 645 4362 eam
657 4297 798 4384 Spiritus
808 4299 947 4363 Sanctus
964 4294 1007 4360 ad
1024 4300 1233 4376 augmentum

104 4407 204 4474 datur
219 4411 252 4470 et
267 4405 377 4471 robur.
404 4403 517 4488 Unde,
535 4423 607 4469 cum
623 4409 771 4471 caeteras
787 4403 955 4491 unctiones
975 4400 1115 4486 simplex
1130 4419 1233 4466 sacer-

103 4513 176 4598 dos,
194 4513 230 4578 id
246 4519 298 4579 est
313 4511 484 4598 presbyter
494 4564 502 4597 ,
520 4513 630 4580 valeat
650 4513 824 4594 exhibere,
842 4511 927 4578 hanc
942 4509 1071 4578 nonnisi
1087 4526 1231 4575 summus

101 4619 268 4704 sacerdos,
286 4620 320 4688 id
336 4627 386 4688 est
403 4619 595 4705 Episcopus,
613 4618 709 4688 debet
725 4619 889 4705 conferre3
910 4617 986 4704 quia
1002 4616 1042 4684 de
1058 4616 1138 4684 solis
1148 4616 1233 4702 Apo·

1017 4734 1072 4790 18*
