3164 5192
868 931 945 998 lta

342 1100 426 1164 Imre
441 1095 548 1180 tircty
564 1093 742 1180 aduradapo
757 1115 795 1156 az
812 1093 996 1178 esztcrpamt'
1014 1091 1169 1178 kdptaloa
1185 1096 1341 1160 eadmdro.
1367 1097 1474 1164 1202.

448 1277 486 1342 In
501 1271 631 1341 nomine
647 1273 767 1337 Sancte
782 1268 953 1336 Trinitatis
969 1275 1001 1335 et
1017 1269 1187 1336 Indiuidue
1204 1271 1357 1338 Vnitatis.
1374 1273 1471 1338 Eme-

339 1381 424 1448 ricus
440 1381 502 1448 Dei
518 1378 634 1465 gracia
651 1377 819 1461 Hungarie
828 1426 837 1461 ,
855 1375 1036 1460 Dalmacie,
1054 1377 1200 1462 Croucie,
1220 1379 1333 1464 Rame,
1351 1379 1475 1464 Bulga-

338 1489 449 1572 rieque
473 1489 544 1554 Rex
568 1486 602 1552 in
627 1493 833 1574 perpetuum.
861 1485 899 1550 In
926 1493 1101 1570 conspectu
1124 1485 1300 1554 condituris
1325 1487 1475 1554 omnium

340 1603 508 1683 acceptum
524 1594 593 1662 fore
610 1595 785 1679 credimus,
810 1593 888 1659 dum
903 1613 955 1674 ea,
970 1613 1033 1678 que
1050 1593 1154 1660 sacris
1174 1594 1256 1662 locis
1272 1595 1399 1680 priores
1417 1595 1475 1660 do-

340 1708 518 1786 nauerunt,
542 1703 664 1788 posteri
683 1707 813 1767 seruent
831 1699 1092 1785 perhempniter,
1116 1705 1148 1768 et
1163 1701 1231 1766 suis
1247 1701 1405 1787 amplient
1415 1701 1475 1767 do-

341 1810 473 1876 natiuis.
501 1809 641 1877 Proinde
657 1815 769 1874 notum
794 1807 932 1875 facimus
949 1809 1129 1892 uniuersis,
1157 1809 1244 1892 quod
1259 1828 1319 1875 nos
1347 1809 1475 1875 domini

342 1919 420 1984 Bele
436 1917 600 2003 quondam
612 1915 711 2000 Regis
722 1915 890 1999 Huugarie
905 1916 959 2000 pie
975 1916 1226 2000 recordacionis,
1242 1917 1349 2002 petris
1366 1919 1474 1984 nostri

341 2024 509 2090 karissimi
523 2023 757 2106 donacionem,
784 2042 883 2106 quam
899 2023 941 2090 de
956 2023 1077 2090 tributo
1100 2024 1162 2090 fori
1177 2024 1410 2108 strigoniensis
1425 2025 1473 2090 ob

341 2131 518 2199 remedium
542 2149 600 2196 sue
617 2129 734 2196 salutis
750 2127 902 2214 Capitulo
919 2131 1153 2214 strigoniensis
1168 2132 1314 2198 Ecclesia
1323 2182 1332 2215 ,
1358 2137 1391 2197 et
1404 2129 1472 2196 fra-

340 2241 443 2306 tribus
458 2237 492 2302 in
507 2257 547 2303 ea
563 2239 633 2304 Deo
649 2235 859 2302 famulatibus
875 2236 999 2303 lecerat
1014 2239 1082 2304 suis
1098 2237 1215 2304 litteris
1237 2237 1470 2320 mediantibus

340 2353 446 2412 ratam
462 2345 619 2410 habemus
645 2351 742 2427 atque
767 2345 911 2427 firmam,
937 2349 969 2408 et
985 2352 1141 2430 perpetuo
1165 2344 1413 2428 confirmamus;
1434 2351 1472 2408 et

340 2453 473 2536 insuper
499 2451 648 2517 uolentes
665 2450 879 2517 elemosinam
895 2457 1042 2518 nostram
1057 2451 1179 2516 addere
1194 2457 1406 2537 perpetuam,
1431 2455 1471 2514 ut

340 2558 482 2656 perthoc
499 2579 520 2625 a
536 2557 675 2626 Domino
699 2558 849 2626 brauium
865 2557 980 2625 salutis
1006 2565 1116 2626 eterne
1141 2579 1397 2644 consequamur,
1422 2558 1470 2623 lo-

340 2687 412 2733 cum
428 2665 573 2733 eiusdem
589 2664 650 2733 lori
665 2665 909 2751 Strigoniensis,
930 2667 971 2732 de
986 2667 1122 2735 oonsilio
1138 2667 1341 2734 Prelatornm
1358 2673 1391 2734 et
1406 2666 1468 2732 Ba-

339 2794 452 2842 ronum
463 2773 567 2859 Regni
578 2773 690 2858 nostri,
702 2794 774 2839 oum
787 2772 906 2858 fundis,
919 2776 1014 2859 areis,
1031 2779 1118 2843 terra
1129 2783 1160 2845 et
1173 2775 1320 2860 edificijs,
1338 2779 1468 2860 aportu

340 2881 483 2968 Danubij
510 2880 661 2967 minoris,
688 2882 743 2948 ubi
768 2879 877 2968 pisces
893 2880 927 2946 in
950 2880 1109 2968 uiauarijs
1133 2889 1322 2966 seruantur,
1349 2901 1466 2948 uersus

338 2987 493 3056 orientem
509 2988 631 3056 directe
656 3007 758 3073 usque
775 2988 946 3056 terminum
963 2987 1051 3057 losse
1060 3041 1069 3075 ,
1095 2996 1128 3055 et
1144 2989 1262 3056 abhinc
1285 3008 1401 3055 versus
1418 2989 1463 3054 la-

339 3117 412 3163 curn
428 3115 513 3182 aque
528 3095 633 3163 calide
659 3115 762 3180 usque
777 3095 821 3162 ad
837 3103 966 3182 portum
983 3098 1094 3182 magni
1110 3097 1265 3180 DanubiJ,
1284 3095 1391 3162 eidem
1407 3096 1463 3162 Ec·

337 3204 436 3272 clesie
452 3203 689 3289 Strigoniensi,
715 3211 748 3270 et
761 3201 916 3271 fratribus
932 3204 1150 3300 residentibus
1165 3206 1198 3272 in
1215 3204 1351 3288 eadem,
1376 3203 1466 3270 dedi-

339 3333 429 3396 mus,
456 3313 648 3380 donauimus
673 3318 706 3379 et
732 3313 925 3380 contulimus
950 3313 1192 3400 perhempuiter
1216 3312 1463 3399 possidendum,

338 3441 410 3486 cum
426 3421 522 3505 pleno
538 3419 681 3487 dominio
697 3419 872 3486 tenendum
888 3426 920 3485 et
936 3420 1141 3506 babendum,
1166 3421 1226 3488 tali
1242 3421 1348 3504 modo,
1376 3419 1464 3504 quod

338 3527 483 3612 hospites
499 3527 533 3591 in
550 3525 665 3593 eadem
689 3535 777 3594 terra
793 3532 825 3592 et
840 3527 912 3594 loco
928 3535 1039 3595 nostre
1064 3527 1253 3596 donacionis
1280 3527 1462 3594 residentes

338 3634 403 3700 sint
419 3632 561 3698 distincti
577 3655 598 3698 a
612 3635 684 3702 uico
700 3634 901 3720 Latinorum,
919 3641 951 3700 et
966 3635 1056 3702 nullo
1068 3636 1138 3704 iure
1154 3635 1275 3721 inipso
1294 3634 1369 3702 uico
1386 3635 1463 3701 resi·

338 3737 499 3822 dentibus,
515 3739 656 3808 debeant
666 3742 855 3830 subiacere,
872 3749 969 3829 prout
983 3744 1017 3810 in
1034 3743 1109 3828 alijs
1125 3745 1241 3811 litteris
1256 3745 1379 3811 nostris
1396 3745 1461 3828 ple-

337 3846 410 3912 nius
426 3846 616 3913 continetur.
638 3849 703 3916 Sed
719 3851 796 3933 quia
812 3851 953 3934 quedam
968 3859 1056 3918 terra
1072 3851 1321 3919 uduornicorum
1336 3859 1461 3918 nostro·

337 3975 407 4021 rum
422 3953 702 4040 Strigoniensium,
728 3956 762 4022 in
777 3957 884 4024 medio
901 3960 990 4026 circa
1005 3957 1179 4024 ecclesiam
1194 3957 1304 4024 Sancti
1319 3959 1461 4024 Lauren·

336 4062 378 4148 cij
403 4061 613 4146 remanebat,
638 4061 744 4148 ipsam
760 4064 805 4130 ad
828 4065 1024 4151 peticionem
1047 4065 1244 4132 venerabilis
1268 4065 1373 4151 patris
1397 4063 1462 4132 Job

335 4168 582 4255 Archiepiscopi
596 4169 850 4256 Strigoniensis,
878 4172 988 4238 dilecti
1004 4178 1036 4238 et
1051 4171 1156 4240 fidelis
1173 4172 1286 4257 nostri,
1303 4171 1461 4257 predictis

336 4274 490 4343 fratribus
516 4277 632 4344 intuitu
649 4276 813 4345 fidelitatis
841 4298 970 4365 eorum,
998 4285 1030 4346 et
1045 4300 1105 4365 pro
1121 4285 1234 4348 nostru
1259 4298 1299 4345 ac
1315 4279 1462 4347 eiusdem

336 4386 439 4467 patris
455 4385 559 4453 nostri
575 4385 680 4453 salute
696 4389 903 4474 sempiterna,
920 4387 1114 4456 donabimus
1129 4389 1371 4476 perhempniter
1387 4409 1462 4475 pos-

337 4489 525 4578 sidendam,
558 4514 599 4561 ne
624 4495 761 4580 predicti
785 4495 953 4564 uduornici
981 4497 1084 4564 nostri
1111 4497 1255 4565 habeant
1281 4497 1460 4584 aliquando

337 4619 489 4688 causam,
516 4603 607 4688 ipsos
624 4604 741 4672 fratres
768 4606 986 4690 perturbandi.
1014 4605 1112 4675 Cuius
1135 4615 1219 4674 terre
1243 4609 1410 4692 quantitas
1428 4617 1460 4674 et
