3238 5184
333 477 410 544 mite
424 471 631 554 Baaebiensi‚
646 467 807 535 Nioholao
824 462 1099 541 Tanaruiooruur,
1117 456 1274 524 Mauricio
1291 453 1464 539 Dapit'ero-

331 605 413 666 rum,
438 583 554 667 Bsgyn
571 579 811 657 Piuoemarum,
834 572 993 640 lllicbaele
1010 570 1077 636 lilio
1099 570 1170 650 Apa
1191 567 1381 650 agasonum
1396 563 1468 627 lta-

334 689 464 777 gistris3
490 687 647 754 Ladizlao
673 680 911 762 Mussuuieusi,
939 679 1022 763 Fyla
1048 671 1295 761 Supprunionsi,
1321 673 1469 754 Symone

334 797 453 867 Latino
469 792 648 872 Gerrieusi,
678 788 839 854 Miehaele
856 786 921 851 lilio
939 781 1034 870 Opud
1048 781 1193 858 Albensi,
1216 778 1384 863 Stephano
1401 778 1468 858 By-

336 903 488 985 boriensi,
505 899 663 968 Ladizlao
678 895 745 962 lilio
763 894 871 960 Vetuk
889 890 1107 958 Obanadiensi
1125 887 1314 968 comitibus,
1339 893 1373 950 et
1388 884 1448 967 alij

337 1033 434 1098 quam
450 1009 597 1098 plurimis
614 1007 751 1073 aliorum
769 1011 948 1069 castrorum
964 999 1142 1066 comitibus
1159 995 1380 1064 existentibus.

339 1211 475 1276 (Eredstie
488 1204 659 1272 bbrbrlrtydu,
679 1203 792 1268 melyrb'l
805 1219 821 1254 a
834 1197 925 1268 poosdt
938 1200 1076 1258 alvoszett,
1100 1214 1116 1246 s
1134 1196 1217 1246 budni
1231 1197 1281 1246 kir.
1296 1193 1416 1244 kauuarai
1431 1191 1472 1241 ls-

386 1295 536 1349 vdltdrbau.
556 1289 709 1346 Turedtktr
722 1287 780 1342 laud
794 1289 918 1354 Fojdrndl
933 1290 996 1340 cod.
1012 1289 1084 1352 Dipl.
1099 1288 1146 1336 lll.
1162 1287 1217 1336 ket.
1231 1289 1255 1334 ⁸2.
1269 1301 1290 1334 r.
1311 1287 1364 1333 l0l.
1379 1281 1407 1332 ll

772 1573 1042 1588 w-

869 2142 946 2210 stt.

348 2327 393 2392 11.
409 2326 517 2392 Badra
532 2325 640 2410 lu'rdly
655 2323 834 2410 mayordattt'
850 2343 870 2384 a
886 2321 1012 2385 Fartus
1028 2341 1124 2384 eomes
1139 2323 1171 2384 o's
1185 2343 1207 2383 o
1222 2320 1338 2405 palensi
1354 2316 1475 2404 tirdlyr'

351 2433 495 2500 tooctmok
521 2434 613 2508 klt'ztr',
640 2433 755 2516 Raoay
772 2429 928 2516 halyadpra
950 2429 1121 2494 vonutlooaci
1143 2427 1349 2511 totdrp'drdat.
1376 2427 1474 2489 1234.

458 2623 607 2693 Andreas
624 2626 686 2692 Dei
712 2624 824 2709 grauia
841 2623 1009 2707 Hungarie
1025 2624 1103 2707 Rex,
1130 2619 1288 2686 universis
1315 2626 1382 2684 tam
1408 2639 1478 2703 pre-

352 2729 498 2801 sentibus
523 2753 621 2818 qnam
636 2731 753 2798 futuris
777 2735 944 2813 presentes
968 2727 1094 2795 litteras
1118 2725 1315 2814 inspecturis
1339 2727 1479 2794 salutem

351 2844 385 2910 iu
400 2861 477 2908 vero
493 2841 640 2907 salutari.
664 2837 715 2904 Ad
731 2831 884 2904 saboiam
912 2835 1133 2903 universorum
1156 2836 1358 2921 preseneium
1376 2843 1410 2901 et
1424 2857 1480 2922 po-

353 2955 511 3015 sterorum
526 2949 676 3015 volumus
701 2945 888 3029 pervenire:
916 2943 1002 3027 quod
1027 2941 1166 3009 dileotus
1191 2949 1222 3008 et
1237 2940 1342 3008 fidelis
1369 2947 1481 3010 noster

354 3055 535 3122 Farluasins
550 3057 666 3122 Comes
692 3071 733 3117 ex
753 3071 819 3118 nna
834 3057 935 3136 parto,
962 3059 994 3116 et
1016 3069 1180 3133 agaaoues
1205 3051 1307 3116 nostri
1331 3049 1374 3116 de
1398 3051 1481 3118 villa

356 3163 466 3229 Pelius
482 3168 514 3226 et
537 3162 579 3228 de
597 3159 785 3244 Haraszthy
802 3180 844 3225 ex
868 3161 972 3224 altera
988 3158 1022 3222 iu
1041 3157 1143 3224 nostri
1167 3159 1339 3244 presaneia
1362 3159 1480 3226 eonsti-

356 3270 428 3352 tuti,
453 3269 546 3336 uobis
571 3276 780 3336 asseruerunt
795 3269 873 3334 uiua
896 3287 985 3348 voee,
1013 3267 1100 3350 quod
1125 3285 1222 3351 super
1237 3265 1342 3351 metis,
1362 3267 1482 3350 quibus

355 3385 444 3443 terra
458 3375 561 3460 ipsius
577 3375 729 3461 Farluasij
742 3375 886 3458 Comitis,
903 3373 1033 3440 nomine
1049 3374 1167 3458 Rabay
1183 3380 1303 3439 aterra
1324 3373 1482 3441 diotorum

357 3501 537 3567 agasonum
563 3481 737 3563 diuiditur,
764 3483 873 3569 sepius
897 3481 1117 3548 oontroversia
1141 3479 1285 3546 oriretur.
1309 3481 1406 3547 Unde
1423 3501 1483 3547 nos

342 3589 401 3654 *ad
415 3579 611 3674 peticionem
636 3589 804 3672 utriusque
828 3589 933 3676 partis
959 3585 1113 3653 dileotum
1130 3597 1162 3654 et
1185 3587 1313 3654 fidelem
1338 3595 1483 3655 nostrum

357 3693 529 3761 Martiuum
544 3693 736 3778 Magistrum
764 3695 866 3762 filium
881 3695 1005 3761 Thome
1022 3695 1066 3760 ad
1082 3695 1261 3761 eleuandas
1279 3701 1382 3761 metas
1400 3703 1485 3760 terro

356 3801 475 3885 Rabay
491 3787 740 3886 transmisimus,
766 3803 821 3886 qui
838 3802 958 3868 dietum
973 3808 1094 3867 terram
1109 3803 1143 3869 in
1159 3805 1330 3889 presencia
1344 3803 1484 3870 ltiohae-

357 3907 399 3974 lis
419 3905 568 3992 Magistri
585 3914 618 3973 et
635 3906 789 3994 Comitis,
816 3929 1007 3994 agasonum,
1035 3929 1074 3974 ae
1086 3909 1301 3994 jobagionum
1327 3911 1484 3995 ipsorum,

358 4022 391 4081 et
404 4012 599 4100 populorum
614 4013 704 4080 nulla
729 4014 818 4081 faeta
833 4016 1095 4083 contradieoione
1111 4015 1246 4082 metavit
1268 4017 1302 4080 iu
1321 4015 1407 4081 buno
1421 4035 1486 4080 mo-

359 4120 457 4188 dum:
481 4120 592 4186 Prima
616 4129 704 4187 meta
719 4121 832 4208 insipit
847 4142 869 4188 a
884 4131 978 4210 parte
1001 4122 1151 4191 orientali
1167 4121 1260 4188 iuxta
1275 4121 1410 4188 fluuium
1425 4123 1486 4188 Ra-

360 4230 413 4313 ba,
440 4234 473 4296 et
487 4233 577 4296 tenet
599 4237 721 4296 metam
746 4247 818 4296 eum
834 4229 916 4298 villa
931 4231 1062 4314 Paluus3
1089 4230 1165 4296 inde
1181 4247 1297 4296 versus
1319 4229 1487 4296 meridiam

360 4334 465 4402 eundo
490 4334 659 4403 deseendit
683 4334 726 4404 ad
751 4337 916 4422 quoddam
936 4345 1096 4422 stagnum,
1123 4345 1156 4404 et
1175 4339 1275 4404 habet
1299 4345 1403 4405 metas
1427 4340 1488 4406 sub

361 4443 421 4508 sub
437 4441 613 4510 moutloulo
638 4463 711 4511 oum
727 4443 844 4510 eadem
860 4445 960 4529 villa,
988 4444 1105 4512 deinde
1121 4445 1213 4511 vadit
1230 4451 1263 4513 et
1280 4451 1369 4511 tanet
1383 4451 1488 4513 metas

361 4565 433 4613 enm
449 4541 530 4614 villa
544 4548 749 4636 Harasztby;
774 4548 894 4618 exinde
912 4569 1026 4618 versus
1052 4549 1252 4619 oeoidantem
1279 4557 1329 4619 est
1353 4569 1488 4620 eamme·
