3200 5182
646 915 724 988 285.

112 1106 142 1164 A
159 1098 253 1185 pyrni
266 1097 487 1184 koptolaaauk
504 1096 776 1185 bizonyartpleuela,
792 1059 870 1188 bopy
882 1101 937 1168 ost
952 1126 1049 1172 comos
1065 1107 1246 1176 wkoattcs

290 1207 383 1292 atjrta
405 1204 499 1270 Viczu
515 1204 636 1292 helysep
652 1203 794 1270 tiraces
808 1218 947 1274 czarem.
971 1213 1068 1279 1227.

221 1399 410 1486 Capitulum
421 1399 602 1466 Gouriense
619 1402 780 1468 universis
795 1423 930 1490 presens
946 1408 1103 1495 scriptum
1120 1411 1244 1498 inspee-

109 1509 194 1575 turis
211 1508 395 1576 salutemet
410 1507 579 1575 oraciones
596 1509 630 1574 in
640 1509 790 1578 Domino.
812 1513 931 1579 Notum
947 1515 990 1580 sit
1002 1517 1162 1586 universis
1178 1529 1244 1588 tarn

109 1617 237 1702 tuturis,
267 1635 365 1699 quarn
381 1613 600 1703 presentibus,
617 1616 704 1701 quod
720 1619 779 1686 Osl
796 1619 913 1687 Comes
931 1619 1017 1689 filius
1034 1622 1092 1690 Osl
1110 1624 1244 1692 Comitis

109 1727 143 1792 in
159 1731 275 1792 nostra
290 1723 461 1809 presencia
485 1723 653 1810 assistens,
673 1731 871 1812 protestatus
888 1735 948 1812 est,
974 1736 1094 1798 terram
1110 1732 1244 1818 populo.

108 1855 182 1900 ruur
199 1833 240 1900 de
257 1832 488 1915 villaWicoza,
507 1831 634 1898 duobus
650 1834 771 1900 aratris
788 1834 1012 1923 sufficientem,
1037 1860 1097 1925 pro
1113 1843 1144 1910 X
1162 1861 1243 1906 mur-

108 1942 156 2010 cis
175 1940 448 2036 argentiemisse,
476 1945 508 2005 et
523 1941 696 2027 pecuniam
712 1943 808 2028 plene
823 1944 1024 2029 persoluisse
1047 1945 1243 2031 quibusdam

108 2069 150 2115 ex
168 2049 293 2116 eisdem
317 2047 457 2135 populis,
476 2049 600 2132 Tymoc
616 2049 776 2137 videlicet,
793 2051 914 2136 Tunsa,
936 2053 1098 2142 Johannc,
1120 2057 1241 2140 Grego-

106 2159 168 2242 rio,
186 2157 309 2242 Taneb,
326 2159 487 2240 Scemere,
504 2157 634 2244 Tympa
649 2165 681 2224 ct
696 2159 773 2226 Jula
789 2161 1004 2246 presentibus,
1021 2168 1054 2228 et
1069 2162 1156 2228 idern
1173 2168 1240 2228 tam

113 2285 238 2353 prose,
263 2284 362 2350 quarn
377 2286 436 2350 pro
452 2263 528 2349 alijs
553 2265 700 2349 cognatis
716 2267 794 2350 suis,
819 2266 875 2350 qui
895 2274 1065 2353 presentes
1092 2288 1165 2335 esse
1189 2289 1243 2336 ne·

113 2375 274 2460 quierunt,
292 2373 538 2458 confitentibus3
562 2374 665 2440 Paulo
682 2374 749 2441 tilio
765 2375 903 2462 Fecbyr,
925 2374 1060 2443 Andron
1083 2377 1150 2446 filio
1167 2379 1242 2445 For-

112 2503 170 2550 cos
181 2481 417 2568 J’obagionibus
434 2480 543 2548 Castri
559 2481 790 2567 Supruuiensis
806 2485 1022 2571 presentibus,
1044 2506 1103 2552 nee
1119 2486 1241 2553 eisdem

113 2593 244 2678 populis
261 2589 569 2675 contradicentibus,
597 2591 655 2658 sed
678 2593 792 2677 pocius
809 2595 1040 2680 asserentibus,
1067 2594 1154 2681 quod
1169 2615 1241 2662 curn

111 2697 158 2782 bij
176 2699 289 2784 populi
301 2705 410 2764 essent
426 2697 484 2781 filij
496 2697 711 2782 jobagionum
729 2699 865 2784 predicti
877 2699 996 2786 Castri,
1011 2709 1133 2769 terram
1149 2723 1241 2771 suam

112 2809 214 2874 libere
226 2813 258 2874 et
269 2807 360 2872 nulla
375 2805 599 2892 prohibicione
610 2806 847 2874 interueniente
857 2810 999 2876 vendere
1014 2811 1150 2896 possint.
1166 2813 1241 2876 Ter-

110 2936 149 2982 ra
166 2934 242 2980 vcro
267 2914 450 2999 prescripta
466 2913 526 2979 beo
551 2912 651 2980 babet
666 2915 739 2981 loca
763 2921 942 3002 metarum,
969 2915 1160 2996 oboriente,
1186 2917 1241 2983 ubi

111 3021 368 3089 conterminatur
393 3028 477 3086 terre
493 3020 616 3087 Wodos
639 3028 671 3088 et
686 3021 801 3107 Klary,
826 3029 875 3088 est
892 3031 997 3108 meta3
1023 3022 1242 3090 ameridiana

109 3139 207 3216 parte
233 3131 442 3216 conjungitur
466 3134 552 3196 terre
567 3129 711 3196 eiusdem
729 3131 768 3199 Ο.
786 3140 893 3218 ernpte
913 3154 935 3198 a
950 3134 1050 3200 Jacza
1075 3138 1107 3198 et
1122 3133 1241 3217 Mogd5

108 3242 153 3306 ab
179 3238 343 3323 orientali,
371 3238 426 3304 ubi
449 3238 552 3304 tendit
577 3237 621 3304 ad
638 3245 801 3324 stagnum,
828 3241 914 3326 quod
931 3241 1097 3325 wigariter
1124 3240 1241 3307 dicitur

108 3349 288 3431 Baluanus,
305 3354 356 3414 cst
381 3351 486 3429 meta;
514 3365 534 3409 a
553 3345 785 3431 septentrione,
811 3346 867 3412 ubi
884 3347 1136 3414 conterminatur
1155 3354 1241 3413 terre

107 3455 288 3542 Fortunad,
305 3459 355 3520 est
373 3460 468 3518 meta.
494 3451 562 3518 Nos
576 3472 652 3518 vero
670 3452 836 3538 utriusque
852 3455 956 3541 partis
973 3455 1128 3540 peticioni
1145 3456 1239 3521 satis-

106 3563 279 3648 facientes,
306 3562 432 3630 litteras
448 3567 619 3645 presentes
636 3561 746 3644 sigillo
763 3571 874 3628 nostro
890 3561 1073 3648 roboratas,
1093 3560 1240 3628 conferre

108 3665 325 3737 decrevimus.
342 3673 437 3734 Auno
454 3668 700 3735 lucarnacionis
718 3670 759 3734 M.
772 3667 833 3734 OC.
845 3669 985 3736 XXVIJ.

152 3868 204 3936 (Aa
218 3870 318 3922 erederi
331 3865 396 3921 utin
409 3871 441 3920 Α.
455 3868 496 3919 Sa.
511 3871 589 3935 Nagy
603 3869 680 3928 imre,
695 3869 781 3920 Hanni
794 3867 964 3936 Okmtnyttr
977 3870 997 3920 1.
1012 3869 1068 3920 kur.
1083 3867 1197 3933 Gyorun

597 3960 672 4011 reos.
687 3960 711 4009 a.
725 3959 754 4026 1.)
811 3951 839 4012 ,·

148 4798 252 4839 lom·
268 4799 351 4836 mm.
367 4799 438 4836 118²*-
459 4807 495 4818 ···
514 4797 586 4834 Dm..
603 4789 637 4827 11.
