3202 5190
580 334 731 438 Q

97 539 190 618 patre
208 531 323 617 ipsius,
342 538 374 597 et
389 531 598 617 parentibus,
620 539 652 596 et
667 531 815 615 pluribus
831 531 905 598 aliis
921 533 1130 614 magnatibus
1146 532 1220 599 civi·

91 641 178 722 tatis,
199 638 314 704 eadem
332 638 505 703 securitate
522 643 676 721 accepta;
695 638 834 721 quicum
849 636 883 702 in
899 636 989 704 dicta
1003 640 1219 723 promissione

91 746 267 815 mendaces
293 751 325 812 et
352 745 488 811 fallaces
514 745 701 828 existerent,
727 745 818 831 ipsos
835 751 991 828 tanquam
1015 745 1217 815 inimicantes

89 857 232 922 &notae
247 854 416 920 Romanae
425 853 605 938 Ecclesiae,
629 859 662 920 et
677 851 933 920 Christianitatis
949 852 1140 940 proditores,
1160 855 1218 921 dif-

90 962 276 1044 fidavimus,
293 963 409 1045 quibus
436 961 559 1028 scilicet
584 967 678 1046 patre
702 967 734 1026 et
759 961 826 1028 filio
849 981 908 1048 per
924 962 1123 1028 Graecorum
1147 983 1218 1048 pro-

89 1071 247 1140 ditionem
263 1071 443 1154 exstinctis,
462 1067 601 1154 eliisque
619 1067 788 1136 Graeculis
805 1068 999 1152 sublimatis,
1021 1068 1218 1137 Graecorum

90 1178 288 1245 sustinentes
305 1178 471 1244 molestias
499 1185 531 1243 ct
546 1177 771 1244 infestationes
786 1176 949 1261 assiduas,
971 1183 1039 1242 tam
1055 1197 1113 1263 per
1128 1198 1217 1244 mare

89 1286 287 1352 mittentium
304 1285 348 1352 ad
364 1305 424 1354 nos
439 1305 542 1352 naves
559 1305 726 1371 accensas,
743 1293 779 1352 ut
793 1292 939 1353 nostrum
951 1285 1118 1370 navigium
1135 1305 1215 1353 com·

89 1396 257 1477 honorent,
275 1402 308 1460 et
324 1396 476 1462 diuturna
487 1396 575 1462 bella
590 1395 805 1480 inferentium,
823 1416 920 1481 quam
935 1415 996 1482 per
1005 1401 1124 1462 terram
1142 1396 1218 1461 mul-

90 1502 133 1566 tis
150 1501 317 1585 variisque
333 1501 448 1586 modis,
465 1504 701 1570 communicato
719 1503 854 1572 consilio
871 1503 1013 1569 omnium
1029 1503 1217 1569 clericorum

1 1607 3 1617 ¹
90 1614 124 1674 et
139 1608 299 1674 laicorum
315 1610 493 1693 exercitus,
517 1609 783 1676 convenientibus
800 1609 993 1692 quibusdam
1009 1610 1094 1674 inter
1110 1627 1170 1675 nos
1186 1616 1219 1673 et

89 1717 184 1804 ipsos
201 1717 401 1801 praemissis,
418 1716 502 1782 sicut
518 1736 559 1782 ex
576 1723 686 1782 tenore
702 1717 844 1801 exempli
863 1715 1020 1782 dictarum
1031 1715 1217 1801 pactionum

90 1823 257 1890 Sanctitas
269 1824 386 1891 Vestra
396 1825 515 1910 poterit
531 1824 651 1891 clarius
663 1844 869 1910 cognoscere,
886 1823 1051 1891 civitatem
1063 1825 1217 1892 Constan-

91 1933 344 2017 tinopolitanam
362 1933 405 1998 ad
420 1932 572 2000 honorem
585 1932 646 1996 Dei
663 1938 695 1997 et
711 1932 851 1998 Sanctae
867 1932 1033 1998 Romanae
1050 1931 1218 1998 Ecclesiae

93 2045 125 2103 et
135 2037 392 2106 Christianitatis
403 2039 648 2106 subventionem
659 2039 859 2105 decrevimus
870 2039 1114 2123 debellandam;
1132 2038 1218 2122 quod

92 2153 125 2212 et
141 2143 264 2212 Christi
280 2144 480 2229 suffragante
498 2145 731 2228 misericordia,
752 2150 926 2228 vestroque
942 2145 1074 2227 merito,
1098 2153 1218 2211 nostro·

92 2271 157 2336 que
167 2251 333 2318 laborioso
344 2251 461 2334 studio,
472 2253 649 2338 praecipue
660 2253 887 2338 praecaeteris
897 2251 1091 2335 viventibus,
1108 2259 1220 2319 contra

92 2359 237 2427 omnium
249 2355 431 2444 opinionem
447 2359 624 2446 perfectum
636 2366 695 2426 est.
714 2357 820 2446 Capta
836 2359 936 2445 igitur
949 2360 1090 2442 civitate,
1109 2361 1219 2426 multa-

92 2486 157 2551 que
174 2473 286 2550 strage
303 2467 501 2533 Graecorum
518 2467 760 2552 interveniente,
777 2467 959 2551 blancollus,
989 2468 1044 2551 qui
1059 2473 1135 2534 tunc
1151 2477 1221 2535 erat

92 2576 288 2659 Imperator,
315 2593 387 2639 cum
404 2573 473 2638 suis
490 2573 684 2655 sequacibus
700 2571 741 2638 de
758 2573 889 2640 civitate
904 2572 1041 2658 aufugit,
1062 2579 1095 2640 et
1111 2594 1220 2644 secuu-

92 2683 171 2747 dum
187 2682 271 2748 inter
283 2701 343 2747 nos
360 2683 514 2767 scriptum
525 2681 745 2766 constitutum,
763 2686 795 2746 et
808 2689 1048 2748 sacramentum
1065 2679 1220 2769 adimple-

91 2790 210 2854 vimus.
228 2786 413 2871 Cognoscat
429 2787 528 2871 igitur
545 2788 709 2853 Sanctitas
726 2789 862 2871 Vestra,
887 2786 973 2872 quod
990 2807 1051 2870 ego
1066 2807 1132 2853 nna
1148 2808 1220 2858 cum

92 2898 219 2962 Veneto
235 2896 367 2980 populo,
385 2893 541 2979 quidquid
556 2894 701 2978 fecimus,
719 2895 762 2961 ad
777 2896 932 2963 honorem
944 2896 1016 2981 Dei,
1033 2901 1067 2961 et
1080 2897 1219 2963 Sanctae

92 3006 263 3070 Romanae
280 3002 460 3085 Ecclesiae,
478 3008 510 3068 et
526 3010 669 3068 vestrum
685 3003 916 3085 laboravimus,
942 3010 975 3068 et
990 3003 1024 3067 in
1041 3008 1152 3069 nostra
1167 3023 1220 3068 vo-

93 3111 213 3178 luntati
231 3108 318 3198 (igy)
335 3111 492 3180 babemus
517 3111 665 3178 similiter
681 3113 843 3179 laborare.
869 3108 962 3177 Unde
978 3110 1125 3198 supplico
1142 3112 1221 3177 San-

93 3221 201 3286 ctitati
217 3219 367 3301 Vestrae,
392 3227 552 3302 quatenus
568 3219 753 3306 petitiones,
779 3237 860 3300 quas
877 3217 980 3283 nuntii
995 3218 1068 3298 mei,
1086 3216 1149 3282 viri
1168 3238 1221 3284 no·

93 3328 178 3393 biles
195 3324 380 3410 etdiscreti,
397 3327 522 3394 scilicet
538 3324 956 3410 LeonardusNaugaiosus,
975 3323 1113 3391 dilectus
1131 3345 1220 3394 meus

93 3451 208 3516 nepos,
227 3439 259 3498 et
276 3432 425 3500 Andreas
440 3432 482 3499 de
495 3434 620 3518 Mulio,
638 3454 719 3518 quos
735 3433 777 3498 ad
794 3431 894 3518 pedes
911 3433 1047 3498 Vestrae
1063 3422 1230 3498 Sanctia?

94 3539 138 3616 tis
155 3539 416 3623 transmittimus,
432 3539 586 3625 fecerint,
608 3541 748 3624 benigne
764 3538 921 3606 exaudire
937 3537 1087 3624 dignetur
1104 3541 1222 3607 Vestra

99 3644 265 3712 Sanctitas
281 3649 313 3709 et
329 3643 458 3712 effectui
476 3647 675 3732 mancipare.

96 3843 201 3908 (Migne
212 3859 238 3893 ιι.
249 3860 273 3894 o.
283 3843 320 3893 11.
334 3843 389 3894 kbt.
404 3843 510 3905 511.1.;
523 3843 640 3895 Theiner
653 3860 679 3894 u.
689 3859 713 3894 o.
728 3845 749 3896 1.
761 3845 788 3895 k.
799 3847 842 3895 38.
856 3845 884 3906 1.;
897 3844 975 3895 Tafel
986 3841 1014 3894 ds
1028 3845 1145 3897 Thomas
1157 3862 1184 3896 u.
1198 3864 1223 3898 o.

96 3933 118 3981 1.
132 3931 160 3981 lt.
174 3933 239 3982 251.
250 3931 277 3994 l.;
290 3929 371 3996 Fejdr
384 3945 449 3982 enen
462 3929 585 3982 levblnelr
600 3929 743 3984 nivonattt
756 3933 827 3984 kczli
838 3932 902 3985 Cod.
918 3934 992 4000 Dipl.
1005 3935 1042 3984 11.
1054 3935 1110 3985 tot.
1123 3937 1183 3984 424.
1195 3934 1222 4000 l.)

530 4216 797 4228 m
