3202 5190
814 251 964 351 „2534-4...

327 453 486 542 prefatum
502 448 733 517 monasterium
746 448 841 512 situm
852 451 991 528 astrum
1004 441 1152 508 omuibus
1163 439 1367 526 pertinentiis
1377 439 1461 518 suis,

327 559 499 648 grangiam
506 557 547 623 de
553 557 736 637 Drumowe,
744 552 916 638 grangiam
923 549 1057 630 Talarn,
1069 547 1239 632 grangiam
1247 545 1461 628 Sigennelde,

328 667 501 753 grangiam
511 659 800 746 Brummgesfelde,
818 657 992 744 grangiam
1003 654 1259 738 Volcbenberge,
1279 674 1426 738 grang
1440 653 1465 718 i-

329 796 387 841 am
403 762 991 856 RegisUngarieinpredio,
1009 761 1466 846 quodBisseniquon·

331 881 417 946 dam
434 900 481 965 po
492 897 508 942 s
520 875 703 942 sederam
714 879 737 956 t,
755 878 787 938 et
797 871 1023 958 possessiones
1034 869 1065 933 in
1076 867 1293 950 Minlrendorf,
1305 867 1339 932 in
1354 867 1466 949 Sul-ae,

330 995 363 1053 et
378 989 410 1052 in
421 987 515 1054 Sulze
531 983 687 1066 inferiori,
705 982 738 1048 iu
754 981 984 1062 Boumgarten,
1001 977 1034 1042 in
1045 973 1277 1060 Wocelcndorf,
1292 975 1325 1040 in
1344 975 1466 1056 Hasla,

332 1095 365 1161 in
377 1087 663 1172 Haden'chesdorf,
675 1089 707 1154 iu
719 1086 899 1166 Volfchem,
916 1085 949 1150 in
962 1085 1143 1164 Geswente,
1156 1081 1187 1147 in
1199 1081 1467 1162 Reinoldesdorf,

331 1205 366 1268 in
383 1196 596 1279 Sunecndorf,
615 1203 647 1261 et
662 1195 696 1260 in
712 1194 899 1276 Steifiugen,
920 1199 953 1256 et
968 1191 1056 1277 apud
1073 1194 1226 1256 Sanctum
1238 1191 1369 1255 Petrum
1388 1209 1468 1254 cum

331 1309 446 1395 pratis,
463 1304 577 1391 uineiS,
594 1301 700 1385 terris,
718 1300 916 1382 nemoribus,
938 1297 1085 1380 usuagiis
1102 1304 1133 1363 et
1149 1298 1291 1382 pascuis,
1308 1298 1341 1363 iu
1360 1298 1467 1365 bosco

332 1420 364 1479 et
379 1413 489 1498 plano,
507 1413 539 1477 iu
558 1409 652 1492 aquis
668 1413 701 1473 et
717 1406 921 1488 molendinis,
939 1405 971 1470 in
989 1404 1052 1470 uiis
1069 1411 1100 1470 et
1117 1403 1242 1470 semitis
1259 1412 1292 1470 et
1307 1403 1466 1470 omnibus

335 1521 411 1588 aliis
427 1517 635 1585 libertatibus
653 1519 684 1579 et
700 1512 947 1578 inmunitatibus
964 1511 1041 1577 suis.
1058 1513 1145 1577 Sane
1167 1511 1317 1578 laborum
1340 1516 1468 1578 uestro-

333 1649 414 1712 rum,
430 1644 511 1711 quos
528 1621 668 1709 propriis
685 1620 836 1686 manibus
854 1625 910 1684 aut
926 1621 1109 1704 sumptibus
1126 1618 1234 1686 colitis
1258 1627 1324 1684 tam
1342 1618 1385 1684 de
1402 1625 1468 1684 ter-

333 1737 379 1802 ris
395 1735 489 1802 cultis
506 1752 604 1818 quam
619 1730 767 1811 incultis,
795 1728 865 1795 siue
883 1728 923 1794 de
939 1729 1019 1794 ortis
1036 1733 1068 1792 et
1084 1728 1234 1812 uirgultis
1259 1736 1290 1794 et
1308 1728 1468 1814 piscatio-

334 1843 431 1908 nibus
447 1839 575 1922 uestris,
593 1835 702 1902 uelde
718 1835 923 1900 nutrimentis
941 1833 1131 1899 animalium
1147 1841 1340 1918 uestrorum,
1353 1836 1468 1900 nullus

336 1946 488 2028 anobis,
515 1943 659 2010 decimas
685 1941 828 2026 exigere,
853 1942 905 2008 uel
931 1945 1121 2024 extorquere
1145 1946 1321 2026 presumat.
1350 1940 1468 2007 Liceat

334 2071 462 2139 quoque
478 2051 582 2133 uobis,
599 2049 734 2116 clericos
751 2049 802 2116 uel
819 2049 922 2116 laicos
941 2049 1062 2116 liberos
1078 2055 1111 2113 et
1128 2049 1296 2116 absolutos
1317 2069 1336 2114 e
1353 2049 1468 2115 seculo

335 2161 496 2245 fugientes
512 2157 555 2223 ad
572 2156 816 2224 conuersionem
833 2156 996 2240 recipere,
1021 2161 1053 2220 et
1068 2175 1125 2222 eos
1142 2155 1267 2239 absque
1284 2156 1468 2222 contradic·

335 2267 424 2332 tione
448 2265 562 2348 aliqua
587 2263 736 2329 retinere.
753 2262 967 2328 Prohibemus
991 2263 1142 2347 iusuper,
1167 2267 1203 2327 ut
1218 2262 1299 2327 nulli
1324 2262 1465 2329 fratrum

336 2378 516 2437 uestrorum
533 2377 607 2456 post
623 2369 742 2437 factam
759 2369 792 2434 iu
810 2369 1004 2436 monasterio
1028 2377 1136 2436 uestro
1156 2367 1394 2454 professionem
1411 2370 1467 2435 faa

337 2478 388 2559 sit,
406 2475 739 2559 absquedbbatissui
756 2475 941 2542 licentiade
953 2475 1065 2542 eodem
1082 2476 1153 2542 loeo
1164 2475 1344 2558 discedere,
1362 2477 1467 2542 disee-

337 2582 466 2647 dentem
476 2599 554 2648 uero
566 2581 690 2666 absque
701 2581 917 2647 communium
927 2581 1107 2648 litterarum
1118 2589 1300 2648 uestrarum
1311 2583 1467 2650 cautione

337 2690 445 2756 nullus
461 2688 581 2754 audeat
597 2688 746 2754 retinere.
764 2689 858 2767 Quod
874 2688 903 2756 si
919 2688 990 2772 quis
1007 2687 1090 2752 forte
1106 2687 1244 2754 retinere
1259 2709 1467 2775 presumpse

337 2794 389 2876 rit,
409 2794 531 2860 licitum
550 2793 593 2859 sit
608 2793 712 2876 nobie,
730 2793 763 2857 in
779 2795 870 2878 ipsos
886 2796 1061 2862 monachos
1075 2795 1129 2861 uel
1145 2815 1320 2862 conuersos
1338 2797 1467 2880 regula-

338 2919 405 2966 rem
431 2893 626 2966 sententiam
642 2899 858 2984 promulgare.
885 2887 971 2965 Illud
987 2901 1165 2966 districtius
1192 2901 1398 2984 inhibentes,
1423 2923 1467 2968 ne

338 3016 442 3074 terras
458 3026 516 3074 seu
532 3005 699 3090 quodlibet
713 3005 904 3071 beneficium
916 3006 1062 3072 Ecclesia
1079 3014 1185 3074 uestre
1196 3011 1350 3075 collatum
1367 3009 1468 3076 liceat

338 3113 436 3180 alicui
452 3112 670 3197 personaliter
686 3111 783 3194 dare,
808 3112 879 3176 siue
895 3113 960 3178 alio
978 3114 1073 3179 modo
1090 3115 1234 3180 alienare
1251 3115 1377 3199 absque
1392 3137 1467 3182 con-

339 3237 437 3287 sensu
451 3219 551 3286 totius
567 3217 730 3305 Capituli,
756 3219 808 3284 uel
824 3219 958 3286 maioris
974 3229 1030 3285 aut
1056 3222 1197 3287 sanioris
1221 3225 1320 3306 partis
1348 3225 1465 3308 ipsius.

339 3327 374 3393 Si
390 3345 454 3411 que
468 3321 546 3394 uero
572 3327 766 3394 donationes
782 3328 835 3393 uel
851 3326 1066 3394 alienationes
1082 3330 1195 3413 aliter,
1221 3351 1318 3414 quam
1341 3332 1466 3398 dictum

339 3439 399 3517 est,
411 3431 498 3498 facte
512 3433 641 3516 fuerint,
658 3451 715 3499 eas
731 3433 840 3499 irritas
857 3450 1120 3502 essecensemus.
1139 3435 1191 3501 Ad
1206 3437 1375 3503 hecetiam
1392 3459 1466 3524 pro·

340 3539 499 3621 bibemus,
515 3559 557 3603 ne
574 3539 693 3622 aliquis
711 3539 886 3607 monachus
903 3541 972 3605 siue
988 3561 1164 3609 conuersus
1180 3544 1241 3610 sub
1260 3543 1467 3628 professione

341 3644 456 3710 domus
480 3649 588 3711 uestra
604 3647 766 3729 astrictus,
793 3647 864 3713 sine
879 3667 1038 3714 consensu
1062 3655 1094 3716 et
1119 3650 1252 3717 licentia
1265 3652 1407 3720 Abbatis
1433 3661 1467 3720 et

340 3745 474 3817 maioris
499 3751 603 3836 partia
619 3753 761 3840 Capituli
788 3755 887 3822 uestri
903 3776 961 3840 pro
987 3756 1096 3840 aliquo
1123 3757 1316 3843 fideiubeat,
1342 3760 1396 3824 uel
1421 3761 1465 3826 ab

341 3857 450 3940 aliquo
466 3859 637 3944 pecuniam
653 3866 763 3926 mutuo
780 3861 921 3946 accipiat
937 3863 1024 3928 ultra
1043 3863 1303 3947 procuratorium
1319 3863 1464 3952 Capituli

341 3963 441 4030 uestri
457 3965 665 4050 prouidentia
680 3967 898 4050 constitutum,
923 3969 986 4038 uisi
1002 3977 1136 4055 proptor
1153 3970 1362 4040 manifestam
1377 3970 1464 4038 dotia

340 4067 449 4139 uestro
472 4071 658 4138 utilitatem.
684 4073 808 4152 Quodsi
824 4074 934 4142 facere
949 4077 1201 4163 presumpserit,
1227 4099 1293 4145 nou
1315 4084 1465 4146 tenemur

342 4175 529 4247 conuentus
544 4201 602 4274 pro
628 4181 691 4254 hiis
708 4181 913 4265 aliquatenus
930 4186 1135 4270 respondere.
1161 4185 1300 4254 Licitum
1315 4193 1465 4272 preterea

341 4287 385 4353 sit
399 4285 503 4370 uobis,
521 4287 554 4352 iu
570 4289 678 4354 causis
692 4289 843 4374 propriis,
861 4291 931 4356 siue
947 4293 1076 4358 ciuilem
1087 4293 1158 4360 siue
1174 4293 1376 4360 criminalem
1391 4314 1464 4362 con·

340 4393 466 4461 tineent
480 4393 691 4478 questionem,
708 4395 843 4463 fratrum
858 4403 1040 4466 uestrorum
1055 4401 1248 4467 testimoniis
1263 4400 1322 4486 uti,
1345 4421 1389 4469 ne
1406 4421 1463 4487 pro

343 4499 469 4568 defectu
486 4503 616 4570 testium
632 4505 682 4571 ius
699 4511 843 4572 uestrum
858 4506 891 4572 in
905 4507 1015 4588 aliquo
1026 4509 1136 4575 ualeat
1151 4509 1309 4593 deperire.
1324 4509 1463 4595 Insuper
