3202 5190
632 930 707 1001 lta.

98 1113 127 1175 A
139 1111 376 1199 culparer-saepi
385 1111 571 1177 treelceleuek
580 1114 839 1198 aparepetotaet
849 1113 962 1180 ledele
969 1113 1129 1182 leuelelll.
1137 1113 1228 1179 latete

525 1219 683 1306 pdpddoa.
701 1223 796 1285 1204.

210 1397 304 1466 Gella
319 1417 431 1466 eorum
448 1397 498 1464 sui
514 1398 648 1466 dominii
665 1399 780 1467 bravio
797 1408 1026 1487 supponentes,
1042 1408 1077 1471 ut
1087 1399 1227 1468 Sanctis-

99 1507 183 1574 simo
200 1507 301 1590 Patri,
319 1513 352 1571 et
367 1505 507 1590 domiuo,
525 1505 655 1574 domino
666 1508 790 1592 Papae,
807 1528 912 1593 prona
927 1509 1053 1576 cervice
1068 1509 1227 1594 flexisque

100 1615 283 1702 poplitibus
308 1614 561 1683 inclinationem.
587 1615 755 1700 Inprimis
780 1620 933 1701 peccator
958 1624 990 1684 et
1005 1617 1148 1684 humiliis
1164 1618 1227 1683 Me-

101 1724 318 1808 tropolitanus
344 1722 577 1789 Sanctissimae
603 1723 773 1790 Ecclesiae
798 1723 985 1791 Belesbudii
1012 1724 1226 1807 Anastasius;

100 1839 178 1919 post
202 1851 275 1900 eum
300 1837 452 1916 peccator
478 1837 510 1897 et
527 1830 656 1898 humilis
672 1832 944 1917 Metropolitanus
960 1834 1065 1899 Savas
1088 1851 1227 1918 magnae

101 1941 272 2008 Ecclesiae
288 1939 480 2022 Prostlave;
507 1947 539 2006 et
554 1938 749 2025 Episcopus,
776 1939 853 2004 lieet
867 1939 1040 2023 indignus,
1058 1939 1229 2006 Sanctissi-

102 2069 178 2115 mae
208 2048 377 2114 Ecclesiae
402 2047 463 2113 Dei
491 2044 666 2114 Genitrieis
693 2046 733 2112 de
758 2048 877 2132 Scopia
901 2047 1063 2130 Marinus,
1098 2047 1230 2115 humilis

102 2155 289 2242 Episcopus
320 2153 527 2221 Sanctissimi
559 2153 775 2240 Episcopatus
801 2153 1035 2221 Sanctissimae
1059 2153 1229 2222 Ecclesiae

103 2263 200 2330 Beati
216 2270 250 2330 et
265 2259 501 2330 Gloriosissimi
526 2263 637 2348 magni
654 2263 806 2348 Martyris
823 2263 973 2348 Procopii
995 2263 1036 2330 de
1051 2263 1132 2330 Niso
1148 2263 1230 2330 Kiri-

102 2392 180 2454 cus;
198 2377 230 2438 ct
246 2371 399 2456 indignus
416 2372 609 2457 Episcopus,
636 2381 733 2455 atque
749 2377 901 2458 peccator
921 2370 1156 2440 Sanctissimae
1172 2371 1230 2436 Ec-

103 2480 226 2545 clesiae
244 2479 307 2544 Dei
323 2477 496 2546 Genitricis
512 2478 707 2563 Bydmensis
724 2477 894 2546 Clemens:
912 2485 948 2544 ut
962 2485 1106 2544 nostrum
1122 2478 1229 2563 singu-

105 2587 208 2654 larem
220 2593 396 2672 pastorem,
414 2593 446 2653 et
462 2588 680 2654 universalem
696 2593 822 2674 patrem
834 2595 867 2654 et
879 2587 1054 2670 domiuum,
1071 2593 1231 2669 quatenus

102 2695 241 2780 pallium
258 2695 302 2760 ad
317 2693 520 2760 Pontlfioalis
544 2693 642 2762 officii
658 2695 893 2780 plenitudinem
909 2695 1035 2762 mittere
1051 2693 1231 2780 dignemini

102 2801 297 2870 humotenus
313 2803 500 2887 rogitamus,
519 2809 554 2868 ut
570 2811 602 2868 et
617 2822 676 2870 noa
693 2802 844 2870 omnibus
862 2801 976 2869 diebus
993 2801 1081 2868 vitae
1097 2808 1229 2869 nostrae

103 2927 163 2994 pro
178 2913 291 2974 vestra
306 2909 550 2992 Magnificentia
566 2929 662 2976 orare
678 2929 742 2976 nou
763 2908 972 2978 desistamus.

240 3107 332 3171 Migne
346 3124 372 3158 u.
386 3125 408 3158 o.
428 3109 465 3161 11.
479 3108 535 3159 lut.
550 3107 611 3156 ⁶289.
630 3107 647 3158 1.
659 3125 666 3168 ;
690 3107 807 3158 Theiner
820 3123 845 3156 u.
860 3123 883 3156 o.
903 3107 925 3157 1.
939 3107 996 3158 lut.
1010 3107 1052 3156 alil.
1065 3105 1094 3168 l.)

635 3839 712 3909 174.

104 4022 292 4087 Joarraitiue
304 4019 536 4108 Bolqdrerezdp
549 4019 805 4106 aireikoddjduak
815 4019 907 4084 levale
916 4019 982 4085 111.
992 4017 1082 4083 lacae
1090 4018 1234 4104 pdpdlroz

429 4149 617 4214 rtyyuuezoa
634 4125 798 4212 tctrqybaa.
816 4127 912 4191 1204.

214 4306 428 4373 Sanctissimo
455 4313 488 4373 ct
504 4306 701 4373 dominatori
731 4309 764 4370 et
787 4301 965 4370 universali
980 4304 1093 4390 Papae
1109 4301 1234 4370 sedenti

106 4419 139 4482 in
155 4413 242 4482 Sede
257 4413 350 4480 Beati
366 4414 472 4497 Petri,
500 4421 532 4480 et
548 4414 678 4484 domino
695 4411 782 4500 patri
797 4411 903 4496 Regni
920 4411 1002 4495 mei,
1028 4411 1125 4476 tertio
1140 4407 1234 4476 Inno-

108 4523 224 4605 centio,
241 4523 354 4606 Papae
371 4522 687 4609 Sedlslpostolieae
703 4527 735 4588 et
750 4519 918 4586 Ecclesiae
926 4521 1104 4603 Romanae,
1120 4523 1153 4586 et
1169 4538 1233 4583 ma-

108 4631 209 4714 gistro
226 4628 325 4698 totius
342 4628 462 4698 mundi.
479 4629 582 4720 Spero
597 4631 631 4696 in
642 4631 749 4704 Deum
757 4626 962 4700 Salvatorem
977 4626 1130 4711 omnium,
1146 4623 1233 4712 quod
