3164 5192
618 367 773 468 Q

131 569 295 646 quatenus
320 581 392 628 cum
409 561 527 629 dilecto
554 563 639 648 filio,
667 563 769 632 nobili
786 564 866 650 viro,
882 565 975 635 cho
985 617 994 652 ,
1018 571 1111 655 pacis
1127 569 1260 640 studeas

129 669 265 738 foedera
274 670 463 756 reformare,
479 692 528 758 ue,
547 673 720 740 occasione
730 672 923 762 discordiae,
939 682 1028 742 terra
1043 679 1161 746 tuavel
1177 679 1259 765 ejus,

129 778 277 844 incurrat
290 776 504 863 irreparabile
520 777 758 846 detrimentum.
775 781 907 868 Datum,
924 789 960 850 ut
975 801 1086 870 supra.

275 989 380 1062 (mgna
393 1011 420 1046 u.
433 1010 457 1046 ο.
470 996 508 1046 11.
520 995 576 1046 lrbt.
592 993 651 1048 lue.
665 995 700 1057 l.;
720 995 837 1048 Tbeiuer
850 1014 876 1048 u.
889 1015 913 1050 o.
927 1001 950 1051 1.
964 999 1020 1052 lrbt
1035 1001 1078 1052 22.
1092 997 1121 1064 l)

662 1775 739 1848 166.

124 1975 240 2042 chra
255 1980 347 2042 caros
362 1975 487 2062 Ῑεὸεεόρο
510 1981 617 2063 mapctt
634 1999 656 2039 a
672 1977 823 2042 celeocaci
837 1975 1108 2062 keaccroaocpmt
1128 1977 1255 2049 aucae.

645 2085 742 2149 1203.

237 2279 306 2347 Nos
323 2277 415 2346 missi
432 2277 678 2347 ladertiuorum
693 2279 834 2366 petimus
850 2299 871 2346 a
887 2279 999 2360 uobis,
1021 2280 1152 2350 dominc
1167 2281 1255 2370 R(ai-

124 2388 254 2474 nerio),
280 2387 347 2455 filio
372 2387 495 2455 domini
511 2388 623 2472 Ducis,
640 2395 672 2454 et
688 2409 709 2453 a
724 2387 888 2474 sapientia
907 2390 1007 2456 uestri
1023 2390 1180 2477 Consilij,
1196 2411 1255 2478 pro

125 2497 360 2563 communitate
377 2495 623 2581 luderensium,
651 2503 687 2563 nt
701 2496 852 2562 babeatis
878 2504 1061 2585 respectum
1078 2497 1256 2567 misericor·

124 2605 181 2672 die
206 2625 289 2689 erga
312 2604 397 2672 illos.
423 2606 543 2672 Volunt
564 2603 725 2671 Jadertiui
750 2624 878 2691 semper
894 2605 1184 2695 Arcbiepiscopum
1200 2607 1255 2674 eli·

128 2733 208 2798 gere
224 2712 265 2779 de
281 2713 436 2798 Venetijs,
454 2720 486 2779 et
501 2713 622 2780 habere
638 2735 658 2779 a
674 2711 787 2780 Gradu
802 2713 957 2781 uidelicet
971 2735 1074 2800 usque
1090 2715 1134 2781 ad
1149 2714 1255 2802 Caput

125 2823 289 2907 Aggeris3
318 2821 451 2908 eiusque
465 2822 669 2889 ellectionem
685 2823 942 2908 praesentabunt
965 2821 1095 2892 domiuo
1114 2823 1254 2892 Patriar-

127 2931 189 2996 cbc
212 2929 394 3014 Gradeusi,
422 2929 698 2997 confirmationem
722 2929 826 3016 ipsius
850 2929 1017 2997 electionis
1041 2930 1255 3016 postulantes.

124 3039 169 3104 Et
185 3037 427 3106 confirmatione
443 3036 531 3104 iacta
548 3039 657 3106 ueniet
672 3039 715 3105 ad
726 3039 842 3106 Sedem
852 3039 1118 3122 Patriarchalem,
1135 3045 1167 3105 et
1181 3059 1254 3108 con-

125 3147 343 3214 secrationem
360 3146 401 3214 de
417 3167 514 3214 manu
531 3167 591 3214 sua
606 3146 749 3233 recipiet,
766 3147 929 3231 facietque
945 3145 976 3210 ei
992 3144 1191 3232 fidelitatem,
1208 3166 1254 3213 re·

124 3254 306 3321 uereutiam
332 3261 364 3320 et
388 3254 607 3322 obedientiam
622 3255 653 3321 ei
676 3253 829 3321 exhibere
855 3252 1059 3338 promittens,
1085 3259 1118 3320 et
1143 3273 1254 3320 omues

124 3360 402 3446 honorificentias,
419 3381 500 3445 quas
518 3362 669 3430 domiuus
686 3361 901 3449 Lampredius
912 3360 1186 3448 Arcbiepiscopus
1201 3381 1254 3428 ex·

125 3467 234 3536 hibuit
249 3467 380 3536 domino
397 3467 586 3534 Patriarebe
601 3469 642 3534 H.
659 3467 822 3552 Daudulo,
841 3471 873 3533 et
889 3465 1047 3550 obsequia
1062 3466 1181 3534 debita
1200 3471 1254 3536 Ju-

126 3577 278 3661 robitque
293 3575 483 3643 fidelitatem
499 3576 629 3644 dominc
645 3576 730 3642 Duci
746 3582 779 3642 et
794 3573 1039 3642 successoribus
1055 3575 1142 3663 suis3
1160 3583 1192 3642 et
1207 3575 1255 3644 sic

125 3686 250 3754 facient
265 3704 377 3753 omnes
387 3686 644 3774 Arcbiepisccpi,
658 3687 714 3772 qui
729 3687 762 3753 iu
779 3693 969 3773 perpetuum
988 3693 1092 3772 eruut,
1109 3687 1255 3755 Ducibus

127 3803 160 3861 et
170 3794 368 3880 Patrarcbis,
385 3793 441 3878 qui
460 3815 518 3881 per
532 3803 680 3882 tempora
696 3802 799 3862 emnt.
820 3793 1093 3881 Arcbiepiseupus
1109 3801 1218 3862 autem
1235 3814 1256 3860 a

126 3903 259 3972 domiuo
285 3902 477 3970 Patriarcba
502 3904 658 3974 bonorem
684 3903 823 3989 accipiet
847 3909 1053 3986 consuetum,
1082 3909 1114 3967 et
1137 3901 1189 3968 ius
1214 3901 1256 3968 de

125 4009 328 4078 Dalmatinis
344 4011 519 4099 Episcopis
544 4013 573 4078 ci
590 4033 654 4080 nou
678 4011 850 4078 minuatur.
875 4009 1019 4076 Habebit
1034 4007 1255 4094 Arcbiopiseo

124 4139 189 4206 pus
205 4137 319 4187 ornnes
344 4117 515 4203 introitus,
541 4127 574 4185 et
590 4139 701 4187 omnes
727 4115 1009 4198 honorificentiae,
1035 4133 1118 4198 quas
1134 4114 1256 4181 habere

124 4231 365 4294 consueuerant
379 4226 646 4313 Archiepiscopi,
674 4225 730 4312 qui
745 4225 874 4292 fuerunt
889 4227 983 4308 aute,
1001 4227 1034 4286 et
1049 4241 1071 4286 a
1086 4221 1256 4288 Communi

125 4336 231 4403 Jadre
254 4336 388 4422 insuper
414 4336 501 4405 omui
527 4355 612 4404 auno
637 4336 672 4403 in
695 4333 860 4402 bellendis
880 4330 994 4416 Maroij
1011 4329 1132 4396 mensis
1158 4347 1255 4396 unum

125 4442 318 4510 milliarium
334 4448 366 4509 ct
381 4443 550 4510 dimidium
573 4443 793 4510 canicularum
816 4441 985 4508 bonarum.
1009 4435 1124 4504 Clerus
1148 4440 1256 4503 autem
1371 4427 1386 4456 ‘

125 4554 178 4621 bis
193 4554 229 4620 in
245 4571 343 4637 anuo,
358 4552 393 4618 iu
408 4553 590 4622 Natiuitatc
599 4553 730 4622 Domini
746 4559 780 4619 et
797 4550 832 4617 in
846 4547 977 4614 Pascha
986 4543 1253 4630 Resurrectiouis,

125 4660 243 4729 laudes
259 4660 437 4728 cantabunt
451 4661 486 4728 iu
502 4659 616 4730 maiori
631 4659 783 4728 Ecclesia
793 4653 1004 4743 solempniter
1020 4651 1150 4724 domiuo
1166 4648 1251 4720 Deci
