<?xml version="1.0" encoding="UTF-8"?>
<!DOCTYPE html PUBLIC "-//W3C//DTD XHTML 1.0 Transitional//EN"
    "http://www.w3.org/TR/xhtml1/DTD/xhtml1-transitional.dtd">
<html xmlns="http://www.w3.org/1999/xhtml" xml:lang="en" lang="en">
 <head>
  <title>
</title>
<meta http-equiv="Content-Type" content="text/html;charset=utf-8" />
  <meta name='ocr-system' content='tesseract 3.04.00' />
  <meta name='ocr-capabilities' content='ocr_page ocr_carea ocr_par ocr_line ocrx_word'/>
</head>
<body>
  <div class='ocr_page' id='page_1' title='image "./codexdiplomatic05wenzgoog_0338.png"; bbox 0 0 3202 5190; ppageno 0'>
   <div class='ocr_carea' id='block_1_1' title="bbox 838 275 990 374">
    <p class='ocr_par' dir='ltr' id='par_1_1' title="bbox 838 275 990 374">
     <span class='ocr_line' id='line_1_1' title="bbox 838 275 990 374; baseline 0 -36"><span class='ocrx_word' id='word_1_1' title='bbox 838 275 990 374; x_wconf 50' lang='lat' dir='ltr'>Q</span> 
     </span>
    </p>
   </div>
   <div class='ocr_carea' id='block_1_2' title="bbox 344 469 1524 4534">
    <p class='ocr_par' dir='ltr' id='par_1_2' title="bbox 344 469 1524 4534">
     <span class='ocr_line' id='line_1_2' title="bbox 344 469 1474 556; baseline -0.008 -12"><span class='ocrx_word' id='word_1_2' title='bbox 344 475 566 556; x_wconf 87' lang='lat' dir='ltr'>transfretare,</span> <span class='ocrx_word' id='word_1_3' title='bbox 583 491 716 554; x_wconf 91' lang='lat' dir='ltr'>quorum</span> <span class='ocrx_word' id='word_1_4' title='bbox 735 469 899 556; x_wconf 89' lang='lat' dir='ltr'>profectus</span> <span class='ocrx_word' id='word_1_5' title='bbox 915 470 1009 536; x_wconf 91' lang='lat' dir='ltr'>vobis</span> <span class='ocrx_word' id='word_1_6' title='bbox 1035 469 1286 556; x_wconf 76' lang='lat' dir='ltr'>impedientibus</span> <span class='ocrx_word' id='word_1_7' title='bbox 1314 472 1474 536; x_wconf 87' lang='lat' dir='ltr'>hactenns</span> 
     </span>
     <span class='ocr_line' id='line_1_3' title="bbox 349 578 1477 663; baseline -0.005 -14"><span class='ocrx_word' id='word_1_8' title='bbox 349 591 399 650; x_wconf 85' lang='lat' dir='ltr'>est</span> <span class='ocrx_word' id='word_1_9' title='bbox 423 583 553 650; x_wconf 87' lang='lat' dir='ltr'>dilatus.</span> <span class='ocrx_word' id='word_1_10' title='bbox 579 581 753 646; x_wconf 85' lang='lat' dir='ltr'>Praeterea</span> <span class='ocrx_word' id='word_1_11' title='bbox 780 585 812 644; x_wconf 92' lang='lat' dir='ltr'>tc</span> <span class='ocrx_word' id='word_1_12' title='bbox 837 598 878 646; x_wconf 88' lang='lat' dir='ltr'>ao</span> <span class='ocrx_word' id='word_1_13' title='bbox 893 579 1035 646; x_wconf 90' lang='lat' dir='ltr'>Venetos</span> <span class='ocrx_word' id='word_1_14' title='bbox 1059 601 1124 646; x_wconf 94' lang='lat' dir='ltr'>non</span> <span class='ocrx_word' id='word_1_15' title='bbox 1151 579 1294 663; x_wconf 87' lang='lat' dir='ltr'>latebat,</span> <span class='ocrx_word' id='word_1_16' title='bbox 1321 578 1477 662; x_wconf 78' lang='lat' dir='ltr'>qualiter,</span> 
     </span>
     <span class='ocr_line' id='line_1_4' title="bbox 346 685 1477 775; baseline -0.006 -17"><span class='ocrx_word' id='word_1_17' title='bbox 346 696 421 775; x_wconf 91' lang='lat' dir='ltr'>post</span> <span class='ocrx_word' id='word_1_18' title='bbox 437 689 598 757; x_wconf 77' lang='lat' dir='ltr'>excidium</span> <span class='ocrx_word' id='word_1_19' title='bbox 614 695 720 754; x_wconf 88' lang='lat' dir='ltr'>terrac</span> <span class='ocrx_word' id='word_1_20' title='bbox 734 688 885 768; x_wconf 85' lang='lat' dir='ltr'>Sanctae,</span> <span class='ocrx_word' id='word_1_21' title='bbox 897 685 1090 770; x_wconf 83' lang='lat' dir='ltr'>Apostolioa</span> <span class='ocrx_word' id='word_1_22' title='bbox 1100 685 1202 753; x_wconf 83' lang='lat' dir='ltr'>Sedes</span> <span class='ocrx_word' id='word_1_23' title='bbox 1219 685 1403 768; x_wconf 89' lang='lat' dir='ltr'>universos,</span> <span class='ocrx_word' id='word_1_24' title='bbox 1420 686 1477 768; x_wconf 87' lang='lat' dir='ltr'>qui</span> 
     </span>
     <span class='ocr_line' id='line_1_5' title="bbox 348 793 1478 882; baseline -0.007 -18"><span class='ocrx_word' id='word_1_25' title='bbox 348 800 418 882; x_wconf 88' lang='lat' dir='ltr'>ejus</span> <span class='ocrx_word' id='word_1_26' title='bbox 434 797 581 882; x_wconf 87' lang='lat' dir='ltr'>reliquiis</span> <span class='ocrx_word' id='word_1_27' title='bbox 597 795 815 878; x_wconf 80' lang='lat' dir='ltr'>subvenirent,</span> <span class='ocrx_word' id='word_1_28' title='bbox 833 815 854 860; x_wconf 89' lang='lat' dir='ltr'>a</span> <span class='ocrx_word' id='word_1_29' title='bbox 870 793 924 860; x_wconf 91' lang='lat' dir='ltr'>die</span> <span class='ocrx_word' id='word_1_30' title='bbox 941 813 1007 877; x_wconf 84' lang='lat' dir='ltr'>qna</span> <span class='ocrx_word' id='word_1_31' title='bbox 1022 794 1151 878; x_wconf 82' lang='lat' dir='ltr'>signnm</span> <span class='ocrx_word' id='word_1_32' title='bbox 1161 793 1267 860; x_wconf 91' lang='lat' dir='ltr'>crucis</span> <span class='ocrx_word' id='word_1_33' title='bbox 1277 793 1478 879; x_wconf 72' lang='lat' dir='ltr'>attinerent,</span> 
     </span>
     <span class='ocr_line' id='line_1_6' title="bbox 346 899 1479 990; baseline -0.006 -18"><span class='ocrx_word' id='word_1_34' title='bbox 346 925 450 990; x_wconf 90' lang='lat' dir='ltr'>nsque</span> <span class='ocrx_word' id='word_1_35' title='bbox 465 905 508 970; x_wconf 88' lang='lat' dir='ltr'>ab</span> <span class='ocrx_word' id='word_1_36' title='bbox 524 904 665 984; x_wconf 89' lang='lat' dir='ltr'>obitum,</span> <span class='ocrx_word' id='word_1_37' title='bbox 683 901 735 967; x_wconf 90' lang='lat' dir='ltr'>vel</span> <span class='ocrx_word' id='word_1_38' title='bbox 752 901 891 967; x_wconf 90' lang='lat' dir='ltr'>reditum</span> <span class='ocrx_word' id='word_1_39' title='bbox 907 901 1113 984; x_wconf 89' lang='lat' dir='ltr'>eorumdem,</span> <span class='ocrx_word' id='word_1_40' title='bbox 1140 903 1173 966; x_wconf 93' lang='lat' dir='ltr'>in</span> <span class='ocrx_word' id='word_1_41' title='bbox 1196 920 1257 968; x_wconf 90' lang='lat' dir='ltr'>sua</span> <span class='ocrx_word' id='word_1_42' title='bbox 1272 899 1479 986; x_wconf 88' lang='lat' dir='ltr'>protectione</span> 
     </span>
     <span class='ocr_line' id='line_1_7' title="bbox 348 1007 1482 1098; baseline -0.006 -20"><span class='ocrx_word' id='word_1_43' title='bbox 348 1010 538 1098; x_wconf 89' lang='lat' dir='ltr'>susceperit,</span> <span class='ocrx_word' id='word_1_44' title='bbox 565 1017 679 1076; x_wconf 89' lang='lat' dir='ltr'>ettam</span> <span class='ocrx_word' id='word_1_45' title='bbox 696 1008 837 1074; x_wconf 82' lang='lat' dir='ltr'>familias</span> <span class='ocrx_word' id='word_1_46' title='bbox 854 1028 975 1090; x_wconf 91' lang='lat' dir='ltr'>eorum,</span> <span class='ocrx_word' id='word_1_47' title='bbox 999 1027 1097 1090; x_wconf 90' lang='lat' dir='ltr'>quam</span> <span class='ocrx_word' id='word_1_48' title='bbox 1123 1007 1211 1075; x_wconf 89' lang='lat' dir='ltr'>bona</span> <span class='ocrx_word' id='word_1_49' title='bbox 1234 1008 1296 1074; x_wconf 90' lang='lat' dir='ltr'>sub</span> <span class='ocrx_word' id='word_1_50' title='bbox 1324 1007 1482 1072; x_wconf 85' lang='lat' dir='ltr'>ecclesia-</span> 
     </span>
     <span class='ocr_line' id='line_1_8' title="bbox 348 1113 1479 1202; baseline -0.007 -18"><span class='ocrx_word' id='word_1_51' title='bbox 348 1119 432 1186; x_wconf 89' lang='lat' dir='ltr'>stica</span> <span class='ocrx_word' id='word_1_52' title='bbox 447 1116 637 1183; x_wconf 82' lang='lat' dir='ltr'>defensione</span> <span class='ocrx_word' id='word_1_53' title='bbox 652 1114 856 1202; x_wconf 75' lang='lat' dir='ltr'>praeceperit</span> <span class='ocrx_word' id='word_1_54' title='bbox 870 1133 1004 1180; x_wconf 86' lang='lat' dir='ltr'>manere</span> <span class='ocrx_word' id='word_1_55' title='bbox 1019 1133 1144 1180; x_wconf 87' lang='lat' dir='ltr'>secura.</span> <span class='ocrx_word' id='word_1_56' title='bbox 1168 1113 1220 1180; x_wconf 88' lang='lat' dir='ltr'>Ad</span> <span class='ocrx_word' id='word_1_57' title='bbox 1234 1113 1387 1180; x_wconf 84' lang='lat' dir='ltr'>notitiam</span> <span class='ocrx_word' id='word_1_58' title='bbox 1404 1133 1479 1196; x_wconf 89' lang='lat' dir='ltr'>quo-</span> 
     </span>
     <span class='ocr_line' id='line_1_9' title="bbox 348 1223 1484 1312; baseline -0.01 -18"><span class='ocrx_word' id='word_1_59' title='bbox 348 1247 411 1312; x_wconf 91' lang='lat' dir='ltr'>que</span> <span class='ocrx_word' id='word_1_60' title='bbox 426 1234 516 1292; x_wconf 88' lang='lat' dir='ltr'>tuam</span> <span class='ocrx_word' id='word_1_61' title='bbox 531 1223 679 1290; x_wconf 90' lang='lat' dir='ltr'>novimus</span> <span class='ocrx_word' id='word_1_62' title='bbox 694 1223 893 1308; x_wconf 90' lang='lat' dir='ltr'>pervenisse,</span> <span class='ocrx_word' id='word_1_63' title='bbox 909 1223 1058 1308; x_wconf 82' lang='lat' dir='ltr'>qualiter,</span> <span class='ocrx_word' id='word_1_64' title='bbox 1075 1223 1137 1290; x_wconf 89' lang='lat' dir='ltr'>etsi</span> <span class='ocrx_word' id='word_1_65' title='bbox 1150 1226 1220 1290; x_wconf 86' lang='lat' dir='ltr'>Rex</span> <span class='ocrx_word' id='word_1_66' title='bbox 1235 1223 1316 1308; x_wconf 90' lang='lat' dir='ltr'>ipsc,</span> <span class='ocrx_word' id='word_1_67' title='bbox 1333 1243 1375 1288; x_wconf 89' lang='lat' dir='ltr'>ac</span> <span class='ocrx_word' id='word_1_68' title='bbox 1391 1229 1484 1287; x_wconf 86' lang='lat' dir='ltr'>terra</span> 
     </span>
     <span class='ocr_line' id='line_1_10' title="bbox 350 1327 1483 1419; baseline -0.006 -19"><span class='ocrx_word' id='word_1_69' title='bbox 350 1335 466 1419; x_wconf 88' lang='lat' dir='ltr'>ipsius,</span> <span class='ocrx_word' id='word_1_70' title='bbox 493 1352 533 1398; x_wconf 88' lang='lat' dir='ltr'>ex</span> <span class='ocrx_word' id='word_1_71' title='bbox 549 1352 588 1398; x_wconf 92' lang='lat' dir='ltr'>co</span> <span class='ocrx_word' id='word_1_72' title='bbox 605 1331 691 1414; x_wconf 86' lang='lat' dir='ltr'>quod</span> <span class='ocrx_word' id='word_1_73' title='bbox 708 1349 836 1396; x_wconf 89' lang='lat' dir='ltr'>crucem</span> <span class='ocrx_word' id='word_1_74' title='bbox 853 1337 1087 1416; x_wconf 78' lang='lat' dir='ltr'>assumpserat,</span> <span class='ocrx_word' id='word_1_75' title='bbox 1107 1331 1302 1398; x_wconf 86' lang='lat' dir='ltr'>auctoritate</span> <span class='ocrx_word' id='word_1_76' title='bbox 1325 1327 1483 1396; x_wconf 87' lang='lat' dir='ltr'>constitn-</span> 
     </span>
     <span class='ocr_line' id='line_1_11' title="bbox 349 1435 1483 1523; baseline -0.004 -18"><span class='ocrx_word' id='word_1_77' title='bbox 349 1439 447 1507; x_wconf 91' lang='lat' dir='ltr'>tionis</span> <span class='ocrx_word' id='word_1_78' title='bbox 463 1457 561 1523; x_wconf 89' lang='lat' dir='ltr'>super</span> <span class='ocrx_word' id='word_1_79' title='bbox 576 1438 637 1504; x_wconf 90' lang='lat' dir='ltr'>hoc</span> <span class='ocrx_word' id='word_1_80' title='bbox 653 1457 674 1501; x_wconf 90' lang='lat' dir='ltr'>a</span> <span class='ocrx_word' id='word_1_81' title='bbox 690 1436 998 1520; x_wconf 75' lang='lat' dir='ltr'>praedecessoribus</span> <span class='ocrx_word' id='word_1_82' title='bbox 1014 1438 1133 1504; x_wconf 92' lang='lat' dir='ltr'>nostris</span> <span class='ocrx_word' id='word_1_83' title='bbox 1149 1438 1268 1520; x_wconf 87' lang='lat' dir='ltr'>editae,</span> <span class='ocrx_word' id='word_1_84' title='bbox 1284 1435 1483 1523; x_wconf 85' lang='lat' dir='ltr'>Apostolica</span> 
     </span>
     <span class='ocr_line' id='line_1_12' title="bbox 349 1544 1483 1633; baseline -0.004 -20"><span class='ocrx_word' id='word_1_85' title='bbox 349 1547 547 1633; x_wconf 87' lang='lat' dir='ltr'>protectione</span> <span class='ocrx_word' id='word_1_86' title='bbox 562 1545 738 1630; x_wconf 75' lang='lat' dir='ltr'>gauderet,</span> <span class='ocrx_word' id='word_1_87' title='bbox 763 1546 840 1627; x_wconf 85' lang='lat' dir='ltr'>quia</span> <span class='ocrx_word' id='word_1_88' title='bbox 855 1553 964 1612; x_wconf 89' lang='lat' dir='ltr'>tamen</span> <span class='ocrx_word' id='word_1_89' title='bbox 980 1546 1055 1630; x_wconf 88' lang='lat' dir='ltr'>plns</span> <span class='ocrx_word' id='word_1_90' title='bbox 1070 1546 1177 1611; x_wconf 90' lang='lat' dir='ltr'>timeri</span> <span class='ocrx_word' id='word_1_91' title='bbox 1193 1547 1286 1628; x_wconf 89' lang='lat' dir='ltr'>solet,</span> <span class='ocrx_word' id='word_1_92' title='bbox 1303 1544 1394 1628; x_wconf 87' lang='lat' dir='ltr'>quod</span> <span class='ocrx_word' id='word_1_93' title='bbox 1411 1563 1483 1628; x_wconf 82' lang='lat' dir='ltr'>spe</span> 
     </span>
     <span class='ocr_line' id='line_1_13' title="bbox 350 1653 1483 1740; baseline -0.004 -18"><span class='ocrx_word' id='word_1_94' title='bbox 350 1657 477 1722; x_wconf 86' lang='lat' dir='ltr'>cialiter</span> <span class='ocrx_word' id='word_1_95' title='bbox 497 1655 677 1740; x_wconf 88' lang='lat' dir='ltr'>pollicetur,</span> <span class='ocrx_word' id='word_1_96' title='bbox 703 1673 800 1737; x_wconf 90' lang='lat' dir='ltr'>quam</span> <span class='ocrx_word' id='word_1_97' title='bbox 821 1653 908 1736; x_wconf 85' lang='lat' dir='ltr'>quod</span> <span class='ocrx_word' id='word_1_98' title='bbox 934 1654 1130 1737; x_wconf 81' lang='lat' dir='ltr'>generaliter</span> <span class='ocrx_word' id='word_1_99' title='bbox 1154 1653 1355 1720; x_wconf 85' lang='lat' dir='ltr'>concluditur</span> <span class='ocrx_word' id='word_1_100' title='bbox 1384 1671 1483 1738; x_wconf 88' lang='lat' dir='ltr'>spon·</span> 
     </span>
     <span class='ocr_line' id='line_1_14' title="bbox 350 1759 1484 1847; baseline -0.005 -19"><span class='ocrx_word' id='word_1_101' title='bbox 350 1762 460 1844; x_wconf 89' lang='lat' dir='ltr'>sione,</span> <span class='ocrx_word' id='word_1_102' title='bbox 492 1761 703 1847; x_wconf 86' lang='lat' dir='ltr'>protectionis</span> <span class='ocrx_word' id='word_1_103' title='bbox 736 1765 867 1827; x_wconf 90' lang='lat' dir='ltr'>nostrae</span> <span class='ocrx_word' id='word_1_104' title='bbox 893 1760 1020 1826; x_wconf 87' lang='lat' dir='ltr'>litteras</span> <span class='ocrx_word' id='word_1_105' title='bbox 1051 1759 1236 1845; x_wconf 87' lang='lat' dir='ltr'>specialiter</span> <span class='ocrx_word' id='word_1_106' title='bbox 1263 1759 1418 1845; x_wconf 88' lang='lat' dir='ltr'>petierit,</span> <span class='ocrx_word' id='word_1_107' title='bbox 1451 1763 1484 1822; x_wconf 89' lang='lat' dir='ltr'>et</span> 
     </span>
     <span class='ocr_line' id='line_1_15' title="bbox 350 1865 1481 1952; baseline -0.004 -18"><span class='ocrx_word' id='word_1_108' title='bbox 350 1868 508 1952; x_wconf 86' lang='lat' dir='ltr'>receperit</span> <span class='ocrx_word' id='word_1_109' title='bbox 523 1866 566 1932; x_wconf 90' lang='lat' dir='ltr'>ad</span> <span class='ocrx_word' id='word_1_110' title='bbox 591 1867 771 1948; x_wconf 87' lang='lat' dir='ltr'>cautelam,</span> <span class='ocrx_word' id='word_1_111' title='bbox 800 1884 882 1948; x_wconf 84' lang='lat' dir='ltr'>quas</span> <span class='ocrx_word' id='word_1_112' title='bbox 899 1866 928 1930; x_wconf 92' lang='lat' dir='ltr'>ei</span> <span class='ocrx_word' id='word_1_113' title='bbox 946 1885 1005 1932; x_wconf 89' lang='lat' dir='ltr'>nec</span> <span class='ocrx_word' id='word_1_114' title='bbox 1020 1865 1201 1951; x_wconf 89' lang='lat' dir='ltr'>potuimus,</span> <span class='ocrx_word' id='word_1_115' title='bbox 1228 1883 1289 1931; x_wconf 89' lang='lat' dir='ltr'>nee</span> <span class='ocrx_word' id='word_1_116' title='bbox 1304 1865 1481 1931; x_wconf 90' lang='lat' dir='ltr'>debuimus</span> 
     </span>
     <span class='ocr_line' id='line_1_16' title="bbox 351 1971 1479 2059; baseline -0.003 -19"><span class='ocrx_word' id='word_1_117' title='bbox 351 1975 531 2058; x_wconf 83' lang='lat' dir='ltr'>denegare,</span> <span class='ocrx_word' id='word_1_118' title='bbox 559 1993 600 2038; x_wconf 88' lang='lat' dir='ltr'>ne</span> <span class='ocrx_word' id='word_1_119' title='bbox 615 1972 662 2037; x_wconf 94' lang='lat' dir='ltr'>illi</span> <span class='ocrx_word' id='word_1_120' title='bbox 680 1973 872 2038; x_wconf 85' lang='lat' dir='ltr'>subtrahere</span> <span class='ocrx_word' id='word_1_121' title='bbox 886 1971 1081 2057; x_wconf 89' lang='lat' dir='ltr'>videremur,</span> <span class='ocrx_word' id='word_1_122' title='bbox 1098 1975 1185 2057; x_wconf 90' lang='lat' dir='ltr'>quod</span> <span class='ocrx_word' id='word_1_123' title='bbox 1209 1974 1348 2059; x_wconf 83' lang='lat' dir='ltr'>signatis</span> <span class='ocrx_word' id='word_1_124' title='bbox 1376 1974 1479 2040; x_wconf 91' lang='lat' dir='ltr'>omni-</span> 
     </span>
     <span class='ocr_line' id='line_1_17' title="bbox 352 2077 1481 2166; baseline -0.001 -19"><span class='ocrx_word' id='word_1_125' title='bbox 352 2083 411 2148; x_wconf 90' lang='lat' dir='ltr'>bus</span> <span class='ocrx_word' id='word_1_126' title='bbox 437 2087 487 2145; x_wconf 90' lang='lat' dir='ltr'>est</span> <span class='ocrx_word' id='word_1_127' title='bbox 512 2078 680 2144; x_wconf 89' lang='lat' dir='ltr'>indultum.</span> <span class='ocrx_word' id='word_1_128' title='bbox 708 2077 880 2145; x_wconf 73' lang='lat' dir='ltr'>Credimus</span> <span class='ocrx_word' id='word_1_129' title='bbox 902 2081 999 2146; x_wconf 86' lang='lat' dir='ltr'>etiarn</span> <span class='ocrx_word' id='word_1_130' title='bbox 1016 2087 1048 2147; x_wconf 90' lang='lat' dir='ltr'>te</span> <span class='ocrx_word' id='word_1_131' title='bbox 1066 2083 1215 2166; x_wconf 89' lang='lat' dir='ltr'>novisse,</span> <span class='ocrx_word' id='word_1_132' title='bbox 1244 2081 1387 2164; x_wconf 87' lang='lat' dir='ltr'>qualiter</span> <span class='ocrx_word' id='word_1_133' title='bbox 1404 2102 1481 2146; x_wconf 93' lang='lat' dir='ltr'>nnn-</span> 
     </span>
     <span class='ocr_line' id='line_1_18' title="bbox 351 2186 1482 2273; baseline -0.001 -20"><span class='ocrx_word' id='word_1_134' title='bbox 351 2189 406 2254; x_wconf 89' lang='lat' dir='ltr'>tiis</span> <span class='ocrx_word' id='word_1_135' title='bbox 431 2187 514 2270; x_wconf 92' lang='lat' dir='ltr'>tuis,</span> <span class='ocrx_word' id='word_1_136' title='bbox 541 2186 596 2270; x_wconf 89' lang='lat' dir='ltr'>qui</span> <span class='ocrx_word' id='word_1_137' title='bbox 623 2186 666 2252; x_wconf 94' lang='lat' dir='ltr'>ad</span> <span class='ocrx_word' id='word_1_138' title='bbox 691 2186 810 2252; x_wconf 87' lang='lat' dir='ltr'>Sedem</span> <span class='ocrx_word' id='word_1_139' title='bbox 826 2187 1048 2273; x_wconf 86' lang='lat' dir='ltr'>Apostolicam</span> <span class='ocrx_word' id='word_1_140' title='bbox 1074 2209 1147 2254; x_wconf 91' lang='lat' dir='ltr'>cum</span> <span class='ocrx_word' id='word_1_141' title='bbox 1172 2187 1482 2273; x_wconf 76' lang='lat' dir='ltr'>crucesignatorum</span> 
     </span>
     <span class='ocr_line' id='line_1_19' title="bbox 352 2295 1524 2381; baseline -0.001 -20"><span class='ocrx_word' id='word_1_142' title='bbox 352 2295 473 2362; x_wconf 92' lang='lat' dir='ltr'>nuntiis</span> <span class='ocrx_word' id='word_1_143' title='bbox 489 2303 704 2379; x_wconf 88' lang='lat' dir='ltr'>accesserunt,</span> <span class='ocrx_word' id='word_1_144' title='bbox 722 2297 906 2381; x_wconf 89' lang='lat' dir='ltr'>petentibus</span> <span class='ocrx_word' id='word_1_145' title='bbox 929 2296 1099 2381; x_wconf 87' lang='lat' dir='ltr'>pactiones</span> <span class='ocrx_word' id='word_1_146' title='bbox 1112 2297 1200 2363; x_wconf 81' lang='lat' dir='ltr'>&#39;inter</span> <span class='ocrx_word' id='word_1_147' title='bbox 1215 2315 1274 2363; x_wconf 90' lang='lat' dir='ltr'>vos</span> <span class='ocrx_word' id='word_1_148' title='bbox 1291 2295 1393 2362; x_wconf 89' lang='lat' dir='ltr'>initas</span> <span class='ocrx_word' id='word_1_149' title='bbox 1411 2316 1480 2361; x_wconf 91' lang='lat' dir='ltr'>con·</span> <span class='ocrx_word' id='word_1_150' title='bbox 1522 2348 1524 2352; x_wconf 60' lang='grc'>,</span> 
     </span>
     <span class='ocr_line' id='line_1_20' title="bbox 352 2402 1481 2488; baseline -0.001 -18"><span class='ocrx_word' id='word_1_151' title='bbox 352 2402 483 2486; x_wconf 89' lang='lat' dir='ltr'>firmari,</span> <span class='ocrx_word' id='word_1_152' title='bbox 502 2408 534 2468; x_wconf 90' lang='lat' dir='ltr'>et</span> <span class='ocrx_word' id='word_1_153' title='bbox 550 2423 608 2488; x_wconf 88' lang='lat' dir='ltr'>per</span> <span class='ocrx_word' id='word_1_154' title='bbox 623 2423 679 2470; x_wconf 89' lang='lat' dir='ltr'>eos</span> <span class='ocrx_word' id='word_1_155' title='bbox 694 2404 764 2488; x_wconf 91' lang='lat' dir='ltr'>tibi,</span> <span class='ocrx_word' id='word_1_156' title='bbox 782 2409 815 2469; x_wconf 94' lang='lat' dir='ltr'>et</span> <span class='ocrx_word' id='word_1_157' title='bbox 830 2405 962 2470; x_wconf 88' lang='lat' dir='ltr'>Venetis</span> <span class='ocrx_word' id='word_1_158' title='bbox 989 2405 1176 2471; x_wconf 89' lang='lat' dir='ltr'>duxerimus</span> <span class='ocrx_word' id='word_1_159' title='bbox 1192 2403 1414 2488; x_wconf 90' lang='lat' dir='ltr'>inhibendum,</span> <span class='ocrx_word' id='word_1_160' title='bbox 1441 2423 1481 2469; x_wconf 89' lang='lat' dir='ltr'>ne</span> 
     </span>
     <span class='ocr_line' id='line_1_21' title="bbox 354 2511 1481 2598; baseline -0.001 -21"><span class='ocrx_word' id='word_1_161' title='bbox 354 2519 460 2577; x_wconf 88' lang='lat' dir='ltr'>terras</span> <span class='ocrx_word' id='word_1_162' title='bbox 475 2512 575 2593; x_wconf 83' lang='lat' dir='ltr'>Regis</span> <span class='ocrx_word' id='word_1_163' title='bbox 591 2511 694 2596; x_wconf 89' lang='lat' dir='ltr'>ipsius</span> <span class='ocrx_word' id='word_1_164' title='bbox 710 2512 915 2595; x_wconf 86' lang='lat' dir='ltr'>aliquatenus</span> <span class='ocrx_word' id='word_1_165' title='bbox 933 2511 1117 2580; x_wconf 83' lang='lat' dir='ltr'>laederetis.</span> <span class='ocrx_word' id='word_1_166' title='bbox 1134 2515 1280 2598; x_wconf 90' lang='lat' dir='ltr'>Insuper,</span> <span class='ocrx_word' id='word_1_167' title='bbox 1298 2517 1334 2576; x_wconf 94' lang='grc' dir='ltr'>ιιι</span> <span class='ocrx_word' id='word_1_168' title='bbox 1344 2511 1409 2577; x_wconf 90' lang='lat' dir='ltr'>iter</span> <span class='ocrx_word' id='word_1_169' title='bbox 1419 2512 1481 2577; x_wconf 91' lang='lat' dir='ltr'>Do-</span> 
     </span>
     <span class='ocr_line' id='line_1_22' title="bbox 355 2617 1481 2706; baseline 0 -23"><span class='ocrx_word' id='word_1_170' title='bbox 355 2619 434 2686; x_wconf 90' lang='lat' dir='ltr'>mini</span> <span class='ocrx_word' id='word_1_171' title='bbox 450 2619 540 2685; x_wconf 85' lang='lat' dir='ltr'>fieret</span> <span class='ocrx_word' id='word_1_172' title='bbox 555 2617 589 2684; x_wconf 90' lang='lat' dir='ltr'>in</span> <span class='ocrx_word' id='word_1_173' title='bbox 604 2617 728 2704; x_wconf 91' lang='lat' dir='ltr'>timore,</span> <span class='ocrx_word' id='word_1_174' title='bbox 746 2639 806 2685; x_wconf 88' lang='lat' dir='ltr'>nec</span> <span class='ocrx_word' id='word_1_175' title='bbox 816 2621 976 2687; x_wconf 90' lang='lat' dir='ltr'>modicum</span> <span class='ocrx_word' id='word_1_176' title='bbox 986 2619 1133 2686; x_wconf 84' lang='lat' dir='ltr'>fermenti</span> <span class='ocrx_word' id='word_1_177' title='bbox 1143 2625 1363 2706; x_wconf 87' lang='lat' dir='ltr'>corrumperet</span> <span class='ocrx_word' id='word_1_178' title='bbox 1379 2627 1481 2686; x_wconf 84' lang='lat' dir='ltr'>totam</span> 
     </span>
     <span class='ocr_line' id='line_1_23' title="bbox 355 2726 1471 2814; baseline -0.002 -22"><span class='ocrx_word' id='word_1_179' title='bbox 355 2747 508 2811; x_wconf 87' lang='lat' dir='ltr'>massam,</span> <span class='ocrx_word' id='word_1_180' title='bbox 526 2746 585 2810; x_wconf 91' lang='lat' dir='ltr'>per</span> <span class='ocrx_word' id='word_1_181' title='bbox 600 2726 725 2794; x_wconf 89' lang='lat' dir='ltr'>litteras</span> <span class='ocrx_word' id='word_1_182' title='bbox 742 2735 882 2814; x_wconf 87' lang='lat' dir='ltr'>nostras,</span> <span class='ocrx_word' id='word_1_183' title='bbox 900 2749 982 2814; x_wconf 88' lang='lat' dir='ltr'>quas</span> <span class='ocrx_word' id='word_1_184' title='bbox 999 2729 1041 2794; x_wconf 89' lang='lat' dir='ltr'>ad</span> <span class='ocrx_word' id='word_1_185' title='bbox 1059 2727 1256 2795; x_wconf 89' lang='lat' dir='ltr'>audientiam</span> <span class='ocrx_word' id='word_1_186' title='bbox 1270 2733 1360 2792; x_wconf 88' lang='lat' dir='ltr'>tuam</span> <span class='ocrx_word' id='word_1_187' title='bbox 1378 2735 1413 2794; x_wconf 85' lang='lat' dir='ltr'>et</span> <span class='ocrx_word' id='word_1_188' title='bbox 1425 2727 1471 2790; x_wconf 87' lang='lat' dir='ltr'>Vc</span> 
     </span>
     <span class='ocr_line' id='line_1_24' title="bbox 354 2833 1480 2920; baseline 0 -20"><span class='ocrx_word' id='word_1_189' title='bbox 354 2839 501 2900; x_wconf 91' lang='lat' dir='ltr'>netorum</span> <span class='ocrx_word' id='word_1_190' title='bbox 518 2833 679 2899; x_wconf 90' lang='lat' dir='ltr'>credimus</span> <span class='ocrx_word' id='word_1_191' title='bbox 693 2836 892 2920; x_wconf 88' lang='lat' dir='ltr'>pervenisse,</span> <span class='ocrx_word' id='word_1_192' title='bbox 919 2835 1102 2904; x_wconf 88' lang='lat' dir='ltr'>curavimus</span> <span class='ocrx_word' id='word_1_193' title='bbox 1128 2834 1304 2902; x_wconf 88' lang='lat' dir='ltr'>districtius</span> <span class='ocrx_word' id='word_1_194' title='bbox 1320 2833 1480 2914; x_wconf 88' lang='lat' dir='ltr'>inhibere,</span> 
     </span>
     <span class='ocr_line' id='line_1_25' title="bbox 355 2941 1480 3028; baseline -0.002 -23"><span class='ocrx_word' id='word_1_195' title='bbox 355 2962 397 3007; x_wconf 91' lang='lat' dir='ltr'>ne</span> <span class='ocrx_word' id='word_1_196' title='bbox 413 2947 517 3008; x_wconf 86' lang='lat' dir='ltr'>terras</span> <span class='ocrx_word' id='word_1_197' title='bbox 533 2941 789 3010; x_wconf 79' lang='lat' dir='ltr'>Christianorum</span> <span class='ocrx_word' id='word_1_198' title='bbox 806 2944 973 3028; x_wconf 89' lang='lat' dir='ltr'>invadere,</span> <span class='ocrx_word' id='word_1_199' title='bbox 995 2945 1047 3012; x_wconf 90' lang='lat' dir='ltr'>vel</span> <span class='ocrx_word' id='word_1_200' title='bbox 1062 2943 1194 3012; x_wconf 89' lang='lat' dir='ltr'>laedere</span> <span class='ocrx_word' id='word_1_201' title='bbox 1208 2943 1392 3025; x_wconf 86' lang='lat' dir='ltr'>tentaretis,</span> <span class='ocrx_word' id='word_1_202' title='bbox 1421 2941 1480 3006; x_wconf 91' lang='lat' dir='ltr'>nisi</span> 
     </span>
     <span class='ocr_line' id='line_1_26' title="bbox 356 3049 1480 3139; baseline 0 -25"><span class='ocrx_word' id='word_1_203' title='bbox 356 3049 408 3114; x_wconf 88' lang='lat' dir='ltr'>vel</span> <span class='ocrx_word' id='word_1_204' title='bbox 424 3049 488 3135; x_wconf 92' lang='lat' dir='ltr'>ipsi</span> <span class='ocrx_word' id='word_1_205' title='bbox 504 3055 646 3116; x_wconf 90' lang='lat' dir='ltr'>vestrum</span> <span class='ocrx_word' id='word_1_206' title='bbox 662 3051 723 3116; x_wconf 86' lang='lat' dir='ltr'>iter</span> <span class='ocrx_word' id='word_1_207' title='bbox 739 3053 890 3135; x_wconf 89' lang='lat' dir='ltr'>nequiter</span> <span class='ocrx_word' id='word_1_208' title='bbox 905 3053 1109 3139; x_wconf 90' lang='lat' dir='ltr'>impedirent,</span> <span class='ocrx_word' id='word_1_209' title='bbox 1127 3052 1179 3118; x_wconf 94' lang='lat' dir='ltr'>vel</span> <span class='ocrx_word' id='word_1_210' title='bbox 1195 3051 1262 3116; x_wconf 89' lang='lat' dir='ltr'>alia</span> <span class='ocrx_word' id='word_1_211' title='bbox 1273 3051 1365 3134; x_wconf 87' lang='lat' dir='ltr'>justa</span> <span class='ocrx_word' id='word_1_212' title='bbox 1382 3055 1417 3114; x_wconf 90' lang='lat' dir='ltr'>ct</span> <span class='ocrx_word' id='word_1_213' title='bbox 1432 3069 1480 3114; x_wconf 88' lang='lat' dir='ltr'>nc·</span> 
     </span>
     <span class='ocr_line' id='line_1_27' title="bbox 356 3158 1480 3247; baseline -0.001 -25"><span class='ocrx_word' id='word_1_214' title='bbox 356 3158 502 3228; x_wconf 89' lang='lat' dir='ltr'>cessaria</span> <span class='ocrx_word' id='word_1_215' title='bbox 517 3177 617 3224; x_wconf 87' lang='lat' dir='ltr'>causa</span> <span class='ocrx_word' id='word_1_216' title='bbox 632 3165 741 3225; x_wconf 89' lang='lat' dir='ltr'>tamen</span> <span class='ocrx_word' id='word_1_217' title='bbox 768 3171 960 3245; x_wconf 89' lang='lat' dir='ltr'>occurreret,</span> <span class='ocrx_word' id='word_1_218' title='bbox 986 3167 1232 3247; x_wconf 87' lang='lat' dir='ltr'>propterquam</span> <span class='ocrx_word' id='word_1_219' title='bbox 1256 3158 1347 3224; x_wconf 86' lang='lat' dir='ltr'>alind</span> <span class='ocrx_word' id='word_1_220' title='bbox 1371 3175 1480 3242; x_wconf 86' lang='lat' dir='ltr'>agere,</span> 
     </span>
     <span class='ocr_line' id='line_1_28' title="bbox 357 3262 1480 3352; baseline -0.004 -20"><span class='ocrx_word' id='word_1_221' title='bbox 357 3263 531 3332; x_wconf 86' lang='lat' dir='ltr'>accedente</span> <span class='ocrx_word' id='word_1_222' title='bbox 547 3265 682 3332; x_wconf 90' lang='lat' dir='ltr'>consilio</span> <span class='ocrx_word' id='word_1_223' title='bbox 698 3267 910 3352; x_wconf 70' lang='lat' dir='ltr'>apostolicae</span> <span class='ocrx_word' id='word_1_224' title='bbox 927 3266 1022 3332; x_wconf 88' lang='lat' dir='ltr'>Sedis</span> <span class='ocrx_word' id='word_1_225' title='bbox 1038 3268 1165 3352; x_wconf 80' lang='lat' dir='ltr'>Legati,</span> <span class='ocrx_word' id='word_1_226' title='bbox 1193 3265 1353 3351; x_wconf 85' lang='lat' dir='ltr'>possetis;</span> <span class='ocrx_word' id='word_1_227' title='bbox 1380 3264 1412 3330; x_wconf 90' lang='lat' dir='ltr'>si</span> <span class='ocrx_word' id='word_1_228' title='bbox 1428 3262 1480 3347; x_wconf 87' lang='lat' dir='ltr'>qni</span> 
     </span>
     <span class='ocr_line' id='line_1_29' title="bbox 358 3371 1480 3458; baseline -0.003 -20"><span class='ocrx_word' id='word_1_229' title='bbox 358 3380 465 3438; x_wconf 89' lang='lat' dir='ltr'>autern</span> <span class='ocrx_word' id='word_1_230' title='bbox 481 3376 595 3438; x_wconf 91' lang='lat' dir='ltr'>contra</span> <span class='ocrx_word' id='word_1_231' title='bbox 610 3379 864 3458; x_wconf 87' lang='lat' dir='ltr'>praesumerent,</span> <span class='ocrx_word' id='word_1_232' title='bbox 879 3393 915 3440; x_wconf 90' lang='lat' dir='ltr'>sc</span> <span class='ocrx_word' id='word_1_233' title='bbox 926 3374 1047 3441; x_wconf 89' lang='lat' dir='ltr'>scirent</span> <span class='ocrx_word' id='word_1_234' title='bbox 1056 3371 1402 3442; x_wconf 87' lang='lat' dir='ltr'>excommunicationis</span> <span class='ocrx_word' id='word_1_235' title='bbox 1417 3371 1480 3437; x_wconf 91' lang='lat' dir='ltr'>vin-</span> 
     </span>
     <span class='ocr_line' id='line_1_30' title="bbox 357 3477 1480 3565; baseline -0.002 -20"><span class='ocrx_word' id='word_1_236' title='bbox 357 3479 430 3545; x_wconf 91' lang='lat' dir='ltr'>culo</span> <span class='ocrx_word' id='word_1_237' title='bbox 446 3478 630 3562; x_wconf 89' lang='lat' dir='ltr'>innodatos,</span> <span class='ocrx_word' id='word_1_238' title='bbox 657 3485 689 3545; x_wconf 91' lang='lat' dir='ltr'>et</span> <span class='ocrx_word' id='word_1_239' title='bbox 704 3479 939 3565; x_wconf 82' lang='lat' dir='ltr'>indulgentiae,</span> <span class='ocrx_word' id='word_1_240' title='bbox 957 3501 1055 3565; x_wconf 85' lang='lat' dir='ltr'>qnam</span> <span class='ocrx_word' id='word_1_241' title='bbox 1070 3481 1173 3548; x_wconf 86' lang='lat' dir='ltr'>Sedes</span> <span class='ocrx_word' id='word_1_242' title='bbox 1189 3479 1380 3565; x_wconf 86' lang='lat' dir='ltr'>Apostolica</span> <span class='ocrx_word' id='word_1_243' title='bbox 1409 3477 1480 3544; x_wconf 82' lang='lat' dir='ltr'>Oru-</span> 
     </span>
     <span class='ocr_line' id='line_1_31' title="bbox 359 3586 1480 3673; baseline 0 -22"><span class='ocrx_word' id='word_1_244' title='bbox 359 3588 535 3670; x_wconf 86' lang='lat' dir='ltr'>cesignatis</span> <span class='ocrx_word' id='word_1_245' title='bbox 552 3586 706 3672; x_wconf 90' lang='lat' dir='ltr'>indulsit,</span> <span class='ocrx_word' id='word_1_246' title='bbox 733 3588 901 3656; x_wconf 91' lang='lat' dir='ltr'>immunes.</span> <span class='ocrx_word' id='word_1_247' title='bbox 928 3591 978 3655; x_wconf 84' lang='grc' dir='ltr'>Τιι</span> <span class='ocrx_word' id='word_1_248' title='bbox 994 3597 1104 3657; x_wconf 91' lang='lat' dir='ltr'>autem</span> <span class='ocrx_word' id='word_1_249' title='bbox 1125 3596 1158 3656; x_wconf 90' lang='lat' dir='ltr'>ct</span> <span class='ocrx_word' id='word_1_250' title='bbox 1173 3589 1221 3654; x_wconf 90' lang='lat' dir='ltr'>tui</span> <span class='ocrx_word' id='word_1_251' title='bbox 1231 3639 1240 3673; x_wconf 95' lang='lat'>,</span> <span class='ocrx_word' id='word_1_252' title='bbox 1265 3587 1417 3655; x_wconf 91' lang='lat' dir='ltr'>omnibns</span> <span class='ocrx_word' id='word_1_253' title='bbox 1432 3586 1480 3652; x_wconf 90' lang='lat' dir='ltr'>his</span> 
     </span>
     <span class='ocr_line' id='line_1_32' title="bbox 359 3693 1479 3783; baseline 0.001 -25"><span class='ocrx_word' id='word_1_254' title='bbox 359 3693 532 3779; x_wconf 89' lang='lat' dir='ltr'>despectis,</span> <span class='ocrx_word' id='word_1_255' title='bbox 550 3699 581 3759; x_wconf 89' lang='lat' dir='ltr'>ct</span> <span class='ocrx_word' id='word_1_256' title='bbox 591 3693 717 3778; x_wconf 83' lang='lat' dir='ltr'>Legato</span> <span class='ocrx_word' id='word_1_257' title='bbox 727 3703 837 3764; x_wconf 89' lang='lat' dir='ltr'>nostro</span> <span class='ocrx_word' id='word_1_258' title='bbox 848 3698 989 3783; x_wconf 90' lang='lat' dir='ltr'>repulso,</span> <span class='ocrx_word' id='word_1_259' title='bbox 1007 3705 1120 3765; x_wconf 87' lang='lat' dir='ltr'>contra</span> <span class='ocrx_word' id='word_1_260' title='bbox 1130 3699 1252 3780; x_wconf 86' lang='lat' dir='ltr'>Regem</span> <span class='ocrx_word' id='word_1_261' title='bbox 1262 3696 1368 3782; x_wconf 89' lang='lat' dir='ltr'>ipsum</span> <span class='ocrx_word' id='word_1_262' title='bbox 1377 3695 1479 3781; x_wconf 90' lang='lat' dir='ltr'>primo</span> 
     </span>
     <span class='ocr_line' id='line_1_33' title="bbox 358 3801 1479 3890; baseline -0.002 -24"><span class='ocrx_word' id='word_1_263' title='bbox 358 3802 514 3886; x_wconf 88' lang='lat' dir='ltr'>impetum</span> <span class='ocrx_word' id='word_1_264' title='bbox 529 3801 696 3888; x_wconf 85' lang='lat' dir='ltr'>facientes,</span> <span class='ocrx_word' id='word_1_265' title='bbox 716 3809 791 3869; x_wconf 89' lang='lat' dir='ltr'>ante</span> <span class='ocrx_word' id='word_1_266' title='bbox 801 3803 957 3870; x_wconf 87' lang='lat' dir='ltr'>Jaderam</span> <span class='ocrx_word' id='word_1_267' title='bbox 975 3805 1098 3890; x_wconf 90' lang='lat' dir='ltr'>primas</span> <span class='ocrx_word' id='word_1_268' title='bbox 1115 3805 1203 3871; x_wconf 88' lang='lat' dir='ltr'>acics</span> <span class='ocrx_word' id='word_1_269' title='bbox 1216 3803 1433 3890; x_wconf 82' lang='lat' dir='ltr'>expandistis,</span> <span class='ocrx_word' id='word_1_270' title='bbox 1449 3807 1479 3866; x_wconf 92' lang='lat' dir='ltr'>et</span> 
     </span>
     <span class='ocr_line' id='line_1_34' title="bbox 359 3907 1477 3998; baseline -0.002 -24"><span class='ocrx_word' id='word_1_271' title='bbox 359 3909 393 3974; x_wconf 92' lang='lat' dir='ltr'>in</span> <span class='ocrx_word' id='word_1_272' title='bbox 410 3907 566 3975; x_wconf 86' lang='lat' dir='ltr'>auxilinm</span> <span class='ocrx_word' id='word_1_273' title='bbox 591 3914 734 3976; x_wconf 90' lang='lat' dir='ltr'>vestmm</span> <span class='ocrx_word' id='word_1_274' title='bbox 750 3916 968 3978; x_wconf 88' lang='lat' dir='ltr'>convocantes</span> <span class='ocrx_word' id='word_1_275' title='bbox 992 3913 1169 3979; x_wconf 88' lang='lat' dir='ltr'>exereitum</span> <span class='ocrx_word' id='word_1_276' title='bbox 1195 3910 1376 3998; x_wconf 79' lang='lat' dir='ltr'>Gallorum,</span> <span class='ocrx_word' id='word_1_277' title='bbox 1403 3908 1477 3977; x_wconf 89' lang='lat' dir='ltr'>obti-</span> 
     </span>
     <span class='ocr_line' id='line_1_35' title="bbox 361 4016 1477 4106; baseline -0.001 -23"><span class='ocrx_word' id='word_1_278' title='bbox 361 4016 478 4083; x_wconf 92' lang='lat' dir='ltr'>nuistis</span> <span class='ocrx_word' id='word_1_279' title='bbox 494 4017 537 4083; x_wconf 86' lang='lat' dir='ltr'>ab</span> <span class='ocrx_word' id='word_1_280' title='bbox 553 4017 612 4102; x_wconf 89' lang='lat' dir='ltr'>cis,</span> <span class='ocrx_word' id='word_1_281' title='bbox 628 4023 665 4083; x_wconf 94' lang='lat' dir='ltr'>ut</span> <span class='ocrx_word' id='word_1_282' title='bbox 680 4019 799 4084; x_wconf 89' lang='lat' dir='ltr'>vestris</span> <span class='ocrx_word' id='word_1_283' title='bbox 815 4021 1043 4106; x_wconf 86' lang='lat' dir='ltr'>consentirent,</span> <span class='ocrx_word' id='word_1_284' title='bbox 1069 4026 1101 4087; x_wconf 90' lang='lat' dir='ltr'>ct</span> <span class='ocrx_word' id='word_1_285' title='bbox 1116 4039 1231 4086; x_wconf 90' lang='lat' dir='ltr'>manus</span> <span class='ocrx_word' id='word_1_286' title='bbox 1248 4037 1325 4084; x_wconf 89' lang='lat' dir='ltr'>snas</span> <span class='ocrx_word' id='word_1_287' title='bbox 1339 4018 1477 4083; x_wconf 86' lang='lat' dir='ltr'>fraterno</span> 
     </span>
     <span class='ocr_line' id='line_1_36' title="bbox 361 4124 1477 4213; baseline 0 -23"><span class='ocrx_word' id='word_1_288' title='bbox 361 4124 520 4208; x_wconf 83' lang='lat' dir='ltr'>sangnine</span> <span class='ocrx_word' id='word_1_289' title='bbox 535 4127 747 4192; x_wconf 84' lang='lat' dir='ltr'>macularent.</span> <span class='ocrx_word' id='word_1_290' title='bbox 776 4125 918 4212; x_wconf 81' lang='lat' dir='ltr'>Cepistis</span> <span class='ocrx_word' id='word_1_291' title='bbox 934 4129 1043 4213; x_wconf 79' lang='lat' dir='ltr'>igitur,</span> <span class='ocrx_word' id='word_1_292' title='bbox 1064 4135 1096 4194; x_wconf 91' lang='lat' dir='ltr'>et</span> <span class='ocrx_word' id='word_1_293' title='bbox 1111 4127 1277 4195; x_wconf 90' lang='lat' dir='ltr'>evertistis</span> <span class='ocrx_word' id='word_1_294' title='bbox 1290 4147 1348 4212; x_wconf 89' lang='lat' dir='ltr'>per</span> <span class='ocrx_word' id='word_1_295' title='bbox 1364 4127 1477 4192; x_wconf 86' lang='lat' dir='ltr'>violen-</span> 
     </span>
     <span class='ocr_line' id='line_1_37' title="bbox 359 4230 1478 4322; baseline 0 -26"><span class='ocrx_word' id='word_1_296' title='bbox 359 4231 438 4296; x_wconf 88' lang='lat' dir='ltr'>tiam</span> <span class='ocrx_word' id='word_1_297' title='bbox 453 4230 627 4314; x_wconf 88' lang='lat' dir='ltr'>civitatem,</span> <span class='ocrx_word' id='word_1_298' title='bbox 655 4232 860 4300; x_wconf 83' lang='lat' dir='ltr'>destruxistis</span> <span class='ocrx_word' id='word_1_299' title='bbox 877 4235 1041 4318; x_wconf 86' lang='lat' dir='ltr'>ecclesius,</span> <span class='ocrx_word' id='word_1_300' title='bbox 1060 4241 1092 4300; x_wconf 91' lang='lat' dir='ltr'>et</span> <span class='ocrx_word' id='word_1_301' title='bbox 1107 4233 1227 4300; x_wconf 86' lang='lat' dir='ltr'>altaria</span> <span class='ocrx_word' id='word_1_302' title='bbox 1242 4232 1433 4322; x_wconf 80' lang='lat' dir='ltr'>suffodistis,</span> <span class='ocrx_word' id='word_1_303' title='bbox 1449 4237 1478 4298; x_wconf 88' lang='lat' dir='ltr'>et</span> 
     </span>
     <span class='ocr_line' id='line_1_38' title="bbox 359 4337 1478 4426; baseline 0.002 -25"><span class='ocrx_word' id='word_1_304' title='bbox 359 4337 392 4402; x_wconf 91' lang='lat' dir='ltr'>in</span> <span class='ocrx_word' id='word_1_305' title='bbox 408 4337 548 4406; x_wconf 88' lang='lat' dir='ltr'>Divinae</span> <span class='ocrx_word' id='word_1_306' title='bbox 563 4341 745 4422; x_wconf 86' lang='lat' dir='ltr'>llujestatis</span> <span class='ocrx_word' id='word_1_307' title='bbox 773 4341 950 4426; x_wconf 82' lang='lat' dir='ltr'>offensam,</span> <span class='ocrx_word' id='word_1_308' title='bbox 979 4348 1011 4408; x_wconf 89' lang='lat' dir='ltr'>et</span> <span class='ocrx_word' id='word_1_309' title='bbox 1025 4341 1195 4408; x_wconf 82' lang='lat' dir='ltr'>Ecclesiae</span> <span class='ocrx_word' id='word_1_310' title='bbox 1218 4341 1387 4408; x_wconf 88' lang='lat' dir='ltr'>Romanae</span> <span class='ocrx_word' id='word_1_311' title='bbox 1410 4359 1478 4405; x_wconf 91' lang='lat' dir='ltr'>con·</span> 
     </span>
     <span class='ocr_line' id='line_1_39' title="bbox 361 4443 1477 4534; baseline -0.002 -24"><span class='ocrx_word' id='word_1_312' title='bbox 361 4450 528 4530; x_wconf 85' lang='lat' dir='ltr'>temptum,</span> <span class='ocrx_word' id='word_1_313' title='bbox 554 4447 762 4514; x_wconf 88' lang='lat' dir='ltr'>commisistis</span> <span class='ocrx_word' id='word_1_314' title='bbox 778 4448 904 4515; x_wconf 83' lang='lat' dir='ltr'>lacinus</span> <span class='ocrx_word' id='word_1_315' title='bbox 919 4451 990 4534; x_wconf 91' lang='lat' dir='ltr'>jam</span> <span class='ocrx_word' id='word_1_316' title='bbox 1005 4447 1165 4516; x_wconf 86' lang='lat' dir='ltr'>notorium</span> <span class='ocrx_word' id='word_1_317' title='bbox 1181 4464 1265 4533; x_wconf 89' lang='lat' dir='ltr'>pene</span> <span class='ocrx_word' id='word_1_318' title='bbox 1279 4447 1407 4533; x_wconf 88' lang='lat' dir='ltr'>penitus</span> <span class='ocrx_word' id='word_1_319' title='bbox 1423 4443 1477 4510; x_wconf 87' lang='lat' dir='ltr'>toti</span> 
     </span>
    </p>
   </div>
   <div class='ocr_carea' id='block_1_3' title="bbox 360 4551 1476 4652">
    <p class='ocr_par' dir='ltr' id='par_1_3' title="bbox 360 4551 1476 4652">
     <span class='ocr_line' id='line_1_40' title="bbox 360 4551 1476 4652; baseline 0.002 -32"><span class='ocrx_word' id='word_1_320' title='bbox 360 4551 488 4620; x_wconf 85' lang='lat' dir='ltr'>mundo.</span> <span class='ocrx_word' id='word_1_321' title='bbox 506 4553 579 4620; x_wconf 88' lang='lat' dir='ltr'>Non</span> <span class='ocrx_word' id='word_1_322' title='bbox 595 4554 681 4626; x_wconf 90' lang='lat' dir='ltr'>enim</span> <span class='ocrx_word' id='word_1_323' title='bbox 698 4575 824 4622; x_wconf 89' lang='lat' dir='ltr'>erucem</span> <span class='ocrx_word' id='word_1_324' title='bbox 841 4557 1038 4652; x_wconf 85' lang='lat' dir='ltr'>sumpsistis,</span> <span class='ocrx_word' id='word_1_325' title='bbox 1056 4561 1112 4622; x_wconf 88' lang='lat' dir='ltr'>aut</span> <span class='ocrx_word' id='word_1_326' title='bbox 1129 4575 1254 4630; x_wconf 81' lang='lat' dir='ltr'>sumere</span> <span class='ocrx_word' id='word_1_327' title='bbox 1274 4553 1430 4631; x_wconf 86' lang='lat' dir='ltr'>debuistis</span> <span class='ocrx_word' id='word_1_328' title='bbox 1446 4551 1476 4622; x_wconf 83' lang='lat' dir='ltr'>iu</span> 
     </span>
    </p>
   </div>
   <div class='ocr_carea' id='block_1_4' title="bbox 0 0 1618 5190">
    <p class='ocr_par' dir='ltr' id='par_1_4' title="bbox 0 0 1618 5190">
     <span class='ocr_line' id='line_1_41' title="bbox 0 0 1618 5190; baseline 0 0"><span class='ocrx_word' id='word_1_329' title='bbox 0 0 1618 5190; x_wconf 95' lang='lat' dir='ltr'> </span> 
     </span>
    </p>
   </div>
  </div>
 </body>
</html>
