3200 5182
634 937 711 1005 teu.

186 1118 217 1186 A
232 1117 383 1188 mosa
397 1119 473 1208 dopo
489 1121 520 1185 ds
535 1118 734 1186 modestiaet
752 1119 940 1186 buturoaato
957 1117 1040 1187 Arde
1059 1119 1153 1208 stipat

534 1231 691 1294 aadmdru.
707 1227 804 1294 1222.

219 1427 311 1495 Haeo
327 1431 402 1495 sunt
417 1425 660 1510 ordinamenta,
685 1444 769 1511 quae
794 1423 943 1492 dominus
959 1426 1034 1493 Dux
1050 1424 1159 1514 (Ziani
1173 1425 1231 1493 Pt-

105 1534 176 1626 ter)
192 1554 265 1603 oum
280 1535 398 1622 Majori
413 1543 508 1623 parte
531 1534 583 1602 sui
599 1533 735 1603 Consilii
750 1532 883 1602 Minoris
898 1538 931 1601 et
954 1534 1087 1620 majoris
1104 1533 1229 1603 datho

109 1645 255 1715 minibus
270 1643 368 1730 Arbi;
385 1643 517 1728 soiiioet,
535 1642 622 1726 quod
637 1641 765 1710 insulae
780 1641 905 1711 Coilnm
925 1648 957 1710 et
972 1643 1054 1710 Arte
1068 1662 1171 1729 usque
1187 1642 1230 1710 ad
1305 1665 1307 1670 ·

111 1759 188 1824 outo
204 1771 306 1820 annos
322 1751 388 1819 sint
413 1750 578 1818 hominnm
593 1749 694 1838 Arbi,
719 1757 753 1818 et
767 1748 829 1817 viri
843 1749 961 1818 nobilis
979 1749 1081 1819 biaroi
1095 1751 1232 1820 Mastro-

108 1860 196 1950 petri
212 1859 369 1929 Arbensis
391 1858 546 1944 Comitis;
572 1857 614 1926 de
636 1859 753 1944 quibus
777 1858 892 1927 insulis
917 1879 1020 1946 usque
1043 1858 1087 1927 ad
1111 1859 1231 1929 dietum

107 1969 284 2038 terminum
299 1967 459 2037 medietas
475 1965 518 2036 sit
534 1965 780 2037 communitatis
797 1967 838 2034 de
853 1968 953 2053 Atho,
979 1968 1153 2054 etreliqua
1168 1990 1231 2036 me-

110 2077 218 2147 dietas
236 2077 279 2146 eit
294 2075 429 2146 Comitis
445 2075 669 2164 suprasoripti,
697 2075 752 2162 qui
769 2074 885 2144 Comes
900 2077 1068 2145 Communi
1083 2075 1230 2144 Venetia·

113 2206 184 2253 rum
199 2205 258 2273 pro
275 2186 350 2274 ipsa
375 2183 550 2252 medietate
575 2183 683 2252 solvat
698 2183 732 2250 in
748 2203 859 2252 mense
874 2185 984 2252 Martii
1012 2184 1115 2252 libras
1130 2185 1231 2254 Vene·

111 2292 231 2388 tiamm
248 2291 458 2383 septuaginta
481 2293 624 2377 quinque
639 2291 818 2380 annuatim,
834 2297 867 2359 et
880 2290 1057 2360 Commune
1078 2290 1158 2360 Arbi
1172 2313 1231 2380 pro

112 2422 175 2470 sua
191 2401 367 2470 medietate
383 2401 490 2470 solvat
505 2399 653 2470 similiter
672 2401 839 2468 annuatim
849 2401 1017 2471 Communi
1026 2383 1232 2470 venetiarum

112 2511 268 2598 usquead
285 2511 391 2598 ipsum
403 2511 573 2578 terminum
589 2510 672 2578 alias
689 2509 791 2578 libras
804 2511 1013 2580 Venetiarum
1023 2511 1233 2598 septuaginta

109 2621 263 2706 quinque.
293 2617 417 2698 Quibus
433 2626 506 2688 ooto
533 2618 627 2685 annis
643 2618 812 2706 eompletis
837 2617 941 2686 dietus
958 2619 1085 2687 insulse
1100 2620 1232 2688 ueniant

110 2730 143 2796 in
163 2728 340 2798 Commune
356 2727 565 2797 venetiarum
581 2726 650 2795 sine
665 2725 753 2793 omni
768 2726 1033 2796 contradictione.
1061 2729 1111 2795 De
1126 2728 1246 2824 Nevo-¹

109 2839 157 2906 lia
183 2839 231 2905 sie
247 2837 375 2922 dieunt,
401 2837 488 2923 quod
514 2835 668 2923 quiequid
692 2834 768 2902 inde
791 2835 877 2904 olim
892 2836 994 2904 tenuit
1010 2835 1232 2905 Communitas

112 2946 195 3014 Arbi
211 2954 243 3014 et
259 2947 317 3014 iiiii
342 2945 477 3014 Comitis
500 2945 650 3032 Rogerii‚
675 2944 785 3012 veniat
809 2945 843 3011 in
868 2950 1030 3032 potestate
1054 2944 1232 3032 supradicti

112 3053 250 3123 Comitis
266 3051 347 3121 Arbi
370 3053 500 3122 nomine
523 3050 710 3121 Communis
726 3053 954 3138 Venetiam,
979 3051 1098 3138 etipse
1114 3051 1232 3121 Comes

109 3161 195 3230 iliud
220 3161 432 3248 intromittat,
459 3167 492 3230 et
507 3162 577 3248 ejus
603 3158 725 3229 reditus
741 3167 774 3228 et
796 3158 906 3230 omnia
930 3165 1040 3227 teneat
1063 3179 1231 3246 quousque

109 3270 209 3338 inerit
223 3271 387 3358 decisum,
413 3269 491 3356 quid
515 3269 595 3338 iuris
612 3267 788 3338 Commune
802 3267 1009 3336 Venetiamm
1032 3275 1064 3335 et
1079 3268 1137 3336 iiiii
1153 3268 1232 3337 dieti

109 3377 245 3464 Rogerii
270 3385 368 3466 atque
392 3377 614 3450 Communitas
631 3377 711 3446 Arbi
735 3379 770 3446 in
793 3376 915 3446 eisdem
940 3378 1083 3447 habeant
1107 3377 1158 3446 vel
1176 3379 1230 3445 ha-

111 3487 250 3554 buerint.
275 3489 325 3554 De
348 3487 444 3558 Petro
469 3488 591 3558 Bozola
615 3487 745 3572 dieunt,
772 3485 859 3571 qnod
883 3485 968 3553 infra
991 3485 1062 3553 dies
1086 3485 1230 3574 triginta,

110 3595 231 3680 quibus
247 3595 280 3662 in
297 3593 495 3664 insulaArbi
510 3595 704 3682 adjunxerit,
720 3593 762 3662 de
777 3597 852 3682 ipsa
868 3594 957 3662 exire
968 3594 1095 3682 debeat,
1113 3596 1230 3664 abinde

112 3704 145 3770 in
163 3709 261 3772 antea
275 3705 309 3771 in
325 3703 462 3774 eandem
478 3725 543 3773 non
558 3724 755 3790 reversurus,
781 3724 841 3772 neo
857 3705 901 3771 ad
916 3725 989 3772 eam
1005 3705 1047 3773 ad
1066 3705 1171 3773 minus
1187 3706 1230 3774 vi·

112 3812 195 3899 giuti
212 3811 353 3898 quinque
369 3813 523 3881 milliaria
548 3809 830 3900 adproximaturus
852 3832 953 3897 usque
968 3813 1012 3880 ad
1037 3834 1139 3883 annos
1155 3835 1231 3900 qua·

112 3928 207 4009 tuor;
235 3922 299 3990 nisi
314 3942 373 4012 per
397 3922 561 3989 licentiam
578 3919 700 3991 domini
711 3919 813 3988 Ducis
838 3927 870 3988 et
893 3921 1026 4008 majoris
1050 3922 1154 4009 partis
1179 3922 1230 3989 sui

113 4029 261 4115 Consilii,
277 4031 329 4096 vel
345 4050 403 4118 per
418 4029 583 4098 licentiam
598 4049 699 4116 supra
714 4027 827 4116 seripti
846 4026 980 4098 Comitis
994 4030 1086 4098 Arbi.
1111 4031 1230 4098 Diennt

115 4137 214 4206 etiam
225 4190 235 4223 ,
261 4138 348 4224 quod
363 4158 474 4206 omnes
498 4137 565 4224 iili,
590 4137 646 4222 qui
661 4143 826 4223 tempore,
853 4155 916 4222 quo
943 4135 1090 4204 dominus
1114 4139 1230 4206 Petrus

113 4247 209 4314 Ziani
224 4247 434 4316 venetiarum
459 4245 535 4313 Dux
559 4247 695 4332 regebat
711 4244 906 4312 Comitatum
929 4245 1010 4312 Arbi
1025 4245 1141 4315 Comes
1166 4245 1229 4314 exi·

113 4364 215 4442 stens,
232 4362 324 4424 erant
339 4354 402 4422 sibi
418 4354 612 4440 reddentes,
638 4353 685 4422 sio
701 4353 741 4421 de
757 4358 862 4422 eutero
882 4350 968 4424 dieto
984 4351 1102 4420 Comiti
1119 4355 1230 4423 Marco

114 4463 328 4551 Mastropetro
345 4459 480 4531 reddere
496 4468 685 4549 teneantnr3
702 4461 855 4530 videlieet
870 4467 930 4529 ete.
941 4467 1001 4528 eto.
1019 4461 1230 4550 (idvetkenik

114 4593 135 4639 a
147 4572 356 4657 jbvedelmek
368 4569 555 4660 jegyztke.)
572 4573 652 4638 Item
668 4571 697 4638 si
712 4569 811 4638 uliam
825 4571 1071 4640 conventionem
1086 4572 1231 4640 fecerunt

114 4684 169 4750 uei
184 4681 320 4748 fecerint
336 4681 406 4748 sine
422 4678 546 4748 Comite
572 4679 623 4747 vei
639 4701 697 4746 suo
715 4679 833 4766 misso,
859 4681 938 4750 nibil
955 4681 1065 4748 valere
1079 4681 1229 4752 debeant.
