3200 5182
804 330 957 429 „fil-⁰..

315 536 435 596 temam
451 530 496 595 ad
520 522 617 594 XHlI
633 533 754 611 aratra,
783 527 900 593 silvam
924 527 1018 609 qaasi
1034 525 1059 591 O
1078 526 1202 609 ingena,
1227 524 1339 590 saneta
1353 521 1453 604 satin,

315 645 435 720 stagna
450 636 485 702 in
509 636 614 702 tribus
639 635 730 703 locis.
755 637 802 702 In
825 635 941 700 villa
965 635 1051 699 Bev
1074 633 1156 700 XIII
1177 632 1365 699 mansiones
1391 650 1452 695 ex-

314 743 418 830 ceptis
434 743 581 831 paruulis
597 749 629 809 et
645 741 828 822 iuvenibus,
846 749 967 808 terram
983 740 1026 806 ad
1043 741 1092 806 ΙΙΙ
1108 745 1227 824 aratra,
1248 739 1392 805 lenetnm
1408 738 1451 802 in

317 852 381 919 1111
396 851 487 935 lucin,
505 851 642 918 silvasL
657 850 784 934 iugera.
804 849 850 915 ln
873 849 989 915 villa
1006 849 1208 934 Oztupau
1224 847 1337 914 XXXI
1353 867 1452 912 man-

318 960 438 1042 siones,
456 967 575 1026 terram
591 958 635 1024 ad
651 959 679 1022 V
695 965 815 1040 aratra,
832 957 972 1024 leuetum
989 955 1083 1042 quani
1099 957 1130 1022 X
1146 957 1269 1040 iugera,
1290 955 1395 1020 silvas
1413 955 1456 1018 in

318 1065 423 1132 tribus
435 1067 514 1132 locis
525 1067 618 1150 quasi
629 1066 754 1134 XXXV
770 1067 894 1150 iugera.
919 1065 965 1130 In
989 1064 1106 1130 villa
1129 1063 1245 1142 Quer
1268 1070 1305 1128 el
1327 1061 1456 1127 Rard

321 1175 368 1240 XI
394 1175 580 1242 mansiones
609 1173 755 1260 exceptis
779 1174 926 1259 parvulis
943 1179 975 1238 et
999 1171 1181 1256 iuvenibus,
1206 1177 1326 1236 terram
1353 1169 1398 1234 ad
1420 1171 1456 1232 V

320 1281 442 1368 iugera,
469 1281 611 1348 lenelnm
636 1281 679 1347 ad
696 1283 792 1349 XXX
817 1283 940 1365 iugera,
969 1281 1138 1366 incaepta
1162 1279 1366 1361 adalascia,
1394 1277 1455 1342 sil-

322 1407 382 1453 vas
398 1389 492 1471 qnasi
503 1389 565 1454 XX
576 1391 707 1474 jugera.
728 1391 773 1454 In
797 1389 913 1454 villa
928 1389 1006 1452 Pal
1015 1407 1100 1472 yan
1116 1387 1181 1454 XX
1190 1388 1376 1454 mansiones
1392 1405 1453 1449 ex-

322 1496 425 1582 ceptis
451 1497 597 1582 parvulis
623 1504 654 1562 et
670 1497 861 1580 iuvenibus5
888 1503 1006 1562 lernam
1033 1494 1077 1559 ad
1093 1495 1141 1560 ΙΠ
1157 1505 1276 1576 aratra,
1303 1495 1454 1559 lenetnm

322 1601 415 1684 quasi
432 1603 528 1670 XXX
545 1605 669 1688 iugera,
697 1611 815 1687 stagna
830 1605 863 1669 in
880 1603 983 1670 tribua
998 1603 1079 1670 loeis
1106 1603 1288 1668 eommunia
1305 1621 1379 1667 unm
1393 1603 1455 1668 Se·

323 1709 393 1792 bus,
409 1710 511 1776 silvas
527 1711 621 1794 quasi
638 1710 663 1776 C
680 1712 803 1795 iugera.
834 1712 987 1777 Preterea
1001 1711 1148 1776 Ecclesia
1167 1710 1267 1776 habel
1281 1707 1454 1792 quandam

322 1823 452 1904 terram,
480 1837 543 1902 que
562 1825 696 1883 vocatur
721 1819 817 1901 luka,
843 1818 1093 1902 circumquaque
1118 1825 1280 1899 metatam,
1305 1817 1453 1882 sanetum

324 1923 548 2009 sufficientem,
565 1925 639 1992 loca
655 1933 735 2011 apta
753 1926 795 1992 ad
812 1931 930 2009 stagna
946 1933 979 1992 et
995 1925 1038 1991 ad
1055 1926 1252 2008 molendina,
1279 1925 1381 1991 silvas
1399 1945 1453 1990 sa-

323 2034 376 2116 tis,
401 2033 442 2098 de
458 2036 638 2118 quantitate
654 2035 823 2101 cerliliuari
837 2055 902 2100 nun
918 2035 1090 2120 potuimus
1114 2035 1192 2118 quia
1210 2033 1326 2100 incolis
1346 2041 1451 2099 earet.

324 2140 372 2204 In
396 2141 512 2206 villa
529 2141 705 2207 Xulked
720 2141 785 2207 XX
795 2142 989 2226 mansiones,
1001 2147 1123 2207 terram
1134 2140 1178 2206 ad
1188 2141 1252 2207 Xll
1270 2149 1390 2224 aratra,
1408 2140 1454 2206 le-

324 2257 434 2315 netum
449 2269 521 2315 cum
537 2250 731 2316 arundineto
748 2251 841 2333 quasi
852 2251 911 2316 XL
926 2252 1049 2338 iugera,
1067 2259 1218 2335 stagnum
1235 2250 1267 2314 in
1286 2252 1301 2315 I
1318 2251 1401 2332 loco,
1418 2259 1453 2315 et

324 2356 431 2421 laeum
458 2357 502 2422 ad
525 2357 763 2444 molendinum,
797 2359 913 2424 silvam
939 2360 1031 2441 quasi
1057 2360 1083 2423 L
1108 2358 1231 2441 iugera.
1265 2360 1311 2423 In
1334 2359 1454 2423 villa

326 2462 441 2528 Tord
464 2461 558 2528 XXV
577 2465 762 2531 mansiones
786 2466 931 2553 exceptis
956 2466 1104 2552 paruulis
1129 2474 1162 2533 el
1181 2468 1365 2552 iuvenibus,
1391 2474 1455 2532 ter-

325 2589 396 2634 ram
411 2569 455 2636 ad
471 2572 520 2637 III
536 2578 656 2656 aratra,
674 2574 816 2639 lenetum
832 2577 896 2642 XX
913 2575 1037 2660 iugera,
1053 2575 1168 2641 vineas
1178 2575 1237 2641 XL
1252 2579 1368 2661 cultas,
1385 2577 1453 2641 XX

326 2697 391 2744 non
407 2680 523 2765 cultas,
539 2681 642 2747 silvas
654 2683 718 2748 XX
735 2685 860 2768 iugera.
885 2683 931 2748 ln
954 2683 1072 2749 villa
1095 2685 1180 2748 'Pur
1195 2685 1293 2749 XXII
1314 2683 1454 2750 mannic-

327 2806 386 2853 nes
402 2787 547 2875 exceptis
563 2791 709 2875 paruulis
726 2797 757 2856 et
774 2789 957 2874 iuvenibus,
974 2798 1093 2857 terram
1110 2790 1153 2856 ad
1165 2792 1214 2856 ΙΙΙ
1230 2798 1349 2875 aratra,
1367 2789 1454 2856 lene·

326 2902 395 2961 tum
410 2897 470 2961 XL
485 2897 642 2983 iugerum,
659 2900 773 2964 vineas
788 2900 847 2965 XL
864 2899 979 2982 cultas,
1005 2899 1108 2966 silva's
1126 2899 1219 2984 quasi
1236 2901 1299 2966 XX
1316 2899 1453 2984 ingera3

326 3008 475 3090 preterea
500 3024 576 3073 vero
601 3006 803 3091 yobagioncs
819 3007 967 3073 Ecclenie
983 3008 1089 3074 Butba
1114 3013 1146 3073 et
1164 3006 1306 3092 lbrabyn
1332 3008 1455 3073 babent

327 3110 448 3177 ibidem
465 3111 579 3179 vincas
595 3113 628 3178 in
645 3115 676 3178 II
692 3114 784 3180 lonis.
811 3115 963 3180 Preterea
977 3114 1093 3179 Petrus
1109 3115 1262 3179 Deuanus
1278 3115 1377 3180 babel
1392 3123 1456 3182 ter-

327 3237 397 3284 ram
413 3218 456 3284 ad
473 3219 570 3286 XXX
585 3221 699 3305 iugera
717 3221 848 3305 ibidem,
866 3222 978 3288 uineas
996 3221 1142 3304 tolidem,
1167 3220 1309 3288 fenetum
1325 3223 1391 3288 lIIl
1408 3223 1454 3288 iu-

328 3347 418 3410 gera,
444 3329 546 3394 silvas
570 3331 665 3412 qnasi
681 3331 746 3395 XII
771 3331 895 3413 iugera,
920 3335 952 3395 et
975 3330 1039 3396 duo
1068 3310 1242 3416 mancipia.
1267 3332 1313 3395 ln
1334 3331 1456 3397 villa

328 3431 488 3501 (lamas
520 3439 753 3522 superiori
777 3437 863 3505 idem
887 3437 1048 3503 Ibracbim
1075 3438 1213 3504 habeti
1238 3437 1381 3504 vineam.
1406 3437 1455 3504 In

328 3543 446 3608 villa
468 3543 540 3627 Wy
551 3563 567 3608 s
578 3545 625 3609 cb
650 3551 701 3610 est
716 3565 782 3609 una
797 3545 928 3610 interra
945 3545 1029 3610 adX
1046 3545 1169 3628 iugera,
1184 3545 1371 3611 leuetumiu
1388 3567 1453 3613 uno

327 3648 409 3730 lucc,
426 3648 597 3715 vineeIIII
612 3653 707 3734 culte,
719 3652 839 3719 inculte
852 3654 894 3736 II,
915 3653 1000 3718 silva
1012 3652 1055 3717 ad
1071 3652 1102 3718 II
1118 3653 1244 3736 iugera.
1264 3655 1312 3719 In
1336 3654 1456 3718 villa

326 3755 676 3827 FerVIIImaneicnes
685 3763 830 3847 excepIIs
838 3762 985 3847 paruulis
993 3769 1024 3827 et
1033 3763 1214 3847 iuvenibus,
1221 3769 1342 3828 terram
1353 3762 1455 3827 babet

327 3863 371 3929 ad
385 3865 414 3930 V
429 3869 550 3948 aratra,
568 3866 711 3934 senatum
728 3870 792 3935 XII
808 3869 933 3954 iugera,
957 3868 1071 3935 vineas
1086 3870 1163 3936 XIV
1180 3869 1296 3952 cullas,
1314 3870 1454 3935 inculcas

328 3974 370 4055 X,
396 3973 498 4040 silvas
524 3974 617 4057 quasi
643 3977 776 4042 XXIIII
800 3975 924 4060 iugera.
956 3979 1001 4042 In
1025 3977 1143 4042 villa
1166 3975 1383 4062 beopok
1407 3977 1455 4042 III

329 4083 525 4166 mansiones,
542 4091 628 4149 terra
644 4084 671 4148 L
686 4085 844 4170 iugerum,
861 4085 954 4150 vinee
969 4086 1045 4150 IIII.
1070 4087 1117 4149 In
1141 4083 1256 4150 villa
1280 4083 1371 4150 Rad
1395 4083 1455 4148 XV

329 4192 525 4274 mansiones,
541 4197 630 4258 terra
647 4191 690 4256 ad
702 4193 734 4258 II
750 4200 868 4276 aratra,
886 4191 1029 4258 fanetum
1040 4191 1073 4257 iu
1090 4194 1121 4258 X
1138 4190 1230 4273 lucis,
1247 4191 1342 4257 vinee
1358 4191 1454 4256 XXX

329 4301 424 4382 culte,
455 4305 487 4365 et
502 4298 622 4364 ineulbe
641 4299 787 4385 tolidem,
814 4301 897 4368 silve
922 4299 1017 4384 quasi
1032 4301 1130 4366 XXX
1149 4299 1272 4382 iugera.
1299 4299 1456 4366 Preterea

328 4411 394 4472 tres
404 4405 600 4488 jobagicnes
616 4405 764 4473 Ecclesic
790 4407 912 4475 habent
928 4405 1048 4473 ibidem
1065 4415 1184 4475 terram
1206 4402 1249 4470 ad
1267 4405 1314 4470 lli
1331 4415 1455 4489 aratra,

328 4513 512 4579 lenetnmX
529 4515 686 4597 iugerum,
704 4517 817 4581 vineas
827 4516 889 4581 XV
905 4515 1021 4598 cullas,
1038 4514 1179 4578 incultas
1195 4513 1271 4595 1111,
1289 4513 1408 4579 silvam
1426 4515 1457 4577 II

329 4621 486 4712 iugerum.
512 4621 603 4692 Unus
619 4623 723 4696 eciam
750 4603 859 4696 eurum
882 4623 1013 4691 nomine
1029 4621 1146 4690 Gallus
1173 4621 1273 4688 babel
1288 4628 1410 4686 terram
1425 4619 1457 4684 in
