3268 5194
922 335 950 428 2

380 557 452 602 cum
469 533 706 617 venationibus,
724 531 887 614 curtibus,
905 529 1140 615 piscationibus
1150 579 1159 612 ,
1186 527 1219 596 id
1236 535 1286 593 est
1302 527 1343 592 ab
1369 525 1510 591 ecclesia

378 646 491 711 Sancti
515 641 665 724 Martini,
691 658 775 722 quae
799 639 933 722 respicit
957 643 1070 703 contra
1093 634 1302 702 monticulum
1327 635 1380 716 qui
1408 631 1508 715 vulgo

380 752 557 818 Noehstein
573 753 777 832 nuncupatur
786 795 794 830 ,
817 764 944 811 sursum
960 765 1000 811 ex
1015 750 1151 826 utraque
1166 748 1260 827 parte
1276 738 1509 806 1111111111ἰεῦ11-

380 862 426 926 ris
442 859 618 941 nominato,
645 873 747 938 usque
763 854 796 919 111
812 852 950 918 riuulum
967 850 1227 936 Quartiuespach
1243 857 1275 914 et
1290 847 1509 914 Retilinstein.

381 1006 425 1016 -
442 1005 485 1016 —
501 966 638 1048 Insuper
662 959 820 1026 tradimus
845 967 943 1042 atque
958 959 1123 1024 firmamus
1147 959 1265 1024 Sancto
1285 955 1509 1023 Maximiliano

382 1113 425 1124 -
441 1112 484 1122 -
497 1073 589 1137 —in
605 1069 787 1152 aquilonari
800 1073 893 1152 parte
910 1066 980 1132 fluit
996 1067 1029 1132 in
1049 1065 1250 1152 praedictum
1260 1063 1391 1148 flumen,
1411 1069 1510 1145 atque

380 1182 503 1248 riuulus
519 1177 668 1244 Gastuna
683 1177 717 1242 in
733 1172 869 1240 australi
895 1180 998 1258 parte.
1015 1172 1152 1258 Insuper
1168 1174 1268 1238 etiam
1282 1169 1447 1236 firmamus
1464 1167 1509 1234 ad

380 1289 563 1375 praefatum
578 1281 809 1350 monasterium
824 1279 1044 1346 Juvavensem
1061 1279 1216 1346 forestum
1232 1299 1253 1343 a
1271 1277 1426 1361 termino,
1452 1277 1509 1360 qui

381 1400 415 1463 in
430 1396 584 1461 Pisoncia
598 1391 722 1475 incipit,
739 1390 801 1455 hoc
817 1395 867 1453 ost
882 1387 924 1453 dc
940 1387 1044 1454 riuulo
1061 1386 1240 1472 Erilipaoh,
1259 1404 1361 1468 usquc
1377 1384 1420 1450 ad
1435 1405 1509 1450 acu-

381 1512 450 1570 tum
466 1507 617 1584 montem,
633 1497 688 1581 qni
705 1495 1082 1562 diotisoeWassinbcreh
1093 1495 1220 1576 dicitur,
1241 1493 1509 1578 propelscalam;

382 1612 415 1676 111
431 1609 488 1675 illo
504 1609 595 1690 loco,
621 1605 675 1672 ubi
691 1603 847 1670 terminus
862 1601 992 1670 forestis
1008 1603 1172 1687 Rapotoni
1188 1601 1323 1668 Comitis
1335 1621 1372 1668 se
1387 1601 1429 1666 ab
1444 1600 1510 1666 isto

382 1717 549 1802 disjungit,
575 1720 608 1779 ct
624 1715 657 1778 in
673 1709 855 1794 aquilonari
871 1716 964 1794 parte
981 1708 1021 1774 de
1037 1709 1142 1775 riuulo
1161 1709 1391 1794 Tinuilinpaoh
1408 1725 1510 1792 usque

381 1827 415 1892 in
431 1823 650 1890 summitatem
675 1820 794 1888 montis
819 1817 996 1885 Oirvancus
1022 1819 1197 1902 nominati,
1223 1825 1256 1886 et
1275 1819 1316 1884 de
1327 1819 1398 1903 jam
1423 1817 1509 1882 dicto

383 1939 490 1999 monte
511 1927 742 1994 Wassinberch
770 1944 872 2010 usque
897 1925 940 1991 ad
965 1925 1148 2010 praefatum
1173 1926 1381 1992 monticulum
1405 1926 1510 1992 Noch-

382 2041 476 2122 stein,
502 2036 560 2102 illa
576 2041 732 2102 montana
757 2034 884 2116 omnia,
917 2052 1000 2116 quae
1025 2033 1058 2098 in
1083 2040 1246 2118 potestate
1269 2041 1510 2101 antecessorum

382 2151 565 2212 nostrorum
590 2141 720 2208 luerunt
735 2149 768 2208 et
783 2147 904 2225 nostra,
930 2140 973 2206 ad
988 2141 1055 2207 iarn
1070 2141 1191 2208 dictum
1216 2142 1444 2209 monasterium
1460 2142 1510 2208 fir-

382 2270 519 2318 mamus.
546 2247 677 2318 (lurtem
692 2269 819 2336 quoque
836 2249 879 2315 ad
895 2249 1134 2332 Pisoofesdors,
1160 2269 1230 2314 cum
1251 2251 1399 2317 omnibus
1424 2251 1509 2316 iuste

383 2357 426 2424 ad
441 2357 577 2424 eandem
603 2363 725 2422 curtem
750 2357 1005 2442 pcrtinentibus,
1033 2364 1130 2440 atque
1155 2359 1368 2441 piscationem
1385 2360 1420 2425 iu
1436 2359 1510 2424 lacn

382 2465 501 2532 Atarse
526 2463 686 2546 vocitato,
714 2464 785 2530 sine
810 2463 949 2531 alicuius
970 2463 1109 2530 hominis
1134 2463 1408 2550 contradictione,
1433 2465 1510 2533 illos

381 2571 545 2654 quondam
569 2569 754 2655 praediotos
780 2573 845 2637 ΧΗ
861 2571 1007 2655 privatos
1026 2577 1169 2654 tractus,
1196 2573 1279 2637 sicut
1304 2571 1509 2638 dominicalis

382 2689 468 2748 terra
484 2699 519 2746 se
535 2677 579 2743 ad
594 2678 805 2763 Paumgartin
822 2679 894 2763 ipso
910 2679 982 2744 lacu
1001 2679 1159 2764 adjungit,
1177 2680 1247 2746 sine
1267 2679 1334 2746 alia
1348 2683 1510 2747 communi

383 2786 563 2872 piscatione
573 2785 607 2850 in
622 2783 741 2852 Atarse
751 2783 794 2849 ad
810 2784 952 2851 Atarhof
957 2786 1141 2869 pertinenti,
1163 2784 1205 2852 de
1214 2793 1377 2871 potestate
1386 2795 1509 2854 nostra.

381 2895 565 2960 Firmemus
580 2894 680 2958 etiarn
696 2892 777 2956 istas
794 2897 899 2956 curtes
916 2890 949 2955 in
965 2893 1142 2977 proprium,
1166 2911 1251 2976 quae
1267 2899 1366 2960 antea
1380 2894 1459 2961 inibi
1475 2895 1511 2960 111

382 3000 574 3068 beneficium
589 3000 727 3080 fuerunt,
745 2998 814 3064 sive
831 3015 871 3062 ex
888 3004 980 3082 parte
996 3007 1238 3067 antecessorum
1258 3009 1441 3068 nostrornm
1457 3003 1511 3074 vel

382 3115 512 3192 nostra,
539 3108 609 3174 sive
625 3127 666 3174 ex
683 3106 817 3174 alterins
834 3105 1005 3172 cuiuslibet
1024 3115 1118 3192 parte
1134 3109 1180 3175 ibi
1195 3115 1293 3176 antea
1318 3111 1512 3176 beneficiata

381 3215 538 3300 luissent,
565 3235 699 3298 quamn
716 3214 776 3280 heo
792 3219 867 3278 sunt
884 3215 1034 3279 nomina:
1058 3215 1110 3281 Ad
1124 3214 1326 3283 Scalaraleld
1341 3225 1462 3284 curtem
1478 3227 1512 3285 et

383 3322 578 3391 aecclesiam
593 3343 666 3389 cum
682 3322 818 3404 decima,
836 3329 869 3388 et
884 3323 968 3389 siout
978 3321 1032 3388 ille
1049 3324 1203 3390 terminus
1213 3325 1247 3390 in
1262 3327 1400 3392 australi
1416 3335 1510 3411 parte

381 3429 514 3515 incipit,
544 3430 600 3512 qni
615 3429 782 3514 Wagreini
807 3429 925 3496 dicitnr
940 3429 1025 3495 ultra
1050 3431 1175 3515 lpisam
1186 3482 1194 3515 ,
1222 3439 1254 3498 et
1270 3434 1303 3498 111
1318 3433 1512 3501 occidentali

383 3537 575 3619 usquedum
591 3538 727 3621 ducitur,
744 3537 798 3604 ubi
815 3537 917 3605 Urala
933 3537 1152 3606 sedimittitin
1168 3539 1351 3623 praelatum
1372 3560 1511 3607 amnem.

385 3643 428 3707 Et
444 3644 597 3726 quicquid
613 3645 646 3717 in
662 3645 834 3729 origentali
846 3653 939 3731 parte
950 3648 1020 3731 jam
1037 3647 1116 3714 dieti
1131 3648 1273 3714 fluminis
1293 3649 1412 3716 habere
1427 3649 1515 3716 vide-

382 3768 462 3830 mur,
481 3768 538 3833 pcr
554 3756 658 3816 totum
671 3751 828 3818 tradimus
844 3753 887 3818 ad
903 3755 1104 3838 praedictum
1121 3757 1370 3841 monasterium
1397 3777 1511 3843 exeep-

381 3856 424 3922 tis
441 3855 566 3922 duobus
582 3857 810 3942 piscatoribus,
830 3879 902 3925 cnm
918 3881 1028 3928 corum
1043 3863 1170 3930 ruribus
1185 3865 1219 3930 in
1236 3865 1417 3948 aquilonari
1440 3885 1513 3951 par-

379 3971 423 4030 te.
440 3963 493 4030 Ad
507 3963 715 4048 Magilicham
729 3965 860 4032 tertiam
875 3975 1000 4052 partem
1011 3970 1165 4058 civitatis,
1182 3980 1215 4039 et
1230 3972 1314 4038 sicut
1329 3973 1384 4040 ille
1399 3976 1505 4040 termi-

382 4092 443 4138 nus
460 4091 495 4138 sc
518 4069 685 4156 disjungit,
702 4071 743 4140 dc
771 4073 836 4140 illis
853 4075 887 4140 in
903 4076 1095 4145 occidentali
1121 4087 1215 4164 parte
1241 4101 1323 4164 quas
1347 4082 1512 4165 quondam

384 4179 427 4246 ad
443 4183 598 4246 Sanctum
614 4179 853 4248 Emmeramnm
879 4192 1103 4254 antecessores
1119 4189 1222 4256 nostri
1240 4189 1450 4274 tradiderunt,
1465 4198 1512 4256 to-

381 4296 450 4354 tum
466 4286 500 4352 in
522 4288 658 4355 termino
684 4289 855 4375 origentali
881 4291 924 4356 ad
948 4293 1131 4377 praefatum
1155 4297 1387 4364 monasterium
1411 4297 1510 4363 tradi-

383 4413 466 4477 mus,
485 4397 631 4481 crccptis
647 4397 741 4464 hobis
757 4399 869 4464 tribus.
895 4401 949 4466 Ad
963 4402 1152 4488 Amesdorf,
1179 4405 1213 4470 id
1229 4413 1279 4471 est
1293 4405 1338 4470 ad
1353 4405 1510 4473 Wachav·

382 4521 458 4567 vam
469 4551 477 4584 ,
511 4504 664 4585 quioquid
689 4505 734 4572 ibi
759 4506 932 4575 habuimus
957 4529 1030 4575 cum
1055 4508 1160 4578 vincis
1186 4519 1219 4578 et
1247 4512 1453 4598 saginatione
1478 4521 1512 4581 et

383 4616 492 4675 monte
510 4620 700 4697 querceato,
727 4616 894 4698 pratisque
909 4617 992 4684 inter
1014 4617 1122 4703 ipsum
1138 4628 1344 4702 querceatum
1370 4628 1512 4689 montem
