3238 5184
863 311 1015 412 222.

376 527 477 578 unum
491 513 562 574 rete
577 507 700 591 uacuis,
717 513 750 574 et
764 513 896 592 portare
912 505 957 572 ad
972 503 1094 571 dictum
1113 505 1359 590 monastminm,
1376 513 1412 572 et
1427 505 1506 572 dure

374 635 495 705 panem
511 615 639 682 interim
654 613 849 702 parantibus
869 611 962 698 retia,
989 611 1067 696 quia
1083 611 1132 679 sie
1147 611 1333 680 iuuenimus
1348 613 1507 698 scripturn

373 724 407 790 in
421 721 594 808 priuilegio
618 721 673 786 uel
689 718 852 786 euantis
877 717 1017 805 predicti
1033 717 1170 786 Comitis
1192 719 1287 786 nobis
1299 718 1350 786 ‘ab
1366 725 1507 804 unaque

375 836 470 916 parte
495 827 619 896 editum
643 826 697 893 uel
722 824 854 892 editam.
881 827 962 892 ltem
985 845 1045 911 pro
1070 825 1156 894 benc
1177 827 1269 913 pacis
1297 826 1507 908 arbitramur,

376 935 463 1022 qued
487 935 749 1004 seruientes
773 939 1014 1018 equestres
1034 933 1508 1018 nonteneantnrdareequnm

375 1043 498 1110 nuntiis
513 1041 661 1128 Abbatis,
687 1047 720 1108 et
735 1038 822 1126 qnod
837 1037 943 1107 dictus
958 1040 1073 1107 Abbas
1089 1041 1183 1124 equis
1204 1039 1349 1128 ipsorum
1365 1041 1424 1107 det
1439 1059 1508 1126 pre

376 1150 517 1216 bendam
532 1147 651 1216 ateste
667 1146 779 1214 Sancti
794 1145 926 1212 llartini
942 1144 1100 1231 usquead
1116 1147 1367 1234 carnipriuium3
1387 1146 1418 1213 si
1434 1165 1507 1213 con·

376 1256 527 1339 tingeret,
553 1254 641 1337 quod
666 1253 771 1320 dictus
787 1251 899 1318 Abbes
924 1252 1067 1319 mitteret
1091 1270 1148 1318 ecs
1170 1251 1204 1318 in
1228 1251 1431 1336 legationem
1457 1251 1509 1316 uel

378 1381 489 1430 secum
505 1361 648 1443 duceret,
665 1361 699 1428 in
715 1365 814 1428 anwc
828 1360 885 1426 det
900 1359 949 1425 eis
964 1359 1176 1445 prebeudm
1202 1358 1287 1426 sicut
1301 1358 1384 1424 dant
1402 1357 1509 1424 Abba·

378 1474 429 1536 tes
444 1465 673 1534 waradiensis
700 1475 735 1534 et
754 1465 1003 1550 Suxardiensis3
1028 1484 1095 1533 non
1118 1465 1239 1532 debeat
1263 1464 1382 1530 ducere
1408 1483 1508 1547 eques

378 1593 488 1642 eorum
515 1579 609 1641 extra
624 1575 783 1658 Regnum,
809 1592 875 1641 uon
891 1571 1069 1658 compellat
1094 1591 1151 1640 ecs
1171 1577 1293 1639 metere
1320 1571 1508 1655 arundines,

377 1698 483 1764 neque
505 1680 647 1766 quinque
673 1681 830 1768 capetias,
848 1679 908 1748 sed
931 1685 1102 1746 teneantur
1119 1699 1178 1767 per
1202 1679 1352 1764 singulas
1369 1679 1509 1745 mausie

378 1807 449 1872 nes,
466 1794 499 1854 et
513 1808 578 1856 nen
594 1789 629 1855 in
645 1789 767 1874 capita,
783 1807 851 1856 una
867 1787 920 1854 die
936 1794 1068 1871 metere,
1095 1795 1129 1854 et
1144 1805 1211 1854 uua
1226 1787 1280 1854 die
1294 1786 1406 1853 fenum
1423 1786 1509 1853 colli·

380 1913 469 1980 gere,
496 1903 529 1960 et
544 1913 610 1961 una
625 1894 680 1961 die
694 1901 843 1982 portare;
869 1893 948 1978 quia
963 1893 1011 1960 sic
1026 1893 1209 1961 inuenimus
1225 1892 1380 1978 scriptum
1398 1893 1433 1959 ln
1448 1891 1510 1978 pri·

381 2000 504 2085 uilegic
529 2000 668 2088 predicti
687 1999 823 2069 Comitis
850 2000 992 2068 Nicolai.
1018 2001 1099 2067 ltem
1124 1999 1398 2085 pronunciamus,
1422 1997 1510 2084 qued

383 2108 488 2176 dictus
511 2108 624 2175 Abbas
647 2107 824 2194 fabros,
849 2107 1147 2196 pelliparios,
1172 2126 1321 2191 cocos,
1345 2106 1510 2194 pristn

381 2233 474 2298 res,
509 2219 711 2296 sutores,
745 2215 1062 2282 cubicularios
1095 2215 1149 2280 uel
1177 2214 1363 2281 mansiones
1396 2233 1509 2282 eorum

380 2341 445 2390 nnn
460 2321 645 2408 compellat,
663 2322 766 2390 donec
781 2327 933 2388 exercent
948 2339 1042 2387 suum
1052 2318 1197 2387 debitum
1214 2319 1367 2404 officium,
1385 2328 1420 2386 et
1435 2329 1511 2387 sunt

380 2426 413 2492 in
430 2426 501 2492 vice
524 2426 612 2512 apud
628 2428 861 2496 Monasterinm
881 2428 934 2494 uel
950 2426 1122 2510 Abbatem,
1146 2426 1294 2512 plaustra
1309 2427 1438 2514 ducere,
1455 2427 1512 2495 uel

382 2532 473 2599 aliud
498 2533 605 2600 simile
619 2534 729 2603 facere
754 2556 813 2623 per
828 2537 976 2621 Regnum
995 2534 1173 2620 Huugarie.
1199 2537 1282 2602 Item
1300 2535 1513 2624 precipimus,

381 2639 467 2724 quod
491 2639 597 2709 dictus
614 2642 726 2711 Abbas
747 2663 864 2728 equum
885 2642 1036 2710 sacrif
1042 2661 1223 2726 erorum,
1246 2651 1422 2729 postquam
1438 2663 1513 2730 pcr-

381 2747 524 2814 tauerint
535 2750 699 2834 capellam
715 2751 795 2834 eius,
813 2759 846 2816 et
861 2769 1011 2816 reuersus
1031 2749 1129 2816 fuerit
1139 2748 1181 2817 de
1195 2749 1321 2836 itinere,
1338 2769 1402 2816 non
1416 2750 1514 2818 tollat

382 2854 424 2921 de
439 2855 499 2940 eis,
527 2856 586 2923 sed
601 2856 729 2940 reddat,
756 2877 817 2924 nec
833 2863 1004 2941 argentum
1026 2877 1085 2943 pro
1109 2861 1202 2942 equis
1225 2856 1269 2923 ab
1285 2855 1410 2922 eisdem
1432 2858 1514 2924 reci·

381 2961 461 3048 piat.
482 2965 565 3030 Item
589 2965 862 3050 pronunciamus,
890 2965 978 3050 quod
1009 2966 1275 3050 piscatores
1308 2963 1360 3030 de
1393 2964 1514 3032 uilla

385 3072 565 3156 Veynek
589 3071 693 3140 dictus
703 3073 817 3140 Abbas
832 3093 898 3141 non
909 3073 1084 3160 compellat
1103 3071 1266 3156 remigare
1281 3073 1427 3138 carinam
1443 3074 1512 3159 ple-

381 3199 457 3244 nam
473 3179 668 3248 victualibus
693 3179 737 3246 ad
752 3181 894 3249 confinia
908 3181 1025 3266 Regni,
1051 3179 1110 3247 sed
1125 3180 1169 3246 ad
1183 3180 1267 3267 plus,
1285 3199 1388 3264 usque
1407 3177 1453 3246 ad
1469 3181 1514 3248 lc

383 3305 466 3370 cum,
483 3285 539 3369 qui
555 3285 674 3354 dicitnr
683 3287 852 3374 Zigetieu3
868 3307 929 3354 nec
943 3292 1055 3354 teneat
1070 3307 1127 3355 ecs
1145 3288 1232 3354 ultra
1246 3307 1344 3353 unam
1360 3289 1516 3374 septima·

381 3412 468 3476 nam,
493 3412 566 3460 cum
589 3396 798 3481 peruenerint
823 3397 867 3462 ad
883 3397 989 3464 locum
1005 3395 1222 3479 destinatum,
1248 3415 1309 3462 nec
1334 3395 1512 3482 compellat

383 3519 438 3566 ecs
463 3521 617 3569 exercere
633 3503 774 3570 officium
790 3511 981 3588 nautarum
1006 3502 1066 3568 sed
1082 3523 1155 3570 cum
1175 3502 1386 3588 peruenerint
1408 3503 1454 3570 ad
1469 3503 1514 3571 le·

382 3623 455 3670 cum
471 3605 680 3694 destinatum,
705 3631 771 3678 non
786 3610 885 3677 debet
901 3629 957 3677 eos
973 3617 1085 3677 tenere
1111 3608 1155 3676 ad
1169 3609 1382 3695 remigandas
1408 3629 1513 3676 naues

381 3710 469 3777 ultra
484 3719 516 3778 et
531 3713 613 3780 citra
622 3717 818 3802 Danubium,
835 3716 996 3804 portando
1013 3735 1137 3800 currus,
1154 3717 1319 3800 victualia,
1341 3735 1445 3799 equos
1460 3717 1514 3782 uel

382 3817 459 3902 alia,
476 3817 536 3885 sed
550 3819 673 3888 ibidem
688 3823 821 3910 incepta
837 3832 870 3890 et
885 3823 978 3891 finita
1006 3824 1190 3910 septimana
1205 3824 1315 3890 statim
1331 3842 1390 3890 eos
1406 3823 1514 3888 remit

381 3931 439 3990 tat.
455 3928 539 3993 ltem
554 3928 737 4014 laudemus,
753 3931 840 4015 quod
857 3933 960 4000 dictus
977 3931 1088 3998 Abbas
1103 3951 1169 3999 non
1185 3937 1283 4016 cogat
1305 3931 1402 3996 horn
1414 3930 1456 3996 in
1468 3949 1514 3998 es

381 4030 431 4096 de
453 4033 573 4101 uilla
596 4037 652 4104 Te
666 4056 748 4103 neu
772 4056 907 4123 greum
933 4057 1060 4104 currum
1085 4037 1152 4103 uini
1178 4036 1297 4104 ducere
1321 4043 1356 4104 et
1373 4035 1514 4121 deferre,

305 4149 312 4164 '
381 4139 439 4206 sed
454 4142 570 4226 leuem,
597 4143 724 4210 scilicet
738 4153 873 4230 tantum,
902 4145 989 4230 quod
1005 4144 1146 4212 sufficiat
1172 4144 1216 4211 ad
1233 4164 1333 4211 unum
1347 4145 1435 4210 diem
1451 4146 1515 4211 Ab

382 4248 451 4314 bati
468 4257 501 4315 et
526 4269 636 4317 secum
652 4249 814 4335 euntibus,
839 4257 873 4318 et
888 4259 1043 4337 sequente
1059 4253 1112 4318 die
1138 4253 1243 4339 prime
1260 4250 1390 4318 sublato
1409 4258 1516 4337 portet

381 4358 581 4424 tantumdem
597 4360 645 4425 sic
661 4359 702 4426 dc
718 4359 858 4444 singulis
874 4359 1001 4445 diebus,
1018 4360 1137 4446 quibus
1151 4359 1271 4427 luerint
1285 4359 1320 4425 in
1335 4359 1405 4426 uia
1429 4361 1514 4425 ltem

381 4463 531 4530 uolumus
549 4483 580 4532 er
591 4468 755 4554 jubemus,
773 4467 861 4552 qued
879 4467 984 4536 dictus
999 4467 1111 4534 Abbas
1134 4467 1282 4534 homin
1293 4486 1338 4532 es
1361 4463 1413 4532 de
1438 4466 1480 4532 ui
1491 4466 1515 4530 l·

382 4567 442 4634 lis
466 4573 700 4642 custodum
724 4594 961 4662 porcorum
983 4581 1161 4660 ncncogat
1184 4574 1293 4642 iacere
1311 4574 1515 4657 legacioncs,
