3268 5194
131 1001 359 1068 Praestantiae
382 996 525 1086 baipuddi
541 995 855 1086 (isuper-falterodri)
878 1000 1065 1087 pitepdknek
1082 1003 1262 1091 adomdoyc

129 1133 150 1174 a
166 1109 357 1174 ademaro
371 1104 499 1174 malaci
515 1127 621 1194 euuap.
640 1107 802 1193 aa.7’doeee'
816 1117 973 1174 monaster
988 1112 1143 1176 recimero.
1162 1113 1261 1178 1076.

242 1269 282 1334 In
297 1267 429 1334 nomine
443 1267 551 1334 Patris
567 1273 600 1334 et
614 1265 692 1333 lilii
707 1274 740 1336 et
755 1267 987 1336 Sanctissimae
1004 1269 1107 1338 Unius
1123 1271 1262 1339 'innita-

128 1377 184 1461 tis,
202 1384 236 1444 et
251 1376 373 1444 'Prinas
389 1375 533 1443 Unitatis
558 1375 761 1442 Indiuiduae.
788 1375 908 1444 Notum
923 1376 966 1444 sit
991 1379 1141 1447 omnibus
1162 1380 1263 1448 tideli-

131 1485 194 1551 bus
209 1491 280 1550 tam
294 1481 538 1569 praesentibus,
566 1503 664 1566 qnam
680 1481 815 1566 suturis,
841 1481 928 1566 quod
950 1483 1175 1554 Praestantius
1191 1487 1262 1555 Bel

130 1589 308 1676 gradensis
323 1591 506 1676 Episcopus
523 1590 632 1675 gratia
648 1588 788 1656 Divinae
804 1595 835 1656 et
850 1589 1012 1658 humanae
1033 1593 1189 1679 caritatis,
1205 1596 1263 1661 llo-

131 1698 271 1765 cleaiam
279 1699 473 1764 Sanctorum
483 1699 621 1763 cosmae
639 1701 671 1764 et
687 1695 849 1780 Damiani,
868 1715 950 1779 quac
967 1697 1032 1764 sita
1048 1705 1099 1765 est
1116 1699 1150 1764 in
1166 1707 1261 1770 acuto

130 1805 255 1872 uertice
278 1802 448 1890 cujusdam
474 1803 641 1872 monticuli
661 1823 725 1869 non
740 1801 875 1886 iongea
899 1804 1087 1890 supradicta
1115 1807 1194 1875 urbe
1219 1807 1264 1874 di-

132 1912 264 1994 stantis,
283 1911 480 1980 monasterio
496 1912 608 1979 Sancti
624 1910 761 1978 Joannis
777 1910 1010 1996 Evangelistae
1032 1915 1264 2002 perpetualiter

130 2020 258 2088 habere
282 2019 453 2087 concessit.
479 2017 529 2086 Ne
545 2026 656 2086 autern
682 2018 800 2104 aliquis
825 2019 1085 2106 succedentium,
1106 2021 1263 2090 uiolentia

131 2128 333 2215 Principum,
350 2125 450 2212 Regis
465 2125 627 2211 videlieet,
644 2125 817 2214 Episcopi,
846 2133 902 2194 aut
917 2127 1039 2196 Prioris
1061 2129 1205 2216 ejusdem
1222 2130 1264 2198 ci-

132 2235 281 2304 ciuitatis
296 2233 472 2304 temeraria
488 2241 595 2302 mente
604 2284 614 2319 ,
640 2231 740 2301 feroci
755 2232 930 2318 tyrannide
953 2234 1035 2302 lraec
1061 2243 1185 2305 statuta
1200 2237 1264 2304 vio·

131 2345 206 2411 lare
222 2342 356 2430 audeat,
382 2348 414 2411 et
429 2361 490 2409 sua
506 2341 693 2410 audacitate
715 2349 917 2428 corrumpat3
934 2343 1030 2428 hujus
1045 2343 1264 2412 concessionis

132 2451 264 2520 sanctio
282 2459 358 2518 ante
383 2469 542 2537 personas
569 2449 710 2516 uirorum
735 2448 1057 2536 honestissimorum,
1082 2458 1115 2520 et
1130 2459 1265 2519 sanctae

132 2557 303 2644 religionis
322 2557 442 2624 cultum
465 2558 583 2644 iugiter
599 2555 837 2642 exequendum,
863 2556 987 2641 absque
1001 2557 1069 2624 ulla
1088 2558 1264 2626 contradic·

131 2668 225 2734 tione
251 2665 462 2733 laudabiliter
485 2665 695 2733 corroborata
711 2671 779 2750 est;
805 2665 1044 2752 inpraesentia
1068 2667 1193 2735 scilieet
1211 2667 1264 2736 do·

135 2775 300 2842 minorum
316 2773 484 2840 Laurentii
498 2772 599 2840 totius
613 2772 799 2839 Dalmatiae
815 2779 848 2838 et
863 2771 1036 2841 Obroatiae
1055 2775 1265 2843 Reverendis·

133 2881 211 2948 simi
237 2879 504 2966 Archiepiseopi3
530 2885 563 2946 et
578 2879 688 2947 domni
704 2877 877 2948 (lebinonis
901 2881 1092 2947 Sanctorum
1106 2881 1265 2948 Boniiaoii

135 3000 170 3058 et
203 2988 314 3056 Aiexii
345 2986 583 3074 religiosissimi
614 2987 771 3072 Abbatis,
803 3005 869 3054 una
898 3005 971 3054 cum
1002 2988 1158 3056 Fulciano
1188 2989 1265 3058 Fori

134 3095 339 3183 simphronii
353 3093 542 3161 Venerabili
556 3093 731 3180 Episcopo,
747 3093 958 3180 Apostolicae
972 3095 1066 3163 Sedis
1076 3095 1264 3182 Aprocrisa-

133 3208 260 3273 riorum
269 3255 279 3290 ,
307 3204 340 3269 in
354 3203 451 3270 vinea
460 3202 612 3289 justitiae
626 3202 690 3269 Dei
715 3202 793 3269 totis
809 3201 932 3270 viribus
954 3202 1205 3270 misericorditer
1219 3203 1264 3270 la·

134 3313 342 3398 borantium;
372 3310 556 3378 astantibus
581 3311 680 3378 etiarn
705 3309 937 3396 Belgradensis
961 3308 1129 3376 Ecclesiae
1154 3309 1264 3376 Archi-

12 3403 17 3414 ’
133 3421 332 3508 presbytero
348 3419 479 3506 Drago,
506 3427 539 3486 et
555 3419 704 3486 omnibus
719 3418 854 3487 clericis
870 3417 1036 3502 utriusque
1055 3417 1206 3503 civitatis,
1232 3423 1264 3483 et

136 3530 261 3596 domno
278 3529 373 3596 Justo
384 3527 504 3614 Priore,
521 3527 680 3611 Gregorio
696 3526 822 3611 Judiee,
840 3527 961 3612 Drago,
976 3526 1191 3612 Praestantio,
1207 3525 1264 3592 Μὶ-

134 3636 262 3720 ehaele,
273 3635 406 3720 Drusis,
423 3643 456 3702 et
468 3635 536 3702 fere
551 3636 650 3702 totins
666 3634 874 3720 supradictae
888 3633 1029 3700 ciuitatis
1039 3633 1125 3701 clero
1136 3632 1263 3702 favente

135 3763 177 3808 ac
203 3741 337 3828 populo.
362 3743 457 3810 rinno
483 3741 659 3810 millesimo
684 3743 727 3809 ab
751 3740 978 3808 incarnatione
1006 3741 1138 3809 Domini
1160 3741 1264 3809 nostri

133 3853 219 3920 Jesu
235 3849 376 3938 Christi,
402 3851 555 3920 uidelicet
580 3851 823 3940 septuagesimo
843 3856 956 3936 sexto,
981 3849 1161 3919 indictione
1186 3869 1262 3917 vero

134 3959 398 4045 quintadecima,
424 3968 569 4054 tempore
585 3959 733 4046 ejusdem
752 3955 901 4044 Gregorii
926 3959 1056 4046 septimi
1072 3959 1204 4044 Papae,
1231 3965 1264 4024 et

133 4067 295 4134 Demetrii
310 4066 498 4134 Dalmatiae
514 4075 546 4134 et
561 4066 736 4134 chroatiae
751 4066 870 4152 Regis,
897 4073 930 4132 et
946 4065 1054 4132 domni
1070 4065 1157 4132 Petri
1181 4064 1263 4148 eJus·

133 4174 210 4244 dem
227 4175 417 4244 monasterii
432 4175 572 4243 Abbatis
595 4174 750 4262 religiosi.
776 4172 977 4258 Quicumque
992 4181 1100 4240 autem
1125 4191 1263 4240 comum·

135 4285 233 4369 perit,
250 4283 337 4368 qnod
347 4283 463 4352 horum
478 4284 621 4351 omnium
633 4282 731 4350 laude
741 4282 947 4350 conlimatum
957 4288 1017 4364 est,
1035 4281 1097 4346 Dei
1111 4287 1263 4351 eteorum

132 4391 399 4459 maledictionem
414 4397 572 4481 perpetuo
587 4392 741 4482 incurrat,
765 4391 879 4458 Amen.

399 4519 514 4582 {Parieti
527 4519 665 4588 illyricum
680 4521 792 4572 Sacrum
804 4519 852 4571 IV.
864 4519 921 4570 lrilt.
935 4517 959 4568 ὅ.
973 4516 1003 4584 l.)
