<?xml version="1.0" encoding="UTF-8"?>
<!DOCTYPE html PUBLIC "-//W3C//DTD XHTML 1.0 Transitional//EN"
    "http://www.w3.org/TR/xhtml1/DTD/xhtml1-transitional.dtd">
<html xmlns="http://www.w3.org/1999/xhtml" xml:lang="en" lang="en">
 <head>
  <title>
</title>
<meta http-equiv="Content-Type" content="text/html;charset=utf-8" />
  <meta name='ocr-system' content='tesseract 3.04.00' />
  <meta name='ocr-capabilities' content='ocr_page ocr_carea ocr_par ocr_line ocrx_word'/>
</head>
<body>
  <div class='ocr_page' id='page_1' title='image "./codexdiplomatic05wenzgoog_0554.png"; bbox 0 0 3238 5184; ppageno 0'>
   <div class='ocr_carea' id='block_1_1' title="bbox 881 309 1038 408">
    <p class='ocr_par' dir='ltr' id='par_1_1' title="bbox 881 309 1038 408">
     <span class='ocr_line' id='line_1_1' title="bbox 881 309 1038 408; baseline 0 -34"><span class='ocrx_word' id='word_1_1' title='bbox 881 309 1038 408; x_wconf 54' lang='lat' dir='ltr'>jou-</span> 
     </span>
    </p>
   </div>
   <div class='ocr_carea' id='block_1_2' title="bbox 396 501 1541 1348">
    <p class='ocr_par' dir='ltr' id='par_1_2' title="bbox 396 501 1541 1348">
     <span class='ocr_line' id='line_1_2' title="bbox 400 501 1539 592; baseline 0.004 -24"><span class='ocrx_word' id='word_1_2' title='bbox 400 503 440 570; x_wconf 92' lang='lat' dir='ltr'>de</span> <span class='ocrx_word' id='word_1_3' title='bbox 450 502 572 588; x_wconf 83' lang='lat' dir='ltr'>Mayad</span> <span class='ocrx_word' id='word_1_4' title='bbox 588 501 774 584; x_wconf 85' lang='lat' dir='ltr'>citauisset;</span> <span class='ocrx_word' id='word_1_5' title='bbox 794 501 828 568; x_wconf 91' lang='lat' dir='ltr'>iu</span> <span class='ocrx_word' id='word_1_6' title='bbox 846 503 937 568; x_wconf 91' lang='lat' dir='ltr'>cuius</span> <span class='ocrx_word' id='word_1_7' title='bbox 951 505 1120 588; x_wconf 79' lang='lat' dir='ltr'>presencia</span> <span class='ocrx_word' id='word_1_8' title='bbox 1136 504 1253 591; x_wconf 84' lang='lat' dir='ltr'>ipseT.</span> <span class='ocrx_word' id='word_1_9' title='bbox 1270 525 1327 574; x_wconf 87' lang='lat' dir='ltr'>eos</span> <span class='ocrx_word' id='word_1_10' title='bbox 1336 527 1395 592; x_wconf 92' lang='lat' dir='ltr'>pro</span> <span class='ocrx_word' id='word_1_11' title='bbox 1411 505 1539 572; x_wconf 86' lang='lat' dir='ltr'>eadem</span> 
     </span>
     <span class='ocr_line' id='line_1_3' title="bbox 399 609 1541 692; baseline 0.002 -16"><span class='ocrx_word' id='word_1_12' title='bbox 399 629 499 676; x_wconf 87' lang='lat' dir='ltr'>eausa</span> <span class='ocrx_word' id='word_1_13' title='bbox 515 629 683 676; x_wconf 88' lang='lat' dir='ltr'>remanere</span> <span class='ocrx_word' id='word_1_14' title='bbox 701 609 852 692; x_wconf 76' lang='lat' dir='ltr'>lecisset3</span> <span class='ocrx_word' id='word_1_15' title='bbox 879 609 1011 676; x_wconf 89' lang='lat' dir='ltr'>tandem</span> <span class='ocrx_word' id='word_1_16' title='bbox 1031 630 1109 677; x_wconf 86' lang='lat' dir='ltr'>vero</span> <span class='ocrx_word' id='word_1_17' title='bbox 1135 613 1351 682; x_wconf 80' lang='lat' dir='ltr'><strong>mediantibus</strong></span> <span class='ocrx_word' id='word_1_18' title='bbox 1372 615 1471 680; x_wconf 89' lang='lat' dir='ltr'>bonis</span> <span class='ocrx_word' id='word_1_19' title='bbox 1489 613 1541 678; x_wconf 75' lang='lat' dir='ltr'>ui-</span> 
     </span>
     <span class='ocr_line' id='line_1_4' title="bbox 399 714 1539 806; baseline 0.003 -24"><span class='ocrx_word' id='word_1_20' title='bbox 399 717 444 782; x_wconf 88' lang='lat' dir='ltr'>ris</span> <span class='ocrx_word' id='word_1_21' title='bbox 460 724 491 784; x_wconf 91' lang='lat' dir='ltr'>et</span> <span class='ocrx_word' id='word_1_22' title='bbox 507 714 785 802; x_wconf 80' lang='lat' dir='ltr'><strong>componentibus,</strong></span> <span class='ocrx_word' id='word_1_23' title='bbox 802 715 954 782; x_wconf 84' lang='lat' dir='ltr'>videlieet</span> <span class='ocrx_word' id='word_1_24' title='bbox 969 717 1129 802; x_wconf 87' lang='lat' dir='ltr'>Magistro</span> <span class='ocrx_word' id='word_1_25' title='bbox 1145 721 1318 806; x_wconf 83' lang='lat' dir='ltr'>Demetrio,</span> <span class='ocrx_word' id='word_1_26' title='bbox 1335 729 1367 788; x_wconf 91' lang='lat' dir='ltr'>et</span> <span class='ocrx_word' id='word_1_27' title='bbox 1382 720 1539 789; x_wconf 90' lang='lat' dir='ltr'>omnium</span> 
     </span>
     <span class='ocr_line' id='line_1_5' title="bbox 398 826 1537 920; baseline 0.001 -28"><span class='ocrx_word' id='word_1_28' title='bbox 398 827 592 920; x_wconf 83' lang='lat' dir='ltr'>villanorum</span> <span class='ocrx_word' id='word_1_29' title='bbox 607 826 648 892; x_wconf 92' lang='lat' dir='ltr'>de</span> <span class='ocrx_word' id='word_1_30' title='bbox 663 829 790 910; x_wconf 86' lang='lat' dir='ltr'>Musey,</span> <span class='ocrx_word' id='word_1_31' title='bbox 806 827 906 892; x_wconf 88' lang='lat' dir='ltr'>talem</span> <span class='ocrx_word' id='word_1_32' title='bbox 923 827 1009 892; x_wconf 90' lang='lat' dir='ltr'>inter</span> <span class='ocrx_word' id='word_1_33' title='bbox 1033 847 1090 894; x_wconf 87' lang='lat' dir='ltr'>eos</span> <span class='ocrx_word' id='word_1_34' title='bbox 1106 848 1220 914; x_wconf 90' lang='lat' dir='ltr'>pacem</span> <span class='ocrx_word' id='word_1_35' title='bbox 1246 833 1537 913; x_wconf 74' lang='lat' dir='ltr'>reformaucrun13</span> 
     </span>
     <span class='ocr_line' id='line_1_6' title="bbox 399 933 1539 1024; baseline 0.002 -24"><span class='ocrx_word' id='word_1_36' title='bbox 399 933 485 1020; x_wconf 86' lang='lat' dir='ltr'>quod</span> <span class='ocrx_word' id='word_1_37' title='bbox 501 933 565 1020; x_wconf 89' lang='lat' dir='ltr'>ipsi</span> <span class='ocrx_word' id='word_1_38' title='bbox 580 933 704 1000; x_wconf 67' lang='lat' dir='ltr'>&#39;thome</span> <span class='ocrx_word' id='word_1_39' title='bbox 719 938 840 998; x_wconf 84' lang='lat' dir='ltr'>terram</span> <span class='ocrx_word' id='word_1_40' title='bbox 863 934 992 998; x_wconf 90' lang='lat' dir='ltr'>nomine</span> <span class='ocrx_word' id='word_1_41' title='bbox 1008 933 1102 1000; x_wconf 79' lang='lat' dir='ltr'>Eund</span> <span class='ocrx_word' id='word_1_42' title='bbox 1120 935 1305 1003; x_wconf 88' lang='lat' dir='ltr'>aduersarii</span> <span class='ocrx_word' id='word_1_43' title='bbox 1321 939 1371 1004; x_wconf 87' lang='lat' dir='ltr'>sui</span> <span class='ocrx_word' id='word_1_44' title='bbox 1389 936 1539 1024; x_wconf 77' lang='lat' dir='ltr'>predicti</span> 
     </span>
     <span class='ocr_line' id='line_1_7' title="bbox 397 1040 1541 1130; baseline -0.001 -21"><span class='ocrx_word' id='word_1_45' title='bbox 397 1042 558 1109; x_wconf 87' lang='lat' dir='ltr'>communi</span> <span class='ocrx_word' id='word_1_46' title='bbox 568 1042 704 1108; x_wconf 86' lang='lat' dir='ltr'>oonsilio</span> <span class='ocrx_word' id='word_1_47' title='bbox 720 1041 925 1124; x_wconf 81' lang='lat' dir='ltr'>reliquissent</span> <span class='ocrx_word' id='word_1_48' title='bbox 940 1040 973 1106; x_wconf 92' lang='lat' dir='ltr'>iu</span> <span class='ocrx_word' id='word_1_49' title='bbox 989 1049 1178 1128; x_wconf 89' lang='lat' dir='ltr'>perpetuum</span> <span class='ocrx_word' id='word_1_50' title='bbox 1199 1045 1444 1130; x_wconf 84' lang='lat' dir='ltr'>possidendam.</span> <span class='ocrx_word' id='word_1_51' title='bbox 1475 1044 1541 1108; x_wconf 88' lang='lat' dir='ltr'>Cu·</span> 
     </span>
     <span class='ocr_line' id='line_1_8' title="bbox 398 1147 1539 1236; baseline 0 -20"><span class='ocrx_word' id='word_1_52' title='bbox 398 1151 447 1216; x_wconf 87' lang='lat' dir='ltr'>ius</span> <span class='ocrx_word' id='word_1_53' title='bbox 464 1149 568 1235; x_wconf 89' lang='lat' dir='ltr'>prima</span> <span class='ocrx_word' id='word_1_54' title='bbox 583 1155 671 1216; x_wconf 92' lang='lat' dir='ltr'>meta</span> <span class='ocrx_word' id='word_1_55' title='bbox 695 1147 810 1234; x_wconf 87' lang='lat' dir='ltr'>incipit</span> <span class='ocrx_word' id='word_1_56' title='bbox 825 1148 1006 1214; x_wconf 86' lang='lat' dir='ltr'>oboriente</span> <span class='ocrx_word' id='word_1_57' title='bbox 1025 1169 1123 1234; x_wconf 87' lang='lat' dir='ltr'>super</span> <span class='ocrx_word' id='word_1_58' title='bbox 1139 1151 1285 1236; x_wconf 70' lang='lat' dir='ltr'>Rolnam,</span> <span class='ocrx_word' id='word_1_59' title='bbox 1312 1163 1344 1219; x_wconf 90' lang='lat' dir='ltr'>et</span> <span class='ocrx_word' id='word_1_60' title='bbox 1359 1152 1472 1219; x_wconf 90' lang='lat' dir='ltr'>tendit</span> <span class='ocrx_word' id='word_1_61' title='bbox 1492 1151 1539 1217; x_wconf 93' lang='lat' dir='ltr'>ad</span> 
     </span>
     <span class='ocr_line' id='line_1_9' title="bbox 396 1256 1538 1348; baseline 0.003 -24"><span class='ocrx_word' id='word_1_62' title='bbox 396 1256 594 1324; x_wconf 90' lang='lat' dir='ltr'>occidentem</span> <span class='ocrx_word' id='word_1_63' title='bbox 618 1257 662 1322; x_wconf 88' lang='lat' dir='ltr'>ad</span> <span class='ocrx_word' id='word_1_64' title='bbox 687 1257 826 1342; x_wconf 85' lang='lat' dir='ltr'>siluam,</span> <span class='ocrx_word' id='word_1_65' title='bbox 850 1277 912 1342; x_wconf 88' lang='lat' dir='ltr'>que</span> <span class='ocrx_word' id='word_1_66' title='bbox 936 1257 1076 1344; x_wconf 87' lang='lat' dir='ltr'>pertinet</span> <span class='ocrx_word' id='word_1_67' title='bbox 1100 1259 1143 1326; x_wconf 90' lang='lat' dir='ltr'>ad</span> <span class='ocrx_word' id='word_1_68' title='bbox 1169 1261 1277 1346; x_wconf 91' lang='lat' dir='ltr'>ipsum</span> <span class='ocrx_word' id='word_1_69' title='bbox 1299 1263 1348 1348; x_wconf 70' lang='lat' dir='ltr'>n,</span> <span class='ocrx_word' id='word_1_70' title='bbox 1374 1264 1409 1328; x_wconf 89' lang='lat' dir='ltr'>in</span> <span class='ocrx_word' id='word_1_71' title='bbox 1432 1263 1538 1329; x_wconf 90' lang='lat' dir='ltr'>cuius</span> 
     </span>
    </p>
   </div>
   <div class='ocr_carea' id='block_1_3' title="bbox 270 1365 1536 1456">
    <p class='ocr_par' dir='ltr' id='par_1_3' title="bbox 270 1365 1536 1456">
     <span class='ocr_line' id='line_1_10' title="bbox 270 1365 1536 1456; baseline 0.005 -25"><span class='ocrx_word' id='word_1_72' title='bbox 270 1441 277 1456; x_wconf 28' lang='grc' dir='ltr'><strong>ι</strong></span> <span class='ocrx_word' id='word_1_73' title='bbox 397 1367 459 1432; x_wconf 89' lang='lat' dir='ltr'>line</span> <span class='ocrx_word' id='word_1_74' title='bbox 475 1366 576 1434; x_wconf 88' lang='lat' dir='ltr'>habet</span> <span class='ocrx_word' id='word_1_75' title='bbox 601 1372 720 1432; x_wconf 59' lang='lat' dir='ltr'>mecm</span> <span class='ocrx_word' id='word_1_76' title='bbox 745 1365 965 1450; x_wconf 64' lang='lat' dir='ltr'>assignatam</span> <span class='ocrx_word' id='word_1_77' title='bbox 993 1375 1025 1433; x_wconf 89' lang='lat' dir='ltr'>et</span> <span class='ocrx_word' id='word_1_78' title='bbox 1041 1375 1157 1452; x_wconf 89' lang='lat' dir='ltr'>postea</span> <span class='ocrx_word' id='word_1_79' title='bbox 1172 1369 1262 1434; x_wconf 88' lang='lat' dir='ltr'>cadit</span> <span class='ocrx_word' id='word_1_80' title='bbox 1287 1371 1319 1436; x_wconf 90' lang='lat' dir='ltr'>in</span> <span class='ocrx_word' id='word_1_81' title='bbox 1344 1371 1536 1456; x_wconf 77' lang='lat' dir='ltr'>palladem,</span> 
     </span>
    </p>
   </div>
   <div class='ocr_carea' id='block_1_4' title="bbox 396 1474 1537 1994">
    <p class='ocr_par' dir='ltr' id='par_1_4' title="bbox 396 1474 1537 1994">
     <span class='ocr_line' id='line_1_11' title="bbox 397 1474 1537 1563; baseline 0.003 -21"><span class='ocrx_word' id='word_1_82' title='bbox 397 1475 451 1560; x_wconf 87' lang='lat' dir='ltr'>qui</span> <span class='ocrx_word' id='word_1_83' title='bbox 468 1477 567 1560; x_wconf 86' lang='lat' dir='ltr'>vulgo</span> <span class='ocrx_word' id='word_1_84' title='bbox 584 1475 700 1542; x_wconf 91' lang='lat' dir='ltr'>dicitur</span> <span class='ocrx_word' id='word_1_85' title='bbox 715 1474 935 1560; x_wconf 86' lang='lat' dir='ltr'>Piscarustou,</span> <span class='ocrx_word' id='word_1_86' title='bbox 960 1475 1016 1560; x_wconf 88' lang='lat' dir='ltr'>qui</span> <span class='ocrx_word' id='word_1_87' title='bbox 1032 1475 1130 1541; x_wconf 84' lang='lat' dir='ltr'>currit</span> <span class='ocrx_word' id='word_1_88' title='bbox 1145 1495 1167 1542; x_wconf 87' lang='lat' dir='ltr'>a</span> <span class='ocrx_word' id='word_1_89' title='bbox 1183 1477 1264 1543; x_wconf 89' lang='lat' dir='ltr'>uilla</span> <span class='ocrx_word' id='word_1_90' title='bbox 1279 1479 1401 1563; x_wconf 83' lang='lat' dir='ltr'>Gelca;</span> <span class='ocrx_word' id='word_1_91' title='bbox 1428 1499 1537 1562; x_wconf 85' lang='lat' dir='ltr'>quam</span> 
     </span>
     <span class='ocr_line' id='line_1_12' title="bbox 397 1581 1536 1668; baseline 0.001 -19"><span class='ocrx_word' id='word_1_92' title='bbox 397 1583 593 1650; x_wconf 86' lang='lat' dir='ltr'>transeundo</span> <span class='ocrx_word' id='word_1_93' title='bbox 605 1581 697 1648; x_wconf 89' lang='lat' dir='ltr'>uadit</span> <span class='ocrx_word' id='word_1_94' title='bbox 708 1603 825 1668; x_wconf 89' lang='lat' dir='ltr'>parum</span> <span class='ocrx_word' id='word_1_95' title='bbox 842 1601 941 1668; x_wconf 87' lang='lat' dir='ltr'>super</span> <span class='ocrx_word' id='word_1_96' title='bbox 956 1583 1042 1648; x_wconf 89' lang='lat' dir='ltr'>uiam</span> <span class='ocrx_word' id='word_1_97' title='bbox 1055 1583 1194 1649; x_wconf 84' lang='lat' dir='ltr'>Etteueu</span> <span class='ocrx_word' id='word_1_98' title='bbox 1205 1583 1248 1649; x_wconf 86' lang='lat' dir='ltr'>ad</span> <span class='ocrx_word' id='word_1_99' title='bbox 1265 1585 1377 1651; x_wconf 90' lang='lat' dir='ltr'>uillam</span> <span class='ocrx_word' id='word_1_100' title='bbox 1388 1585 1536 1652; x_wconf 86' lang='lat' dir='ltr'>fratrum</span> 
     </span>
     <span class='ocr_line' id='line_1_13' title="bbox 396 1689 1534 1776; baseline -0.002 -18"><span class='ocrx_word' id='word_1_101' title='bbox 396 1690 623 1774; x_wconf 84' lang='lat' dir='ltr'>Jeurieusium,</span> <span class='ocrx_word' id='word_1_102' title='bbox 640 1709 703 1772; x_wconf 79' lang='lat' dir='ltr'>que</span> <span class='ocrx_word' id='word_1_103' title='bbox 714 1689 872 1756; x_wconf 83' lang='lat' dir='ltr'>Ousiolud</span> <span class='ocrx_word' id='word_1_104' title='bbox 888 1696 1032 1772; x_wconf 86' lang='lat' dir='ltr'>vocatur,</span> <span class='ocrx_word' id='word_1_105' title='bbox 1053 1690 1095 1755; x_wconf 88' lang='lat' dir='ltr'>ad</span> <span class='ocrx_word' id='word_1_106' title='bbox 1112 1699 1231 1758; x_wconf 91' lang='lat' dir='ltr'>metam</span> <span class='ocrx_word' id='word_1_107' title='bbox 1248 1694 1437 1776; x_wconf 66' lang='lat' dir='ltr'>antiquam</span> <span class='ocrx_word' id='word_1_108' title='bbox 1456 1701 1534 1760; x_wconf 86' lang='lat' dir='ltr'>tan·</span> 
     </span>
     <span class='ocr_line' id='line_1_14' title="bbox 397 1797 1534 1885; baseline -0.002 -19"><span class='ocrx_word' id='word_1_109' title='bbox 397 1799 471 1866; x_wconf 88' lang='lat' dir='ltr'>dem</span> <span class='ocrx_word' id='word_1_110' title='bbox 488 1798 604 1865; x_wconf 90' lang='lat' dir='ltr'>iterato</span> <span class='ocrx_word' id='word_1_111' title='bbox 619 1797 721 1882; x_wconf 87' lang='lat' dir='ltr'>Rabe,</span> <span class='ocrx_word' id='word_1_112' title='bbox 737 1797 823 1864; x_wconf 83' lang='lat' dir='ltr'>unde</span> <span class='ocrx_word' id='word_1_113' title='bbox 838 1798 945 1884; x_wconf 88' lang='lat' dir='ltr'>prima</span> <span class='ocrx_word' id='word_1_114' title='bbox 961 1803 1047 1863; x_wconf 86' lang='lat' dir='ltr'>meta</span> <span class='ocrx_word' id='word_1_115' title='bbox 1070 1799 1140 1864; x_wconf 89' lang='lat' dir='ltr'>eius</span> <span class='ocrx_word' id='word_1_116' title='bbox 1157 1800 1336 1885; x_wconf 82' lang='lat' dir='ltr'>inceperat,</span> <span class='ocrx_word' id='word_1_117' title='bbox 1359 1803 1534 1868; x_wconf 85' lang='lat' dir='ltr'>continua·</span> 
     </span>
     <span class='ocr_line' id='line_1_15' title="bbox 396 1907 1530 1994; baseline 0.001 -19"><span class='ocrx_word' id='word_1_118' title='bbox 396 1916 456 1976; x_wconf 89' lang='lat' dir='ltr'>tur.</span> <span class='ocrx_word' id='word_1_119' title='bbox 482 1910 525 1974; x_wconf 92' lang='lat' dir='ltr'>Vt</span> <span class='ocrx_word' id='word_1_120' title='bbox 540 1915 648 1974; x_wconf 87' lang='lat' dir='ltr'>auteur</span> <span class='ocrx_word' id='word_1_121' title='bbox 671 1907 732 1974; x_wconf 91' lang='lat' dir='ltr'>hoc</span> <span class='ocrx_word' id='word_1_122' title='bbox 748 1907 781 1972; x_wconf 93' lang='lat' dir='ltr'>in</span> <span class='ocrx_word' id='word_1_123' title='bbox 804 1913 994 1993; x_wconf 88' lang='lat' dir='ltr'>perpetuum</span> <span class='ocrx_word' id='word_1_124' title='bbox 1009 1908 1107 1976; x_wconf 90' lang='lat' dir='ltr'>robur</span> <span class='ocrx_word' id='word_1_125' title='bbox 1130 1908 1292 1974; x_wconf 88' lang='lat' dir='ltr'>firmitatis</span> <span class='ocrx_word' id='word_1_126' title='bbox 1316 1909 1475 1994; x_wconf 87' lang='lat' dir='ltr'>obtineat,</span> <span class='ocrx_word' id='word_1_127' title='bbox 1495 1913 1530 1975; x_wconf 92' lang='lat' dir='ltr'>in</span> 
     </span>
    </p>
   </div>
   <div class='ocr_carea' id='block_1_5' title="bbox 396 2013 1530 2209">
    <p class='ocr_par' dir='ltr' id='par_1_5' title="bbox 396 2013 1530 2209">
     <span class='ocr_line' id='line_1_16' title="bbox 396 2013 1530 2110; baseline 0 -28"><span class='ocrx_word' id='word_1_128' title='bbox 396 2021 578 2103; x_wconf 88' lang='lat' dir='ltr'>presentem</span> <span class='ocrx_word' id='word_1_129' title='bbox 595 2019 717 2080; x_wconf 86' lang='lat' dir='ltr'>cartem</span> <span class='ocrx_word' id='word_1_130' title='bbox 744 2013 843 2098; x_wconf 84' lang='lat' dir='ltr'>sigilli</span> <span class='ocrx_word' id='word_1_131' title='bbox 860 2015 1002 2100; x_wconf 84' lang='lat' dir='ltr'>Capituli</span> <span class='ocrx_word' id='word_1_132' title='bbox 1020 2015 1121 2081; x_wconf 91' lang='lat' dir='ltr'>nostri</span> <span class='ocrx_word' id='word_1_133' title='bbox 1141 2016 1317 2110; x_wconf 85' lang='lat' dir='ltr'>munimine</span> <span class='ocrx_word' id='word_1_134' title='bbox 1333 2018 1530 2083; x_wconf 83' lang='lat' dir='ltr'>roboratam</span> 
     </span>
     <span class='ocr_line' id='line_1_17' title="bbox 397 2121 1320 2209; baseline -0.002 -21"><span class='ocrx_word' id='word_1_135' title='bbox 397 2123 565 2209; x_wconf 89' lang='lat' dir='ltr'>pecierunt</span> <span class='ocrx_word' id='word_1_136' title='bbox 579 2121 738 2189; x_wconf 88' lang='lat' dir='ltr'>adnotari.</span> <span class='ocrx_word' id='word_1_137' title='bbox 759 2123 854 2190; x_wconf 89' lang='lat' dir='ltr'>Anno</span> <span class='ocrx_word' id='word_1_138' title='bbox 871 2122 1001 2190; x_wconf 89' lang='lat' dir='ltr'>Domini</span> <span class='ocrx_word' id='word_1_139' title='bbox 1019 2125 1063 2188; x_wconf 82' lang='lat' dir='ltr'>M⁰</span> <span class='ocrx_word' id='word_1_140' title='bbox 1074 2121 1258 2188; x_wconf 82' lang='lat' dir='ltr'>CC⁰XXX⁰</span> <span class='ocrx_word' id='word_1_141' title='bbox 1269 2124 1320 2190; x_wconf 76' lang='lat' dir='ltr'>IJ?</span> 
     </span>
    </p>
   </div>
   <div class='ocr_carea' id='block_1_6' title="bbox 739 2300 1175 2369">
    <p class='ocr_par' dir='ltr' id='par_1_6' title="bbox 739 2300 1175 2369">
     <span class='ocr_line' id='line_1_18' title="bbox 739 2300 1175 2369; baseline 0.002 -1"><span class='ocrx_word' id='word_1_142' title='bbox 739 2300 1175 2369; x_wconf 80' lang='lat' dir='ltr'>AB-OD</span> 
     </span>
    </p>
   </div>
   <div class='ocr_carea' id='block_1_7' title="bbox 396 2495 1524 2658">
    <p class='ocr_par' dir='ltr' id='par_1_7' title="bbox 396 2495 1524 2658">
     <span class='ocr_line' id='line_1_19' title="bbox 396 2495 1524 2567; baseline -0.003 -15"><span class='ocrx_word' id='word_1_143' title='bbox 396 2500 532 2566; x_wconf 81' lang='lat' dir='ltr'>(Erudetie</span> <span class='ocrx_word' id='word_1_144' title='bbox 547 2497 718 2567; x_wconf 67' lang='lat' dir='ltr'>blirhdrtydn,</span> <span class='ocrx_word' id='word_1_145' title='bbox 732 2502 843 2566; x_wconf 80' lang='lat' dir='ltr'>melyrb&#39;l</span> <span class='ocrx_word' id='word_1_146' title='bbox 856 2515 873 2550; x_wconf 93' lang='lat' dir='ltr'>a</span> <span class='ocrx_word' id='word_1_147' title='bbox 886 2497 1110 2566; x_wconf 75' lang='lat' dir='ltr'>hdrtyazsinegen</span> <span class='ocrx_word' id='word_1_148' title='bbox 1128 2501 1237 2566; x_wconf 76' lang='lat' dir='ltr'>suggere</span> <span class='ocrx_word' id='word_1_149' title='bbox 1249 2495 1342 2566; x_wconf 72' lang='lat' dir='ltr'>peccet</span> <span class='ocrx_word' id='word_1_150' title='bbox 1354 2499 1494 2560; x_wconf 82' lang='lat' dir='ltr'>elveaaott,</span> <span class='ocrx_word' id='word_1_151' title='bbox 1507 2513 1524 2548; x_wconf 80' lang='lat' dir='ltr'>a</span> 
     </span>
     <span class='ocr_line' id='line_1_20' title="bbox 717 2587 1197 2658; baseline -0.004 -15"><span class='ocrx_word' id='word_1_152' title='bbox 717 2593 797 2644; x_wconf 84' lang='lat' dir='ltr'>budai</span> <span class='ocrx_word' id='word_1_153' title='bbox 811 2594 863 2643; x_wconf 81' lang='lat' dir='ltr'>kir.</span> <span class='ocrx_word' id='word_1_154' title='bbox 877 2593 999 2644; x_wconf 86' lang='lat' dir='ltr'>kamarai</span> <span class='ocrx_word' id='word_1_155' title='bbox 1010 2587 1197 2658; x_wconf 72' lang='lat' dir='ltr'>levelttrban.)</span> 
     </span>
    </p>
   </div>
   <div class='ocr_carea' id='block_1_8' title="bbox 394 3533 1522 3849">
    <p class='ocr_par' dir='ltr' id='par_1_8' title="bbox 394 3533 1522 3849">
     <span class='ocr_line' id='line_1_21' title="bbox 396 3533 1522 3633; baseline -0.01 -19"><span class='ocrx_word' id='word_1_156' title='bbox 396 3548 425 3614; x_wconf 84' lang='lat' dir='ltr'><em>A</em></span> <span class='ocrx_word' id='word_1_157' title='bbox 436 3549 526 3633; x_wconf 73' lang='lat' dir='ltr'>pecaa&#39;</span> <span class='ocrx_word' id='word_1_158' title='bbox 541 3546 762 3633; x_wconf 76' lang='lat' dir='ltr'>kriptaluonale</span> <span class='ocrx_word' id='word_1_159' title='bbox 777 3545 1045 3632; x_wconf 74' lang='lat' dir='ltr'>hizooyudyleoelc,</span> <span class='ocrx_word' id='word_1_160' title='bbox 1061 3545 1142 3631; x_wconf 75' lang='lat' dir='ltr'>dopy</span> <span class='ocrx_word' id='word_1_161' title='bbox 1158 3543 1287 3610; x_wconf 80' lang='lat' dir='ltr'>Mortuo</span> <span class='ocrx_word' id='word_1_162' title='bbox 1310 3533 1522 3608; x_wconf 76' lang='lat' dir='ltr'>Gordaadoak</span> 
     </span>
     <span class='ocr_line' id='line_1_22' title="bbox 394 3647 1522 3740; baseline -0.009 -22"><span class='ocrx_word' id='word_1_163' title='bbox 394 3656 438 3736; x_wconf 79' lang='lat' dir='ltr'>fia</span> <span class='ocrx_word' id='word_1_164' title='bbox 463 3656 494 3717; x_wconf 86' lang='lat' dir='ltr'>e&#39;s</span> <span class='ocrx_word' id='word_1_165' title='bbox 519 3653 716 3718; x_wconf 66' lang='lat' dir='ltr'>adsummi</span> <span class='ocrx_word' id='word_1_166' title='bbox 739 3653 861 3718; x_wconf 78' lang='lat' dir='ltr'>Bedeelt</span> <span class='ocrx_word' id='word_1_167' title='bbox 887 3663 915 3718; x_wconf 85' lang='lat' dir='ltr'>et</span> <span class='ocrx_word' id='word_1_168' title='bbox 939 3654 1077 3740; x_wconf 64' lang='lat' dir='ltr'>Teupycz</span> <span class='ocrx_word' id='word_1_169' title='bbox 1100 3650 1279 3716; x_wconf 64' lang='lat' dir='ltr'>binokakut</span> <span class='ocrx_word' id='word_1_170' title='bbox 1298 3647 1488 3713; x_wconf 74' lang='lat' dir='ltr'>Ioaolcdoak</span> <span class='ocrx_word' id='word_1_171' title='bbox 1502 3669 1522 3708; x_wconf 87' lang='lat' dir='ltr'>a</span> 
     </span>
     <span class='ocr_line' id='line_1_23' title="bbox 645 3759 1267 3849; baseline -0.008 -22"><span class='ocrx_word' id='word_1_172' title='bbox 645 3760 759 3827; x_wconf 72' lang='lat' dir='ltr'>Sudore</span> <span class='ocrx_word' id='word_1_173' title='bbox 775 3761 993 3849; x_wconf 73' lang='lat' dir='ltr'>nemaetsepbdl</span> <span class='ocrx_word' id='word_1_174' title='bbox 1007 3759 1146 3825; x_wconf 77' lang='lat' dir='ltr'>eladldk.</span> <span class='ocrx_word' id='word_1_175' title='bbox 1171 3759 1267 3823; x_wconf 84' lang='lat'><em>1232.</em></span> 
     </span>
    </p>
   </div>
   <div class='ocr_carea' id='block_1_9' title="bbox 395 3949 1522 4691">
    <p class='ocr_par' dir='ltr' id='par_1_9' title="bbox 395 3949 1522 4691">
     <span class='ocr_line' id='line_1_24' title="bbox 503 3949 1510 4045; baseline -0.015 -17"><span class='ocrx_word' id='word_1_176' title='bbox 503 3959 643 4028; x_wconf 71' lang='lat' dir='ltr'>Gonnus</span> <span class='ocrx_word' id='word_1_177' title='bbox 661 3959 848 4045; x_wconf 87' lang='lat' dir='ltr'>Propositus</span> <span class='ocrx_word' id='word_1_178' title='bbox 873 3965 906 4024; x_wconf 90' lang='lat' dir='ltr'>et</span> <span class='ocrx_word' id='word_1_179' title='bbox 921 3963 1023 4024; x_wconf 87' lang='lat' dir='ltr'>totum</span> <span class='ocrx_word' id='word_1_180' title='bbox 1039 3955 1223 4042; x_wconf 81' lang='lat' dir='ltr'>Capitulum</span> <span class='ocrx_word' id='word_1_181' title='bbox 1250 3949 1510 4033; x_wconf 80' lang='lat' dir='ltr'>Quinque-Eecle</span> 
     </span>
     <span class='ocr_line' id='line_1_25' title="bbox 396 4057 1520 4152; baseline -0.014 -17"><span class='ocrx_word' id='word_1_182' title='bbox 396 4068 503 4136; x_wconf 82' lang='lat' dir='ltr'>eieuse</span> <span class='ocrx_word' id='word_1_183' title='bbox 521 4069 671 4134; x_wconf 87' lang='lat' dir='ltr'>omnibus</span> <span class='ocrx_word' id='word_1_184' title='bbox 687 4086 822 4152; x_wconf 84' lang='lat' dir='ltr'>presens</span> <span class='ocrx_word' id='word_1_185' title='bbox 847 4065 1004 4151; x_wconf 89' lang='lat' dir='ltr'>seriptum</span> <span class='ocrx_word' id='word_1_186' title='bbox 1020 4062 1214 4151; x_wconf 88' lang='lat' dir='ltr'>inspecturis</span> <span class='ocrx_word' id='word_1_187' title='bbox 1239 4059 1379 4126; x_wconf 86' lang='lat' dir='ltr'>salutem</span> <span class='ocrx_word' id='word_1_188' title='bbox 1395 4057 1430 4122; x_wconf 89' lang='lat' dir='ltr'>in</span> <span class='ocrx_word' id='word_1_189' title='bbox 1447 4075 1520 4122; x_wconf 84' lang='lat' dir='ltr'>vero</span> 
     </span>
     <span class='ocr_line' id='line_1_26' title="bbox 396 4161 1521 4253; baseline -0.015 -10"><span class='ocrx_word' id='word_1_190' title='bbox 396 4175 541 4243; x_wconf 86' lang='lat' dir='ltr'>salutari.</span> <span class='ocrx_word' id='word_1_191' title='bbox 564 4173 617 4240; x_wconf 88' lang='lat' dir='ltr'>Ad</span> <span class='ocrx_word' id='word_1_192' title='bbox 633 4173 856 4240; x_wconf 83' lang='lat' dir='ltr'>uniuersorum</span> <span class='ocrx_word' id='word_1_193' title='bbox 879 4170 1033 4240; x_wconf 87' lang='lat' dir='ltr'>noticiam</span> <span class='ocrx_word' id='word_1_194' title='bbox 1052 4170 1201 4236; x_wconf 83' lang='lat' dir='ltr'>volumus</span> <span class='ocrx_word' id='word_1_195' title='bbox 1227 4165 1408 4253; x_wconf 87' lang='lat' dir='ltr'>peruenire,</span> <span class='ocrx_word' id='word_1_196' title='bbox 1436 4161 1521 4246; x_wconf 90' lang='lat' dir='ltr'>quod</span> 
     </span>
     <span class='ocr_line' id='line_1_27' title="bbox 395 4273 1522 4362; baseline -0.015 -12"><span class='ocrx_word' id='word_1_197' title='bbox 395 4281 532 4350; x_wconf 87' lang='lat' dir='ltr'>Iwanka</span> <span class='ocrx_word' id='word_1_198' title='bbox 556 4282 641 4348; x_wconf 88' lang='lat' dir='ltr'>filius</span> <span class='ocrx_word' id='word_1_199' title='bbox 666 4279 833 4346; x_wconf 82' lang='lat' dir='ltr'>Abraham</span> <span class='ocrx_word' id='word_1_200' title='bbox 860 4277 1037 4362; x_wconf 83' lang='lat' dir='ltr'>degenere</span> <span class='ocrx_word' id='word_1_201' title='bbox 1061 4273 1172 4343; x_wconf 86' lang='lat' dir='ltr'>Sudau</span> <span class='ocrx_word' id='word_1_202' title='bbox 1198 4295 1238 4342; x_wconf 87' lang='lat' dir='ltr'>ex</span> <span class='ocrx_word' id='word_1_203' title='bbox 1259 4293 1324 4338; x_wconf 82' lang='lat' dir='ltr'>vna</span> <span class='ocrx_word' id='word_1_204' title='bbox 1351 4279 1467 4357; x_wconf 87' lang='lat' dir='ltr'>parte;</span> <span class='ocrx_word' id='word_1_205' title='bbox 1492 4275 1522 4334; x_wconf 92' lang='lat' dir='ltr'>et</span> 
     </span>
     <span class='ocr_line' id='line_1_28' title="bbox 396 4377 1521 4476; baseline -0.013 -20"><span class='ocrx_word' id='word_1_206' title='bbox 396 4393 534 4476; x_wconf 84' lang='lat' dir='ltr'>Mortun,</span> <span class='ocrx_word' id='word_1_207' title='bbox 561 4397 594 4456; x_wconf 91' lang='lat' dir='ltr'>et</span> <span class='ocrx_word' id='word_1_208' title='bbox 612 4389 732 4455; x_wconf 88' lang='lat' dir='ltr'>Wolko</span> <span class='ocrx_word' id='word_1_209' title='bbox 757 4388 842 4454; x_wconf 88' lang='lat' dir='ltr'>lilius</span> <span class='ocrx_word' id='word_1_210' title='bbox 868 4385 1028 4469; x_wconf 68' lang='lat' dir='ltr'>(iordane,</span> <span class='ocrx_word' id='word_1_211' title='bbox 1053 4380 1230 4450; x_wconf 82' lang='lat' dir='ltr'>Christofol</span> <span class='ocrx_word' id='word_1_212' title='bbox 1254 4379 1343 4445; x_wconf 90' lang='lat' dir='ltr'>filius</span> <span class='ocrx_word' id='word_1_213' title='bbox 1365 4377 1474 4462; x_wconf 86' lang='lat' dir='ltr'>Kyris,</span> <span class='ocrx_word' id='word_1_214' title='bbox 1492 4383 1521 4442; x_wconf 93' lang='lat' dir='ltr'>et</span> 
     </span>
     <span class='ocr_line' id='line_1_29' title="bbox 396 4486 1520 4585; baseline -0.015 -21"><span class='ocrx_word' id='word_1_215' title='bbox 396 4501 543 4585; x_wconf 81' lang='lat' dir='ltr'>Lauryoz</span> <span class='ocrx_word' id='word_1_216' title='bbox 558 4495 642 4565; x_wconf 87' lang='lat' dir='ltr'>lilius</span> <span class='ocrx_word' id='word_1_217' title='bbox 657 4495 788 4580; x_wconf 87' lang='lat' dir='ltr'>Mycola</span> <span class='ocrx_word' id='word_1_218' title='bbox 804 4514 844 4560; x_wconf 85' lang='lat' dir='ltr'>ex</span> <span class='ocrx_word' id='word_1_219' title='bbox 862 4494 977 4579; x_wconf 86' lang='lat' dir='ltr'>altera,</span> <span class='ocrx_word' id='word_1_220' title='bbox 1002 4513 1111 4558; x_wconf 87' lang='lat' dir='ltr'>eoram</span> <span class='ocrx_word' id='word_1_221' title='bbox 1127 4491 1223 4557; x_wconf 88' lang='lat' dir='ltr'>nobis</span> <span class='ocrx_word' id='word_1_222' title='bbox 1239 4486 1433 4553; x_wconf 87' lang='lat' dir='ltr'>accedentes</span> <span class='ocrx_word' id='word_1_223' title='bbox 1449 4504 1520 4550; x_wconf 91' lang='lat' dir='ltr'>con-</span> 
     </span>
     <span class='ocr_line' id='line_1_30' title="bbox 397 4591 1519 4691; baseline -0.016 -17"><span class='ocrx_word' id='word_1_224' title='bbox 397 4610 475 4677; x_wconf 88' lang='lat' dir='ltr'>sessi</span> <span class='ocrx_word' id='word_1_225' title='bbox 493 4615 576 4690; x_wconf 85' lang='lat' dir='ltr'>sunt,</span> <span class='ocrx_word' id='word_1_226' title='bbox 592 4606 679 4691; x_wconf 88' lang='lat' dir='ltr'>quod</span> <span class='ocrx_word' id='word_1_227' title='bbox 693 4604 749 4670; x_wconf 88' lang='lat' dir='ltr'>isti</span> <span class='ocrx_word' id='word_1_228' title='bbox 765 4610 913 4690; x_wconf 85' lang='lat' dir='ltr'>quatuor,</span> <span class='ocrx_word' id='word_1_229' title='bbox 940 4603 1065 4670; x_wconf 88' lang='lat' dir='ltr'>scilicet</span> <span class='ocrx_word' id='word_1_230' title='bbox 1080 4604 1208 4668; x_wconf 90' lang='lat' dir='ltr'>Mortun</span> <span class='ocrx_word' id='word_1_231' title='bbox 1225 4602 1258 4664; x_wconf 88' lang='lat' dir='ltr'>et</span> <span class='ocrx_word' id='word_1_232' title='bbox 1273 4594 1405 4680; x_wconf 85' lang='lat' dir='ltr'>Wolko,</span> <span class='ocrx_word' id='word_1_233' title='bbox 1434 4591 1519 4658; x_wconf 84' lang='lat' dir='ltr'>chri-</span> 
     </span>
    </p>
   </div>
   <div class='ocr_carea' id='block_1_10' title="bbox 0 0 1624 5184">
    <p class='ocr_par' dir='ltr' id='par_1_10' title="bbox 0 0 1624 5184">
     <span class='ocr_line' id='line_1_31' title="bbox 0 0 1624 5184; baseline 0 1"><span class='ocrx_word' id='word_1_234' title='bbox 0 0 1624 5184; x_wconf 95' lang='lat' dir='ltr'> </span> 
     </span>
    </p>
   </div>
  </div>
 </body>
</html>
