<?xml version="1.0" encoding="UTF-8"?>
<!DOCTYPE html PUBLIC "-//W3C//DTD XHTML 1.0 Transitional//EN"
    "http://www.w3.org/TR/xhtml1/DTD/xhtml1-transitional.dtd">
<html xmlns="http://www.w3.org/1999/xhtml" xml:lang="en" lang="en">
 <head>
  <title>
</title>
<meta http-equiv="Content-Type" content="text/html;charset=utf-8" />
  <meta name='ocr-system' content='tesseract 3.04.00' />
  <meta name='ocr-capabilities' content='ocr_page ocr_carea ocr_par ocr_line ocrx_word'/>
</head>
<body>
  <div class='ocr_page' id='page_1' title='image "./codexdiplomatic05wenzgoog_0286.png"; bbox 0 0 3164 5192; ppageno 0'>
   <div class='ocr_carea' id='block_1_1' title="bbox 872 337 1032 450">
    <p class='ocr_par' dir='ltr' id='par_1_1' title="bbox 872 337 1032 450">
     <span class='ocr_line' id='line_1_1' title="bbox 872 337 1032 450; baseline 0.013 -37"><span class='ocrx_word' id='word_1_1' title='bbox 872 337 1032 450; x_wconf 57' lang='lat' dir='ltr'><strong>„lii-</strong></span> 
     </span>
    </p>
   </div>
   <div class='ocr_carea' id='block_1_2' title="bbox 384 541 1519 3984">
    <p class='ocr_par' dir='ltr' id='par_1_2' title="bbox 384 541 1519 3984">
     <span class='ocr_line' id='line_1_2' title="bbox 386 541 1514 634; baseline -0.004 -20"><span class='ocrx_word' id='word_1_2' title='bbox 386 545 499 616; x_wconf 91' lang='lat' dir='ltr'><strong>mitum</strong></span> <span class='ocrx_word' id='word_1_3' title='bbox 511 551 721 634; x_wconf 83' lang='lat' dir='ltr'><strong>comparatur</strong></span> <span class='ocrx_word' id='word_1_4' title='bbox 730 545 901 630; x_wconf 87' lang='lat' dir='ltr'><strong>poenitens</strong></span> <span class='ocrx_word' id='word_1_5' title='bbox 917 543 1048 612; x_wconf 89' lang='lat' dir='ltr'><strong>rediens</strong></span> <span class='ocrx_word' id='word_1_6' title='bbox 1066 541 1109 610; x_wconf 84' lang='lat' dir='ltr'><strong>ad</strong></span> <span class='ocrx_word' id='word_1_7' title='bbox 1126 547 1305 629; x_wconf 84' lang='lat' dir='ltr'><strong>peccatum.</strong></span> <span class='ocrx_word' id='word_1_8' title='bbox 1321 543 1381 610; x_wconf 85' lang='lat' dir='ltr'><strong>Est</strong></span> <span class='ocrx_word' id='word_1_9' title='bbox 1391 561 1514 629; x_wconf 86' lang='lat' dir='ltr'><strong>quoque</strong></span> 
     </span>
     <span class='ocr_line' id='line_1_3' title="bbox 384 651 1514 742; baseline -0.004 -20"><span class='ocrx_word' id='word_1_10' title='bbox 384 655 489 724; x_wconf 88' lang='lat' dir='ltr'><strong>levius</strong></span> <span class='ocrx_word' id='word_1_11' title='bbox 505 659 696 742; x_wconf 88' lang='lat' dir='ltr'><strong>peccatum,</strong></span> <span class='ocrx_word' id='word_1_12' title='bbox 726 652 813 736; x_wconf 89' lang='lat' dir='ltr'><strong>quod</strong></span> <span class='ocrx_word' id='word_1_13' title='bbox 828 651 929 718; x_wconf 85' lang='lat' dir='ltr'><strong>semel</strong></span> <span class='ocrx_word' id='word_1_14' title='bbox 946 651 1166 736; x_wconf 83' lang='lat' dir='ltr'><strong>committitur,</strong></span> <span class='ocrx_word' id='word_1_15' title='bbox 1184 670 1282 734; x_wconf 86' lang='lat' dir='ltr'><strong>quam</strong></span> <span class='ocrx_word' id='word_1_16' title='bbox 1302 651 1392 736; x_wconf 90' lang='lat' dir='ltr'><strong>quod</strong></span> <span class='ocrx_word' id='word_1_17' title='bbox 1406 653 1514 719; x_wconf 80' lang='lat' dir='ltr'><strong>comis</strong></span> 
     </span>
     <span class='ocr_line' id='line_1_4' title="bbox 384 758 1516 846; baseline -0.003 -17"><span class='ocrx_word' id='word_1_18' title='bbox 384 783 457 830; x_wconf 90' lang='lat' dir='ltr'><strong>sum</strong></span> <span class='ocrx_word' id='word_1_19' title='bbox 481 759 583 828; x_wconf 89' lang='lat' dir='ltr'><strong>semel</strong></span> <span class='ocrx_word' id='word_1_20' title='bbox 609 759 817 846; x_wconf 87' lang='lat' dir='ltr'><strong>postmodum</strong></span> <span class='ocrx_word' id='word_1_21' title='bbox 843 759 987 826; x_wconf 83' lang='lat' dir='ltr'><strong>iteratur.</strong></span> <span class='ocrx_word' id='word_1_22' title='bbox 1013 758 1132 826; x_wconf 88' lang='lat' dir='ltr'><strong>Nullus</strong></span> <span class='ocrx_word' id='word_1_23' title='bbox 1158 758 1267 843; x_wconf 86' lang='lat' dir='ltr'><strong>itaque</strong></span> <span class='ocrx_word' id='word_1_24' title='bbox 1291 765 1440 825; x_wconf 87' lang='lat' dir='ltr'><strong>vestrum</strong></span> <span class='ocrx_word' id='word_1_25' title='bbox 1458 759 1516 826; x_wconf 90' lang='lat' dir='ltr'><strong>sibi</strong></span> 
     </span>
     <span class='ocr_line' id='line_1_5' title="bbox 386 867 1517 954; baseline -0.004 -18"><span class='ocrx_word' id='word_1_26' title='bbox 386 876 507 936; x_wconf 90' lang='lat' dir='ltr'><strong>temere</strong></span> <span class='ocrx_word' id='word_1_27' title='bbox 524 867 734 952; x_wconf 89' lang='lat' dir='ltr'><strong>blandiatur,</strong></span> <span class='ocrx_word' id='word_1_28' title='bbox 761 867 849 952; x_wconf 89' lang='lat' dir='ltr'><strong>qnod</strong></span> <span class='ocrx_word' id='word_1_29' title='bbox 864 873 984 934; x_wconf 87' lang='lat' dir='ltr'><strong>terram</strong></span> <span class='ocrx_word' id='word_1_30' title='bbox 1001 869 1201 936; x_wconf 84' lang='lat' dir='ltr'><strong>Graecorum</strong></span> <span class='ocrx_word' id='word_1_31' title='bbox 1226 887 1388 954; x_wconf 86' lang='lat' dir='ltr'><strong>occupare</strong></span> <span class='ocrx_word' id='word_1_32' title='bbox 1408 868 1472 934; x_wconf 91' lang='lat' dir='ltr'><strong>sibi</strong></span> <span class='ocrx_word' id='word_1_33' title='bbox 1485 868 1517 932; x_wconf 92' lang='lat' dir='ltr'><strong>li-</strong></span> 
     </span>
     <span class='ocr_line' id='line_1_6' title="bbox 389 975 1517 1064; baseline -0.004 -18"><span class='ocrx_word' id='word_1_34' title='bbox 389 984 462 1046; x_wconf 89' lang='lat' dir='ltr'><strong>ceat</strong></span> <span class='ocrx_word' id='word_1_35' title='bbox 471 977 524 1046; x_wconf 90' lang='lat' dir='ltr'><strong>vel</strong></span> <span class='ocrx_word' id='word_1_36' title='bbox 539 975 702 1063; x_wconf 86' lang='lat' dir='ltr'><strong>praedari,</strong></span> <span class='ocrx_word' id='word_1_37' title='bbox 718 981 875 1061; x_wconf 87' lang='lat' dir='ltr'><strong>tanquam</strong></span> <span class='ocrx_word' id='word_1_38' title='bbox 886 976 994 1043; x_wconf 92' lang='lat' dir='ltr'><strong>miuus</strong></span> <span class='ocrx_word' id='word_1_39' title='bbox 1005 978 1047 1044; x_wconf 90' lang='lat' dir='ltr'><strong>sit</strong></span> <span class='ocrx_word' id='word_1_40' title='bbox 1056 975 1266 1064; x_wconf 79' lang='lat' dir='ltr'><strong>ilpostolicae</strong></span> <span class='ocrx_word' id='word_1_41' title='bbox 1273 977 1350 1044; x_wconf 86' lang='lat' dir='ltr'><strong>Sedi</strong></span> <span class='ocrx_word' id='word_1_42' title='bbox 1360 976 1517 1061; x_wconf 82' lang='lat' dir='ltr'><strong>subjecta,</strong></span> 
     </span>
     <span class='ocr_line' id='line_1_7' title="bbox 389 1083 1518 1172; baseline -0.004 -18"><span class='ocrx_word' id='word_1_43' title='bbox 389 1095 421 1156; x_wconf 90' lang='lat' dir='ltr'><strong>et</strong></span> <span class='ocrx_word' id='word_1_44' title='bbox 437 1086 525 1172; x_wconf 90' lang='lat' dir='ltr'><strong>quod</strong></span> <span class='ocrx_word' id='word_1_45' title='bbox 537 1134 625 1152; x_wconf 89' lang='grc'><strong>.....</strong></span> <span class='ocrx_word' id='word_1_46' title='bbox 642 1085 821 1171; x_wconf 81' lang='lat' dir='ltr'><strong>Imperator</strong></span> <span class='ocrx_word' id='word_1_47' title='bbox 838 1084 1230 1172; x_wconf 70' lang='lat' dir='ltr'><strong>constantinopolitanus,</strong></span> <span class='ocrx_word' id='word_1_48' title='bbox 1251 1085 1404 1170; x_wconf 89' lang='lat' dir='ltr'><strong>deposito</strong></span> <span class='ocrx_word' id='word_1_49' title='bbox 1420 1083 1518 1150; x_wconf 83' lang='lat' dir='ltr'><strong>fratre</strong></span> 
     </span>
     <span class='ocr_line' id='line_1_8' title="bbox 387 1192 1517 1282; baseline -0.004 -20"><span class='ocrx_word' id='word_1_50' title='bbox 387 1215 457 1281; x_wconf 89' lang='lat' dir='ltr'><strong>suo,</strong></span> <span class='ocrx_word' id='word_1_51' title='bbox 472 1203 505 1262; x_wconf 90' lang='lat' dir='ltr'><strong>et</strong></span> <span class='ocrx_word' id='word_1_52' title='bbox 520 1193 619 1261; x_wconf 90' lang='lat' dir='ltr'><strong>etiam</strong></span> <span class='ocrx_word' id='word_1_53' title='bbox 636 1199 821 1278; x_wconf 86' lang='lat' dir='ltr'><strong>excaecato,</strong></span> <span class='ocrx_word' id='word_1_54' title='bbox 839 1194 1013 1282; x_wconf 91' lang='lat' dir='ltr'><strong>Imperium</strong></span> <span class='ocrx_word' id='word_1_55' title='bbox 1029 1193 1210 1280; x_wconf 89' lang='lat' dir='ltr'><strong>usurpavit.</strong></span> <span class='ocrx_word' id='word_1_56' title='bbox 1227 1192 1324 1278; x_wconf 89' lang='lat' dir='ltr'><strong>Sane,</strong></span> <span class='ocrx_word' id='word_1_57' title='bbox 1349 1199 1517 1278; x_wconf 86' lang='lat' dir='ltr'><strong>quantum·</strong></span> 
     </span>
     <span class='ocr_line' id='line_1_9' title="bbox 388 1298 1519 1388; baseline -0.006 -17"><span class='ocrx_word' id='word_1_58' title='bbox 388 1322 514 1388; x_wconf 89' lang='lat' dir='ltr'><strong>cunque</strong></span> <span class='ocrx_word' id='word_1_59' title='bbox 526 1304 559 1370; x_wconf 94' lang='lat' dir='ltr'><strong>in</strong></span> <span class='ocrx_word' id='word_1_60' title='bbox 574 1301 636 1370; x_wconf 90' lang='lat' dir='ltr'><strong>hoc</strong></span> <span class='ocrx_word' id='word_1_61' title='bbox 650 1304 704 1369; x_wconf 91' lang='lat' dir='ltr'><strong>vel</strong></span> <span class='ocrx_word' id='word_1_62' title='bbox 720 1302 795 1369; x_wconf 89' lang='lat' dir='ltr'><strong>aliis</strong></span> <span class='ocrx_word' id='word_1_63' title='bbox 811 1301 898 1369; x_wconf 92' lang='lat' dir='ltr'><strong>idem</strong></span> <span class='ocrx_word' id='word_1_64' title='bbox 914 1303 1105 1388; x_wconf 89' lang='lat' dir='ltr'><strong>Imperator,</strong></span> <span class='ocrx_word' id='word_1_65' title='bbox 1124 1309 1157 1368; x_wconf 89' lang='lat' dir='ltr'><strong>et</strong></span> <span class='ocrx_word' id='word_1_66' title='bbox 1172 1301 1320 1370; x_wconf 86' lang='lat' dir='ltr'><strong>homiues</strong></span> <span class='ocrx_word' id='word_1_67' title='bbox 1336 1303 1413 1386; x_wconf 90' lang='lat' dir='ltr'><strong>ejus</strong></span> <span class='ocrx_word' id='word_1_68' title='bbox 1425 1298 1519 1386; x_wconf 92' lang='lat' dir='ltr'><strong>juris·</strong></span> 
     </span>
     <span class='ocr_line' id='line_1_10' title="bbox 388 1409 1519 1496; baseline -0.001 -19"><span class='ocrx_word' id='word_1_69' title='bbox 388 1410 522 1478; x_wconf 91' lang='lat' dir='ltr'><strong>dictioni</strong></span> <span class='ocrx_word' id='word_1_70' title='bbox 539 1411 704 1478; x_wconf 78' lang='lat' dir='ltr'><strong>commissi</strong></span> <span class='ocrx_word' id='word_1_71' title='bbox 721 1409 921 1496; x_wconf 87' lang='lat' dir='ltr'><strong>delinquant,</strong></span> <span class='ocrx_word' id='word_1_72' title='bbox 945 1431 1010 1480; x_wconf 90' lang='lat' dir='ltr'><strong>uon</strong></span> <span class='ocrx_word' id='word_1_73' title='bbox 1026 1418 1075 1478; x_wconf 90' lang='lat' dir='ltr'><strong>est</strong></span> <span class='ocrx_word' id='word_1_74' title='bbox 1091 1417 1200 1478; x_wconf 61' lang='lat' dir='ltr'><strong>umen</strong></span> <span class='ocrx_word' id='word_1_75' title='bbox 1216 1417 1361 1478; x_wconf 90' lang='lat' dir='ltr'><strong>vestrum</strong></span> <span class='ocrx_word' id='word_1_76' title='bbox 1377 1411 1422 1476; x_wconf 91' lang='lat' dir='ltr'><strong>de</strong></span> <span class='ocrx_word' id='word_1_77' title='bbox 1438 1411 1519 1495; x_wconf 81' lang='lat' dir='ltr'><strong>ipso</strong></span> 
     </span>
     <span class='ocr_line' id='line_1_11' title="bbox 386 1515 1519 1603; baseline -0.004 -18"><span class='ocrx_word' id='word_1_78' title='bbox 386 1537 456 1585; x_wconf 91' lang='lat' dir='ltr'><strong>rum</strong></span> <span class='ocrx_word' id='word_1_79' title='bbox 468 1517 617 1603; x_wconf 90' lang='lat' dir='ltr'><strong>judicare</strong></span> <span class='ocrx_word' id='word_1_80' title='bbox 628 1517 765 1602; x_wconf 88' lang='lat' dir='ltr'><strong>delictis,</strong></span> <span class='ocrx_word' id='word_1_81' title='bbox 787 1538 846 1584; x_wconf 89' lang='lat' dir='ltr'><strong>nec</strong></span> <span class='ocrx_word' id='word_1_82' title='bbox 862 1517 978 1585; x_wconf 85' lang='lat' dir='ltr'><strong>adhoc</strong></span> <span class='ocrx_word' id='word_1_83' title='bbox 993 1520 1097 1586; x_wconf 88' lang='lat' dir='ltr'><strong>crucis</strong></span> <span class='ocrx_word' id='word_1_84' title='bbox 1108 1517 1312 1602; x_wconf 81' lang='lat' dir='ltr'><strong>signaculum</strong></span> <span class='ocrx_word' id='word_1_85' title='bbox 1323 1515 1519 1601; x_wconf 82' lang='lat' dir='ltr'><strong>assumpsis-</strong></span> 
     </span>
     <span class='ocr_line' id='line_1_12' title="bbox 385 1625 1518 1714; baseline -0.005 -22"><span class='ocrx_word' id='word_1_86' title='bbox 385 1625 439 1710; x_wconf 85' lang='lat' dir='ltr'><strong>tis,</strong></span> <span class='ocrx_word' id='word_1_87' title='bbox 456 1632 490 1690; x_wconf 93' lang='lat' dir='ltr'><strong>ut</strong></span> <span class='ocrx_word' id='word_1_88' title='bbox 505 1625 590 1691; x_wconf 79' lang='lat' dir='ltr'><strong>banc</strong></span> <span class='ocrx_word' id='word_1_89' title='bbox 605 1625 816 1693; x_wconf 80' lang='lat' dir='ltr'><strong>vindicaretis</strong></span> <span class='ocrx_word' id='word_1_90' title='bbox 833 1627 996 1711; x_wconf 85' lang='lat' dir='ltr'><strong>injuriam,</strong></span> <span class='ocrx_word' id='word_1_91' title='bbox 1017 1627 1076 1694; x_wconf 92' lang='lat' dir='ltr'><strong>sed</strong></span> <span class='ocrx_word' id='word_1_92' title='bbox 1092 1626 1302 1714; x_wconf 91' lang='lat' dir='ltr'><strong>opprobrium</strong></span> <span class='ocrx_word' id='word_1_93' title='bbox 1322 1625 1437 1710; x_wconf 90' lang='lat' dir='ltr'><strong>potius</strong></span> <span class='ocrx_word' id='word_1_94' title='bbox 1453 1641 1518 1687; x_wconf 91' lang='lat' dir='ltr'><strong>cru·</strong></span> 
     </span>
     <span class='ocr_line' id='line_1_13' title="bbox 386 1729 1518 1821; baseline -0.002 -23"><span class='ocrx_word' id='word_1_95' title='bbox 386 1731 483 1819; x_wconf 83' lang='lat' dir='ltr'><strong>oilixi,</strong></span> <span class='ocrx_word' id='word_1_96' title='bbox 500 1733 591 1818; x_wconf 89' lang='lat' dir='ltr'><strong>cujus</strong></span> <span class='ocrx_word' id='word_1_97' title='bbox 608 1753 666 1801; x_wconf 91' lang='lat' dir='ltr'><strong>vos</strong></span> <span class='ocrx_word' id='word_1_98' title='bbox 685 1734 841 1818; x_wconf 91' lang='lat' dir='ltr'><strong>obsequio</strong></span> <span class='ocrx_word' id='word_1_99' title='bbox 858 1733 1044 1821; x_wconf 89' lang='lat' dir='ltr'><strong>specialiter</strong></span> <span class='ocrx_word' id='word_1_100' title='bbox 1060 1733 1250 1821; x_wconf 82' lang='lat' dir='ltr'><strong>deputastis.</strong></span> <span class='ocrx_word' id='word_1_101' title='bbox 1272 1734 1447 1800; x_wconf 89' lang='lat' dir='ltr'><strong>Mouemus</strong></span> <span class='ocrx_word' id='word_1_102' title='bbox 1462 1729 1518 1812; x_wconf 82' lang='lat' dir='ltr'><strong>igi·</strong></span> 
     </span>
     <span class='ocr_line' id='line_1_14' title="bbox 385 1840 1519 1927; baseline -0.002 -21"><span class='ocrx_word' id='word_1_103' title='bbox 385 1847 438 1907; x_wconf 91' lang='lat' dir='ltr'><strong>tur</strong></span> <span class='ocrx_word' id='word_1_104' title='bbox 452 1840 655 1909; x_wconf 89' lang='lat' dir='ltr'><strong>nobilitatem</strong></span> <span class='ocrx_word' id='word_1_105' title='bbox 671 1847 826 1927; x_wconf 90' lang='lat' dir='ltr'><strong>vestram,</strong></span> <span class='ocrx_word' id='word_1_106' title='bbox 843 1849 875 1908; x_wconf 91' lang='lat' dir='ltr'><strong>et</strong></span> <span class='ocrx_word' id='word_1_107' title='bbox 891 1844 1101 1911; x_wconf 83' lang='lat' dir='ltr'><strong>exhortamur</strong></span> <span class='ocrx_word' id='word_1_108' title='bbox 1111 1848 1243 1926; x_wconf 89' lang='lat' dir='ltr'><strong>attente,</strong></span> <span class='ocrx_word' id='word_1_109' title='bbox 1265 1849 1298 1908; x_wconf 93' lang='lat' dir='ltr'><strong>et</strong></span> <span class='ocrx_word' id='word_1_110' title='bbox 1310 1861 1371 1927; x_wconf 89' lang='lat' dir='ltr'><strong>per</strong></span> <span class='ocrx_word' id='word_1_111' title='bbox 1382 1841 1519 1924; x_wconf 83' lang='lat' dir='ltr'><strong>Aposto-</strong></span> 
     </span>
     <span class='ocr_line' id='line_1_15' title="bbox 386 1944 1516 2038; baseline -0.003 -24"><span class='ocrx_word' id='word_1_112' title='bbox 386 1947 452 2014; x_wconf 89' lang='lat' dir='ltr'><strong>lica</strong></span> <span class='ocrx_word' id='word_1_113' title='bbox 467 1947 561 2016; x_wconf 91' lang='lat' dir='ltr'><strong>vobis</strong></span> <span class='ocrx_word' id='word_1_114' title='bbox 579 1948 702 2035; x_wconf 88' lang='lat' dir='ltr'><strong>scripta</strong></span> <span class='ocrx_word' id='word_1_115' title='bbox 719 1950 952 2038; x_wconf 89' lang='lat' dir='ltr'><strong>praecipiendo</strong></span> <span class='ocrx_word' id='word_1_116' title='bbox 963 1951 1167 2035; x_wconf 90' lang='lat' dir='ltr'><strong>mandamus,</strong></span> <span class='ocrx_word' id='word_1_117' title='bbox 1186 1957 1346 2034; x_wconf 85' lang='lat' dir='ltr'><strong>quatenus</strong></span> <span class='ocrx_word' id='word_1_118' title='bbox 1362 1967 1427 2014; x_wconf 88' lang='lat' dir='ltr'><strong>nec</strong></span> <span class='ocrx_word' id='word_1_119' title='bbox 1438 1944 1516 2012; x_wconf 86' lang='lat' dir='ltr'><strong>deci·</strong></span> 
     </span>
     <span class='ocr_line' id='line_1_16' title="bbox 387 2052 1517 2146; baseline -0.006 -22"><span class='ocrx_word' id='word_1_120' title='bbox 387 2055 519 2142; x_wconf 89' lang='lat' dir='ltr'><strong>cipiatis</strong></span> <span class='ocrx_word' id='word_1_121' title='bbox 528 2074 588 2121; x_wconf 88' lang='lat' dir='ltr'><strong>vos</strong></span> <span class='ocrx_word' id='word_1_122' title='bbox 605 2054 705 2141; x_wconf 91' lang='lat' dir='ltr'><strong>ipsos,</strong></span> <span class='ocrx_word' id='word_1_123' title='bbox 722 2075 783 2122; x_wconf 91' lang='lat' dir='ltr'><strong>uec</strong></span> <span class='ocrx_word' id='word_1_124' title='bbox 795 2058 837 2124; x_wconf 92' lang='lat' dir='ltr'><strong>ab</strong></span> <span class='ocrx_word' id='word_1_125' title='bbox 854 2057 929 2125; x_wconf 86' lang='lat' dir='ltr'><strong>aliis</strong></span> <span class='ocrx_word' id='word_1_126' title='bbox 943 2057 1049 2146; x_wconf 86' lang='lat' dir='ltr'><strong>decipi</strong></span> <span class='ocrx_word' id='word_1_127' title='bbox 1060 2057 1265 2144; x_wconf 83' lang='lat' dir='ltr'><strong>permittatis,</strong></span> <span class='ocrx_word' id='word_1_128' title='bbox 1283 2063 1319 2122; x_wconf 92' lang='lat' dir='ltr'><strong>ut</strong></span> <span class='ocrx_word' id='word_1_129' title='bbox 1328 2055 1394 2122; x_wconf 90' lang='lat' dir='ltr'><strong>sub</strong></span> <span class='ocrx_word' id='word_1_130' title='bbox 1410 2052 1517 2141; x_wconf 88' lang='lat' dir='ltr'><strong>specie</strong></span> 
     </span>
     <span class='ocr_line' id='line_1_17' title="bbox 386 2161 1517 2250; baseline -0.002 -22"><span class='ocrx_word' id='word_1_131' title='bbox 386 2161 520 2250; x_wconf 86' lang='lat' dir='ltr'><strong>pietatis</strong></span> <span class='ocrx_word' id='word_1_132' title='bbox 537 2162 644 2246; x_wconf 82' lang='lat' dir='ltr'><strong>agatis</strong></span> <span class='ocrx_word' id='word_1_133' title='bbox 662 2163 731 2248; x_wconf 87' lang='lat' dir='ltr'><strong>illa,</strong></span> <span class='ocrx_word' id='word_1_134' title='bbox 751 2164 838 2248; x_wconf 89' lang='lat' dir='ltr'><strong>quod</strong></span> <span class='ocrx_word' id='word_1_135' title='bbox 855 2165 962 2232; x_wconf 87' lang='lat' dir='ltr'><strong>absitl</strong></span> <span class='ocrx_word' id='word_1_136' title='bbox 988 2185 1073 2248; x_wconf 89' lang='lat' dir='ltr'><strong>quae</strong></span> <span class='ocrx_word' id='word_1_137' title='bbox 1089 2165 1268 2232; x_wconf 89' lang='lat' dir='ltr'><strong>redundent</strong></span> <span class='ocrx_word' id='word_1_138' title='bbox 1284 2164 1318 2229; x_wconf 92' lang='lat' dir='ltr'><strong>iu</strong></span> <span class='ocrx_word' id='word_1_139' title='bbox 1334 2171 1517 2230; x_wconf 82' lang='lat' dir='ltr'><strong>vestrarum</strong></span> 
     </span>
     <span class='ocr_line' id='line_1_18' title="bbox 387 2268 1516 2359; baseline -0.002 -23"><span class='ocrx_word' id='word_1_140' title='bbox 387 2268 564 2355; x_wconf 86' lang='lat' dir='ltr'><strong>perniciem</strong></span> <span class='ocrx_word' id='word_1_141' title='bbox 580 2269 772 2356; x_wconf 86' lang='lat' dir='ltr'><strong>animarum,</strong></span> <span class='ocrx_word' id='word_1_142' title='bbox 799 2271 857 2338; x_wconf 91' lang='lat' dir='ltr'><strong>sed</strong></span> <span class='ocrx_word' id='word_1_143' title='bbox 873 2274 1079 2339; x_wconf 86' lang='lat' dir='ltr'><strong>cessantibus</strong></span> <span class='ocrx_word' id='word_1_144' title='bbox 1095 2273 1203 2359; x_wconf 87' lang='lat' dir='ltr'><strong>potius</strong></span> <span class='ocrx_word' id='word_1_145' title='bbox 1219 2271 1452 2338; x_wconf 89' lang='lat' dir='ltr'><strong>occasionibus</strong></span> <span class='ocrx_word' id='word_1_146' title='bbox 1467 2268 1516 2334; x_wconf 86' lang='lat' dir='ltr'><strong>fri·</strong></span> 
     </span>
     <span class='ocr_line' id='line_1_19' title="bbox 387 2375 1513 2464; baseline 0.001 -22"><span class='ocrx_word' id='word_1_147' title='bbox 387 2377 471 2442; x_wconf 88' lang='lat' dir='ltr'><strong>volis</strong></span> <span class='ocrx_word' id='word_1_148' title='bbox 488 2382 520 2441; x_wconf 92' lang='lat' dir='ltr'><strong>et</strong></span> <span class='ocrx_word' id='word_1_149' title='bbox 535 2375 785 2444; x_wconf 85' lang='lat' dir='ltr'><strong>necessitatibus</strong></span> <span class='ocrx_word' id='word_1_150' title='bbox 801 2379 971 2464; x_wconf 89' lang='lat' dir='ltr'><strong>simulatis,</strong></span> <span class='ocrx_word' id='word_1_151' title='bbox 989 2382 1023 2448; x_wconf 93' lang='lat' dir='ltr'><strong>in</strong></span> <span class='ocrx_word' id='word_1_152' title='bbox 1040 2383 1162 2446; x_wconf 87' lang='lat' dir='ltr'><strong>Terrae</strong></span> <span class='ocrx_word' id='word_1_153' title='bbox 1177 2381 1318 2448; x_wconf 86' lang='lat' dir='ltr'><strong>Sanctae</strong></span> <span class='ocrx_word' id='word_1_154' title='bbox 1336 2376 1513 2444; x_wconf 82' lang='lat' dir='ltr'><strong>transeatis</strong></span> 
     </span>
     <span class='ocr_line' id='line_1_20' title="bbox 387 2483 1514 2574; baseline 0 -24"><span class='ocrx_word' id='word_1_155' title='bbox 387 2483 578 2569; x_wconf 91' lang='lat' dir='ltr'><strong>subsidium,</strong></span> <span class='ocrx_word' id='word_1_156' title='bbox 595 2489 627 2550; x_wconf 91' lang='lat' dir='ltr'><strong>et</strong></span> <span class='ocrx_word' id='word_1_157' title='bbox 643 2485 748 2551; x_wconf 90' lang='lat' dir='ltr'><strong>crucis</strong></span> <span class='ocrx_word' id='word_1_158' title='bbox 764 2486 917 2572; x_wconf 89' lang='lat' dir='ltr'><strong>iujuriam</strong></span> <span class='ocrx_word' id='word_1_159' title='bbox 933 2487 1115 2573; x_wconf 85' lang='lat' dir='ltr'><strong>vindicetis,</strong></span> <span class='ocrx_word' id='word_1_160' title='bbox 1137 2487 1301 2574; x_wconf 89' lang='lat' dir='ltr'><strong>accepturi</strong></span> <span class='ocrx_word' id='word_1_161' title='bbox 1318 2487 1360 2554; x_wconf 89' lang='lat' dir='ltr'><strong>de</strong></span> <span class='ocrx_word' id='word_1_162' title='bbox 1375 2486 1514 2554; x_wconf 89' lang='lat' dir='ltr'><strong>bostium</strong></span> 
     </span>
     <span class='ocr_line' id='line_1_21' title="bbox 387 2590 1513 2682; baseline 0.004 -26"><span class='ocrx_word' id='word_1_163' title='bbox 387 2590 502 2676; x_wconf 90' lang='lat' dir='ltr'><strong>spoliis</strong></span> <span class='ocrx_word' id='word_1_164' title='bbox 511 2641 520 2676; x_wconf 92' lang='lat'><strong>,</strong></span> <span class='ocrx_word' id='word_1_165' title='bbox 547 2612 632 2675; x_wconf 87' lang='lat' dir='ltr'><strong>quae</strong></span> <span class='ocrx_word' id='word_1_166' title='bbox 648 2614 726 2678; x_wconf 90' lang='lat' dir='ltr'><strong>vos,</strong></span> <span class='ocrx_word' id='word_1_167' title='bbox 753 2595 782 2660; x_wconf 91' lang='lat' dir='ltr'><strong>si</strong></span> <span class='ocrx_word' id='word_1_168' title='bbox 798 2615 921 2663; x_wconf 86' lang='lat' dir='ltr'><strong>moram</strong></span> <span class='ocrx_word' id='word_1_169' title='bbox 937 2595 1081 2664; x_wconf 86' lang='lat' dir='ltr'><strong>feceritis</strong></span> <span class='ocrx_word' id='word_1_170' title='bbox 1099 2597 1133 2662; x_wconf 91' lang='lat' dir='ltr'><strong>in</strong></span> <span class='ocrx_word' id='word_1_171' title='bbox 1159 2597 1307 2682; x_wconf 85' lang='lat' dir='ltr'><strong>partibus</strong></span> <span class='ocrx_word' id='word_1_172' title='bbox 1323 2596 1513 2677; x_wconf 86' lang='lat' dir='ltr'><strong>Romaniae,</strong></span> 
     </span>
     <span class='ocr_line' id='line_1_22' title="bbox 387 2700 1512 2791; baseline 0.003 -26"><span class='ocrx_word' id='word_1_173' title='bbox 387 2707 552 2786; x_wconf 89' lang='lat' dir='ltr'><strong>oporteret</strong></span> <span class='ocrx_word' id='word_1_174' title='bbox 562 2700 697 2768; x_wconf 83' lang='lat' dir='ltr'><strong>forsitan</strong></span> <span class='ocrx_word' id='word_1_175' title='bbox 714 2701 902 2770; x_wconf 82' lang='lat' dir='ltr'><strong>airatribus</strong></span> <span class='ocrx_word' id='word_1_176' title='bbox 913 2711 1116 2791; x_wconf 81' lang='lat' dir='ltr'><strong>extorquere.</strong></span> <span class='ocrx_word' id='word_1_177' title='bbox 1133 2705 1239 2772; x_wconf 87' lang='lat' dir='ltr'><strong>Aliter</strong></span> <span class='ocrx_word' id='word_1_178' title='bbox 1249 2705 1345 2790; x_wconf 89' lang='lat' dir='ltr'><strong>euim,</strong></span> <span class='ocrx_word' id='word_1_179' title='bbox 1363 2706 1512 2789; x_wconf 91' lang='lat' dir='ltr'><strong>quianon</strong></span> 
     </span>
     <span class='ocr_line' id='line_1_23' title="bbox 387 2809 1513 2899; baseline 0.004 -26"><span class='ocrx_word' id='word_1_180' title='bbox 387 2827 561 2892; x_wconf 85' lang='lat' dir='ltr'><strong>possumus</strong></span> <span class='ocrx_word' id='word_1_181' title='bbox 576 2828 636 2874; x_wconf 92' lang='lat' dir='ltr'><strong>nec</strong></span> <span class='ocrx_word' id='word_1_182' title='bbox 651 2809 824 2898; x_wconf 86' lang='lat' dir='ltr'><strong>debemus,</strong></span> <span class='ocrx_word' id='word_1_183' title='bbox 849 2814 1050 2882; x_wconf 89' lang='lat' dir='ltr'><strong>remissionis</strong></span> <span class='ocrx_word' id='word_1_184' title='bbox 1066 2815 1160 2882; x_wconf 91' lang='lat' dir='ltr'><strong>vobis</strong></span> <span class='ocrx_word' id='word_1_185' title='bbox 1176 2813 1315 2899; x_wconf 84' lang='lat' dir='ltr'><strong>gratiam</strong></span> <span class='ocrx_word' id='word_1_186' title='bbox 1330 2815 1513 2882; x_wconf 86' lang='lat' dir='ltr'><strong>nullatenus</strong></span> 
     </span>
     <span class='ocr_line' id='line_1_24' title="bbox 387 2914 1511 3008; baseline 0.005 -28"><span class='ocrx_word' id='word_1_187' title='bbox 387 2914 587 3002; x_wconf 89' lang='lat' dir='ltr'><strong>pollicemur.</strong></span> <span class='ocrx_word' id='word_1_188' title='bbox 605 2917 809 2986; x_wconf 90' lang='lat' dir='ltr'><strong>Inhibitionis</strong></span> <span class='ocrx_word' id='word_1_189' title='bbox 821 2929 928 2988; x_wconf 89' lang='lat' dir='ltr'><strong>autem</strong></span> <span class='ocrx_word' id='word_1_190' title='bbox 941 2930 1072 2990; x_wconf 89' lang='lat' dir='ltr'><strong>nostrae</strong></span> <span class='ocrx_word' id='word_1_191' title='bbox 1084 2929 1237 3008; x_wconf 90' lang='lat' dir='ltr'><strong>tenorem,</strong></span> <span class='ocrx_word' id='word_1_192' title='bbox 1255 2942 1323 3008; x_wconf 89' lang='lat' dir='ltr'><strong>qua</strong></span> <span class='ocrx_word' id='word_1_193' title='bbox 1331 2923 1439 3006; x_wconf 89' lang='lat' dir='ltr'><strong>vobis,</strong></span> <span class='ocrx_word' id='word_1_194' title='bbox 1456 2920 1511 2989; x_wconf 91' lang='lat' dir='ltr'><strong>sub</strong></span> 
     </span>
     <span class='ocr_line' id='line_1_25' title="bbox 387 3023 1512 3115; baseline 0.007 -27"><span class='ocrx_word' id='word_1_195' title='bbox 387 3023 730 3092; x_wconf 85' lang='lat' dir='ltr'><strong>excommunicationis</strong></span> <span class='ocrx_word' id='word_1_196' title='bbox 746 3027 1018 3115; x_wconf 87' lang='lat' dir='ltr'><strong>interminatione,</strong></span> <span class='ocrx_word' id='word_1_197' title='bbox 1035 3031 1196 3098; x_wconf 86' lang='lat' dir='ltr'><strong>vetuimus</strong></span> <span class='ocrx_word' id='word_1_198' title='bbox 1207 3051 1247 3097; x_wconf 92' lang='lat' dir='ltr'><strong>uc</strong></span> <span class='ocrx_word' id='word_1_199' title='bbox 1262 3039 1368 3098; x_wconf 88' lang='lat' dir='ltr'><strong>terras</strong></span> <span class='ocrx_word' id='word_1_200' title='bbox 1385 3029 1512 3098; x_wconf 81' lang='lat' dir='ltr'><strong>Christi-</strong></span> 
     </span>
     <span class='ocr_line' id='line_1_26' title="bbox 387 3133 1511 3226; baseline 0.004 -29"><span class='ocrx_word' id='word_1_201' title='bbox 387 3151 522 3198; x_wconf 87' lang='lat' dir='ltr'><strong>anorum</strong></span> <span class='ocrx_word' id='word_1_202' title='bbox 537 3133 692 3199; x_wconf 86' lang='lat' dir='ltr'><strong>invadere</strong></span> <span class='ocrx_word' id='word_1_203' title='bbox 708 3135 760 3202; x_wconf 87' lang='lat' dir='ltr'><strong>vel</strong></span> <span class='ocrx_word' id='word_1_204' title='bbox 777 3135 909 3204; x_wconf 90' lang='lat' dir='ltr'><strong>laedere</strong></span> <span class='ocrx_word' id='word_1_205' title='bbox 925 3140 1115 3225; x_wconf 86' lang='lat' dir='ltr'><strong>tentaretis,</strong></span> <span class='ocrx_word' id='word_1_206' title='bbox 1142 3141 1205 3208; x_wconf 89' lang='lat' dir='ltr'><strong>nisi</strong></span> <span class='ocrx_word' id='word_1_207' title='bbox 1216 3141 1269 3206; x_wconf 93' lang='lat' dir='ltr'><strong>vel</strong></span> <span class='ocrx_word' id='word_1_208' title='bbox 1290 3139 1355 3226; x_wconf 89' lang='lat' dir='ltr'><strong>ipsi</strong></span> <span class='ocrx_word' id='word_1_209' title='bbox 1371 3147 1511 3207; x_wconf 88' lang='lat' dir='ltr'><strong>vestrum</strong></span> 
     </span>
     <span class='ocr_line' id='line_1_27' title="bbox 386 3236 1512 3331; baseline 0.004 -26"><span class='ocrx_word' id='word_1_210' title='bbox 386 3239 448 3306; x_wconf 93' lang='lat' dir='ltr'><strong>iter</strong></span> <span class='ocrx_word' id='word_1_211' title='bbox 463 3236 610 3323; x_wconf 90' lang='lat' dir='ltr'><strong>nequiter</strong></span> <span class='ocrx_word' id='word_1_212' title='bbox 635 3239 849 3329; x_wconf 88' lang='lat' dir='ltr'><strong>impedirent,</strong></span> <span class='ocrx_word' id='word_1_213' title='bbox 877 3245 929 3310; x_wconf 89' lang='lat' dir='ltr'><strong>vel</strong></span> <span class='ocrx_word' id='word_1_214' title='bbox 953 3245 1020 3312; x_wconf 89' lang='lat' dir='ltr'><strong>alia</strong></span> <span class='ocrx_word' id='word_1_215' title='bbox 1029 3247 1122 3331; x_wconf 89' lang='lat' dir='ltr'><strong>justa</strong></span> <span class='ocrx_word' id='word_1_216' title='bbox 1147 3253 1179 3313; x_wconf 93' lang='lat' dir='ltr'><strong>et</strong></span> <span class='ocrx_word' id='word_1_217' title='bbox 1201 3246 1391 3314; x_wconf 87' lang='lat' dir='ltr'><strong>necessaria</strong></span> <span class='ocrx_word' id='word_1_218' title='bbox 1417 3263 1512 3312; x_wconf 67' lang='lat' dir='ltr'><strong>musa</strong></span> 
     </span>
     <span class='ocr_line' id='line_1_28' title="bbox 386 3346 1511 3440; baseline 0.005 -28"><span class='ocrx_word' id='word_1_219' title='bbox 386 3346 499 3414; x_wconf 77' lang='lat' dir='ltr'><strong>forsan</strong></span> <span class='ocrx_word' id='word_1_220' title='bbox 524 3353 724 3433; x_wconf 89' lang='lat' dir='ltr'><strong>occurreret,</strong></span> <span class='ocrx_word' id='word_1_221' title='bbox 752 3358 886 3438; x_wconf 88' lang='lat' dir='ltr'><strong>propter</strong></span> <span class='ocrx_word' id='word_1_222' title='bbox 912 3373 1010 3438; x_wconf 91' lang='lat' dir='ltr'><strong>quam</strong></span> <span class='ocrx_word' id='word_1_223' title='bbox 1033 3355 1124 3422; x_wconf 89' lang='lat' dir='ltr'><strong>aliud</strong></span> <span class='ocrx_word' id='word_1_224' title='bbox 1140 3375 1256 3440; x_wconf 83' lang='lat' dir='ltr'><strong>agere,</strong></span> <span class='ocrx_word' id='word_1_225' title='bbox 1281 3353 1511 3422; x_wconf 87' lang='lat' dir='ltr'><strong>interveniente</strong></span> 
     </span>
     <span class='ocr_line' id='line_1_29' title="bbox 387 3453 1511 3546; baseline 0.006 -26"><span class='ocrx_word' id='word_1_226' title='bbox 387 3455 503 3538; x_wconf 79' lang='lat' dir='ltr'><strong>Legati</strong></span> <span class='ocrx_word' id='word_1_227' title='bbox 520 3453 623 3520; x_wconf 89' lang='lat' dir='ltr'><strong>nostri</strong></span> <span class='ocrx_word' id='word_1_228' title='bbox 639 3455 787 3542; x_wconf 92' lang='lat' dir='ltr'><strong>consilio,</strong></span> <span class='ocrx_word' id='word_1_229' title='bbox 805 3457 969 3546; x_wconf 84' lang='lat' dir='ltr'><strong>valeretis,</strong></span> <span class='ocrx_word' id='word_1_230' title='bbox 988 3463 1171 3532; x_wconf 87' lang='lat' dir='ltr'><strong>memoriter</strong></span> <span class='ocrx_word' id='word_1_231' title='bbox 1198 3462 1337 3530; x_wconf 87' lang='lat' dir='ltr'><strong>retinere</strong></span> <span class='ocrx_word' id='word_1_232' title='bbox 1353 3484 1415 3530; x_wconf 89' lang='lat' dir='ltr'><strong>vos</strong></span> <span class='ocrx_word' id='word_1_233' title='bbox 1431 3461 1511 3529; x_wconf 90' lang='lat' dir='ltr'><strong>volu-</strong></span> 
     </span>
     <span class='ocr_line' id='line_1_30' title="bbox 387 3565 1510 3648; baseline 0.009 -22"><span class='ocrx_word' id='word_1_234' title='bbox 387 3579 468 3644; x_wconf 88' lang='lat' dir='ltr'><strong>mus,</strong></span> <span class='ocrx_word' id='word_1_235' title='bbox 486 3565 517 3626; x_wconf 89' lang='lat' dir='ltr'><strong>et</strong></span> <span class='ocrx_word' id='word_1_236' title='bbox 533 3581 719 3648; x_wconf 86' lang='lat' dir='ltr'><strong>monemus,</strong></span> <span class='ocrx_word' id='word_1_237' title='bbox 744 3585 785 3633; x_wconf 92' lang='lat' dir='ltr'><strong>ue</strong></span> <span class='ocrx_word' id='word_1_238' title='bbox 802 3573 915 3636; x_wconf 90' lang='lat' dir='ltr'><strong>contra</strong></span> <span class='ocrx_word' id='word_1_239' title='bbox 930 3589 1003 3636; x_wconf 93' lang='lat' dir='ltr'><strong>eam</strong></span> <span class='ocrx_word' id='word_1_240' title='bbox 1029 3570 1144 3640; x_wconf 90' lang='lat' dir='ltr'><strong>leviter</strong></span> <span class='ocrx_word' id='word_1_241' title='bbox 1159 3571 1308 3638; x_wconf 86' lang='lat' dir='ltr'><strong>veniatis.</strong></span> <span class='ocrx_word' id='word_1_242' title='bbox 1335 3571 1389 3638; x_wconf 85' lang='lat' dir='ltr'><strong>Ne</strong></span> <span class='ocrx_word' id='word_1_243' title='bbox 1407 3577 1510 3639; x_wconf 83' lang='lat' dir='ltr'><strong>autem</strong></span> 
     </span>
     <span class='ocr_line' id='line_1_31' title="bbox 387 3665 1507 3764; baseline 0.012 -32"><span class='ocrx_word' id='word_1_244' title='bbox 387 3665 484 3752; x_wconf 82' lang='lat' dir='ltr'><strong>culpa</strong></span> <span class='ocrx_word' id='word_1_245' title='bbox 493 3668 594 3734; x_wconf 90' lang='lat' dir='ltr'><strong>Ducis</strong></span> <span class='ocrx_word' id='word_1_246' title='bbox 610 3679 642 3738; x_wconf 92' lang='lat' dir='ltr'><strong>et</strong></span> <span class='ocrx_word' id='word_1_247' title='bbox 657 3673 771 3762; x_wconf 91' lang='lat' dir='ltr'><strong>populi</strong></span> <span class='ocrx_word' id='word_1_248' title='bbox 780 3674 976 3744; x_wconf 90' lang='lat' dir='ltr'><strong>Venetorum</strong></span> <span class='ocrx_word' id='word_1_249' title='bbox 992 3677 1025 3744; x_wconf 93' lang='lat' dir='ltr'><strong>in</strong></span> <span class='ocrx_word' id='word_1_250' title='bbox 1035 3698 1175 3764; x_wconf 90' lang='lat' dir='ltr'><strong>poenam</strong></span> <span class='ocrx_word' id='word_1_251' title='bbox 1186 3684 1329 3746; x_wconf 90' lang='lat' dir='ltr'><strong>vestram</strong></span> <span class='ocrx_word' id='word_1_252' title='bbox 1344 3677 1507 3762; x_wconf 84' lang='lat' dir='ltr'><strong>redundet,</strong></span> 
     </span>
     <span class='ocr_line' id='line_1_32' title="bbox 387 3774 1507 3875; baseline 0.012 -34"><span class='ocrx_word' id='word_1_253' title='bbox 387 3774 534 3842; x_wconf 90' lang='lat' dir='ltr'><strong>volumus</strong></span> <span class='ocrx_word' id='word_1_254' title='bbox 550 3781 582 3842; x_wconf 90' lang='lat' dir='ltr'><strong>et</strong></span> <span class='ocrx_word' id='word_1_255' title='bbox 591 3779 795 3869; x_wconf 86' lang='lat' dir='ltr'><strong>mandamus,</strong></span> <span class='ocrx_word' id='word_1_256' title='bbox 812 3790 847 3850; x_wconf 90' lang='lat' dir='ltr'><strong>ut</strong></span> <span class='ocrx_word' id='word_1_257' title='bbox 859 3785 982 3854; x_wconf 88' lang='lat' dir='ltr'><strong>litteras</strong></span> <span class='ocrx_word' id='word_1_258' title='bbox 994 3793 1134 3874; x_wconf 85' lang='lat' dir='ltr'><strong>nostros,</strong></span> <span class='ocrx_word' id='word_1_259' title='bbox 1151 3787 1326 3873; x_wconf 82' lang='lat' dir='ltr'><strong>quaeipsis</strong></span> <span class='ocrx_word' id='word_1_260' title='bbox 1342 3789 1507 3875; x_wconf 77' lang='lat' dir='ltr'><strong>assignan-</strong></span> 
     </span>
     <span class='ocr_line' id='line_1_33' title="bbox 387 3879 1508 3984; baseline 0.014 -37"><span class='ocrx_word' id='word_1_261' title='bbox 387 3879 447 3949; x_wconf 87' lang='lat' dir='ltr'><strong>das</strong></span> <span class='ocrx_word' id='word_1_262' title='bbox 460 3882 657 3973; x_wconf 87' lang='lat' dir='ltr'><strong>duxerimus,</strong></span> <span class='ocrx_word' id='word_1_263' title='bbox 673 3895 706 3955; x_wconf 91' lang='lat' dir='ltr'><strong>et</strong></span> <span class='ocrx_word' id='word_1_264' title='bbox 722 3910 806 3976; x_wconf 89' lang='lat' dir='ltr'><strong>quae</strong></span> <span class='ocrx_word' id='word_1_265' title='bbox 822 3893 929 3961; x_wconf 90' lang='lat' dir='ltr'><strong>adbuc</strong></span> <span class='ocrx_word' id='word_1_266' title='bbox 946 3895 1036 3983; x_wconf 89' lang='lat' dir='ltr'><strong>apud</strong></span> <span class='ocrx_word' id='word_1_267' title='bbox 1050 3916 1109 3965; x_wconf 91' lang='lat' dir='ltr'><strong>vos</strong></span> <span class='ocrx_word' id='word_1_268' title='bbox 1126 3915 1199 3965; x_wconf 88' lang='lat' dir='ltr'><strong>esse</strong></span> <span class='ocrx_word' id='word_1_269' title='bbox 1217 3904 1407 3984; x_wconf 88' lang='lat' dir='ltr'><strong>noscuntur,</strong></span> <span class='ocrx_word' id='word_1_270' title='bbox 1435 3895 1508 3965; x_wconf 84' lang='lat' dir='ltr'><strong>assi·</strong></span> 
     </span>
    </p>
   </div>
   <div class='ocr_carea' id='block_1_3' title="bbox 387 3990 1508 4187">
    <p class='ocr_par' dir='ltr' id='par_1_3' title="bbox 387 3990 1508 4187">
     <span class='ocr_line' id='line_1_34' title="bbox 387 3990 1508 4095; baseline 0.012 -36"><span class='ocrx_word' id='word_1_271' title='bbox 387 3991 481 4078; x_wconf 74' lang='lat' dir='ltr'><strong>gnari</strong></span> <span class='ocrx_word' id='word_1_272' title='bbox 498 3990 626 4062; x_wconf 82' lang='lat' dir='ltr'><strong>iacietis</strong></span> <span class='ocrx_word' id='word_1_273' title='bbox 642 3997 774 4087; x_wconf 87' lang='lat' dir='ltr'><strong>eisdem,</strong></span> <span class='ocrx_word' id='word_1_274' title='bbox 800 4020 842 4068; x_wconf 90' lang='lat' dir='ltr'><strong>ne</strong></span> <span class='ocrx_word' id='word_1_275' title='bbox 858 4002 923 4091; x_wconf 88' lang='lat' dir='ltr'><strong>ipsi</strong></span> <span class='ocrx_word' id='word_1_276' title='bbox 940 4006 1184 4076; x_wconf 82' lang='lat' dir='ltr'><strong>excusationem</strong></span> <span class='ocrx_word' id='word_1_277' title='bbox 1201 4009 1235 4076; x_wconf 92' lang='lat' dir='ltr'><strong>iu</strong></span> <span class='ocrx_word' id='word_1_278' title='bbox 1252 4007 1401 4095; x_wconf 84' lang='lat' dir='ltr'><strong>peccatis</strong></span> <span class='ocrx_word' id='word_1_279' title='bbox 1427 4025 1508 4076; x_wconf 85' lang='lat' dir='ltr'><strong>assu·</strong></span> 
     </span>
     <span class='ocr_line' id='line_1_35' title="bbox 387 4102 1138 4187; baseline 0.02 -17"><span class='ocrx_word' id='word_1_280' title='bbox 387 4106 485 4172; x_wconf 86' lang='lat' dir='ltr'><strong>mant.</strong></span> <span class='ocrx_word' id='word_1_281' title='bbox 501 4102 622 4172; x_wconf 88' lang='lat' dir='ltr'><strong>Datum</strong></span> <span class='ocrx_word' id='word_1_282' title='bbox 637 4106 701 4174; x_wconf 81' lang='lat' dir='ltr'><strong>Fer</strong></span> <span class='ocrx_word' id='word_1_283' title='bbox 712 4145 754 4158; x_wconf 91' lang='grc'>-</span> <span class='ocrx_word' id='word_1_284' title='bbox 765 4147 809 4160; x_wconf 91' lang='lat'>-</span> <span class='ocrx_word' id='word_1_285' title='bbox 821 4149 861 4160; x_wconf 77' lang='grc'>-</span> <span class='ocrx_word' id='word_1_286' title='bbox 874 4147 918 4164; x_wconf 94' lang='lat'><strong>-·</strong></span> <span class='ocrx_word' id='word_1_287' title='bbox 933 4134 1018 4182; x_wconf 83' lang='lat' dir='ltr'><strong>anno</strong></span> <span class='ocrx_word' id='word_1_288' title='bbox 1034 4122 1138 4187; x_wconf 85' lang='lat' dir='ltr'><strong>sexto.</strong></span> 
     </span>
    </p>
   </div>
   <div class='ocr_carea' id='block_1_4' title="bbox 742 4307 1153 4390">
    <p class='ocr_par' dir='ltr' id='par_1_4' title="bbox 742 4307 1153 4390">
     <span class='ocr_line' id='line_1_36' title="bbox 742 4307 1153 4390; baseline 0.024 -30"><span class='ocrx_word' id='word_1_289' title='bbox 742 4307 845 4378; x_wconf 64' lang='lat' dir='ltr'><strong>(biiffns</strong></span> <span class='ocrx_word' id='word_1_290' title='bbox 857 4327 884 4363; x_wconf 85' lang='lat' dir='ltr'><strong>u.</strong></span> <span class='ocrx_word' id='word_1_291' title='bbox 898 4330 921 4367; x_wconf 93' lang='lat' dir='ltr'><strong>o.</strong></span> <span class='ocrx_word' id='word_1_292' title='bbox 934 4314 956 4368; x_wconf 91' lang='lat'><strong>1.</strong></span> <span class='ocrx_word' id='word_1_293' title='bbox 970 4314 1027 4370; x_wconf 85' lang='lat' dir='ltr'><strong>kot.</strong></span> <span class='ocrx_word' id='word_1_294' title='bbox 1046 4318 1106 4370; x_wconf 78' lang='grc'><strong>106.</strong></span> <span class='ocrx_word' id='word_1_295' title='bbox 1120 4314 1153 4390; x_wconf 84' lang='lat' dir='ltr'><strong>l.)</strong></span> 
     </span>
    </p>
   </div>
   <div class='ocr_carea' id='block_1_5' title="bbox 814 4546 1079 4573">
    <p class='ocr_par' dir='ltr' id='par_1_5' title="bbox 814 4546 1079 4573">
     <span class='ocr_line' id='line_1_37' title="bbox 814 4546 1079 4573; baseline 0.008 -7"><span class='ocrx_word' id='word_1_296' title='bbox 814 4546 1079 4573; x_wconf 53' lang='lat' dir='ltr'><strong>*nunna—...fl</strong></span> 
     </span>
    </p>
   </div>
   <div class='ocr_carea' id='block_1_6' title="bbox 0 0 1586 5192">
    <p class='ocr_par' dir='ltr' id='par_1_6' title="bbox 0 0 1586 5192">
     <span class='ocr_line' id='line_1_38' title="bbox 0 0 1586 5192; baseline 0 0"><span class='ocrx_word' id='word_1_297' title='bbox 0 0 1586 5192; x_wconf 95' lang='lat' dir='ltr'><strong> </strong></span> 
     </span>
    </p>
   </div>
  </div>
 </body>
</html>
