3268 5194
948 310 992 393 to

894 415 1048 430 ψ

407 517 507 610 igitur
521 521 619 591 Iicect
634 516 720 590 hanc
735 523 893 610 paginam
907 531 1038 594 nostrae
1054 523 1250 609 donationis,
1274 533 1307 592 et
1322 516 1542 595 confirmatio

406 631 457 698 nis
473 630 661 716 iufringere,
687 633 739 698 rel
757 633 898 700 turbare.
922 631 958 698 Si
973 631 1045 715 quia
1065 651 1143 698 vcro
1158 637 1353 718 attemptare
1368 653 1541 718 praecum-

405 740 518 826 puerit,
534 739 654 806 trinum
670 747 703 806 et
719 758 817 806 unum
832 739 938 805 Deum
953 737 1071 806 iratum
1081 737 1212 824 habeat,
1229 746 1261 806 et
1270 739 1541 808 maledictionem

405 847 596 916 CCCXVIII
610 848 800 914 Sanctorum
816 849 949 912 Petrum
969 846 1122 931 incurrat,
1139 851 1172 913 et
1180 846 1319 912 aliorum
1328 847 1538 933 Sanctorum,

405 977 444 1024 ac
460 977 533 1024 cum
549 954 637 1023 Juda
651 955 817 1041 proditore
832 955 865 1022 in
881 953 1007 1024 intorno
1022 954 1193 1022 damnetur
1209 959 1342 1022 aeterno
1357 955 1538 1042 suppIIcio.

514 1063 597 1130 Acta
613 1071 688 1130 aunt
703 1063 784 1130 haec
800 1061 834 1128 in
846 1061 1038 1150 praesentia
1062 1061 1175 1129 horum
1190 1079 1355 1129 cervorum
1380 1063 1461 1146 Dei,
1490 1064 1539 1128 vi-

405 1170 523 1237 delicet
537 1169 695 1256 Stephani
710 1170 867 1257 EpIscopi
883 1169 1074 1238 Jadertinac
1092 1207 1134 1218 -
1150 1207 1194 1218 -
1210 1207 1254 1218 -
1270 1207 1314 1219 -
1336 1207 1378 1218 —

726 1315 769 1326 -
785 1319 829 1334 -
844 1275 1003 1364 Episcopi
1022 1274 1080 1345 Ch.
1092 1313 1141 1348 ,-
1156 1311 1200 1325 -
1217 1313 1260 1324 -

727 1383 879 1471 Gregorii
896 1383 1052 1469 Episcopi
1067 1383 1235 1451 Arbonnis.

725 1489 901 1559 Theodosii
917 1489 1072 1576 Episcopi
1088 1489 1328 1574 Belgradcnoio.

723 1599 839 1666 Basilii
854 1597 1009 1685 Episcopi
1026 1597 1230 1666 absarensis.

724 1705 870 1774 Eormini
886 1703 1041 1792 Episcopi
1056 1704 1230 1772 Nouensiu.

724 1813 861 1881 Joannis
877 1811 1034 1900 Episcopi
1049 1811 1288 1896 Traguriensis.

722 1925 764 1990 Et
779 1920 881 1988 Dabri
896 1920 1035 1986 Abbatia
1051 1918 1163 1986 Sancti
1178 1919 1345 2005 Stephani.

722 2030 790 2096 Nec
805 2047 869 2097 non
885 2027 1045 2096 Comitum
1060 2035 1093 2094 et
1108 2027 1281 2096 Beronum.

721 2135 881 2204 Dominici
897 2135 1008 2224 'Pepsii
1026 2134 1167 2204 Curiatio
1184 2135 1327 2204 Comitis.

719 2243 821 2310 Kirne
837 2279 880 2293 -
896 2281 939 2294 -
955 2280 999 2294 -
1014 2241 1158 2312 Comitis.

719 2351 852 2422 Dobrini
868 2351 1002 2422 Comitis
1019 2352 1222 2420 Cleuncnuia.

719 2458 851 2530 Pribino
868 2459 1051 2530 Cetincnsis
1067 2458 1213 2528 Comitia.

720 2567 878 2636 Lubimiri
894 2565 1040 2653 Comitia,

398 2685 431 2748 et
446 2679 583 2745 aliorum
599 2679 780 2744 nostrorum
797 2675 967 2762 Comitum,
983 2681 1017 2742 et
1032 2674 1205 2764 Beronum,
1230 2675 1287 2744 ubi
1303 2673 1363 2744 fuit
1379 2675 1526 2746 fidelium

398 2787 540 2854 maxima
563 2783 783 2870 congregatio.
808 2785 871 2852 Pro
888 2783 1004 2870 quibua
1024 2785 1184 2872 omnibus,
1208 2795 1241 2852 et
1255 2787 1394 2870 singulis
1410 2807 1527 2872 perpe·

398 2903 486 2962 tuum
502 2895 599 2960 robur
615 2893 820 2977 habentium,
837 2899 934 2977 atque
949 2893 1145 2978 tenentibus,
1162 2893 1343 2980 praesentis
1357 2893 1526 2980 privilegii

397 3004 554 3088 paginam
570 3002 672 3070 nostri
688 3002 788 3086 sIgiili
803 2999 992 3068 charactere
1008 3001 1071 3068 ieci
1086 3003 1214 3070 muniri.

776 3198 821 3266 (u.
842 3217 865 3252 ο.
885 3201 935 3251 111.
956 3199 1010 3252 not.
1032 3199 1089 3254 14⁷.
1109 3199 1138 3267 1.)
