3202 5190
909 919 984 987 175.

507 1097 568 1163 III.
587 1100 676 1164 Inczc
690 1097 845 1186 pdpdnult
860 1099 992 1164 volucro
1006 1101 1258 1166 Joanctrtustoz.
1277 1103 1375 1165 1204.

483 1294 690 1362 Innocentius
706 1295 890 1381 Episcopus
907 1303 967 1362 etc.
994 1297 1117 1363 Illustri
1134 1297 1216 1379 Regi
1232 1298 1451 1383 Bulgarcrum
1474 1303 1504 1362 ct

377 1401 558 1470 Blacorum.
576 1403 666 1468 Licet
683 1423 723 1468 ex
740 1423 789 1486 eo,
807 1403 893 1486 quod
902 1453 912 1487 ,
938 1421 996 1488 per
1012 1403 1242 1489 Apostolorum
1265 1405 1426 1491 principis
1445 1424 1501 1469 me-

376 1511 449 1594 rita,
473 1509 678 1576 Universalis
688 1509 856 1576 Ecclesiae
873 1511 934 1576 sub
950 1530 989 1576 eo
1005 1530 1115 1577 sumus
1125 1519 1257 1597 pastore
1272 1521 1436 1597 pastores,
1452 1510 1503 1595 qui

375 1637 453 1685 oves
475 1619 572 1700 alias,
588 1638 672 1701 quse
689 1618 729 1684 de
745 1618 850 1704 ipsius
867 1617 945 1685 ovili
960 1640 1025 1687 non
1041 1618 1179 1702 inerant,
1206 1621 1352 1686 inunum
1370 1620 1504 1687 adduxit

376 1725 473 1810 ovile,
491 1748 530 1792 ac
546 1726 731 1813 pascendas
748 1746 806 1794 eas
822 1729 917 1795 Petro
934 1728 1058 1814 pastori
1082 1729 1240 1796 commisit
1258 1751 1265 1791 :
1292 1730 1419 1814 „Pasce
1429 1779 1438 1813 ,
1462 1728 1503 1795 in-

375 1835 500 1922 quiens,
532 1856 609 1905 oves
624 1835 735 1903 meas“
754 1834 864 1924 (Joan.
882 1835 999 1924 xxi),
1015 1838 1172 1904 instantia
1187 1843 1300 1904 nostra
1315 1837 1504 1920 quotidiana

374 1943 417 2010 sit
433 1947 656 2013 universarum
673 1945 893 2012 Ecclesiamm
910 1943 1093 2012 sollicitudo
1110 1945 1277 2029 contiuua,
1294 1951 1326 2010 et
1341 1944 1503 2030 proiectus

374 2052 515 2119 omnium
532 2053 736 2139 populorum,
754 2071 836 2136 quos
852 2059 955 2118 mater
971 2051 1129 2136 Ecclesia,
1157 2051 1316 2119 fermento
1334 2053 1438 2118 veteri
1453 2071 1501 2116 ex-

374 2169 524 2245 purgato,
550 2162 584 2228 in
601 2181 719 2229 novam
736 2159 942 2244 regeneravit
957 2159 1154 2245 infantiam,
1180 2167 1212 2226 et
1226 2161 1260 2226 in
1278 2161 1386 2227 sinum
1403 2179 1502 2228 suum

374 2269 459 2335 sicut
474 2269 598 2354 gallina
614 2269 720 2354 pullos
732 2287 809 2335 suos
825 2275 1013 2352 congregat,
1031 2269 1269 2353 congregavit;
1287 2267 1501 2351 Bulgarorum

374 2385 407 2443 et
417 2376 590 2446 Blacorum
606 2378 737 2464 populis
751 2383 840 2444 tanto
857 2395 916 2444 nos
930 2383 1120 2462 reputamus
1136 2375 1318 2461 specialius
1329 2374 1501 2457 debitores,

374 2490 530 2571 quantum
545 2505 611 2552 nou
627 2487 732 2552 solum
747 2484 843 2550 fidem
860 2481 1060 2550 Catholicam
1081 2501 1140 2568 per
1153 2482 1270 2549 Scdem
1279 2483 1500 2569 Apostolicam

374 2591 451 2658 clim
469 2592 617 2660 devotius
634 2599 836 2678 receperunt,
854 2590 912 2658 sed
924 2591 1159 2658 descenderunt
1174 2591 1325 2658 etiamen
1341 2593 1500 2678 sangnine

376 2700 603 2787 Romanorum,
630 2719 765 2784 quorum
781 2719 891 2766 sumus
907 2698 1066 2785 profectui
1082 2707 1114 2765 et
1128 2697 1307 2766 ministerio
1323 2698 1498 2785 specialius

374 2807 530 2893 deputati,
548 2810 622 2893 qui,
650 2817 805 2892 tanquam
822 2804 998 2894 peculiaris
1013 2807 1155 2894 populus
1178 2815 1297 2892 noster,
1322 2809 1421 2874 nobis
1436 2816 1498 2874 um

373 2915 408 2980 in
425 2916 662 3002 spiritualibus,
680 2935 778 3000 quam
791 2916 1027 3002 temporalibus
1044 2915 1134 2984 nullo
1146 2917 1317 3000 subjacent
1326 2915 1497 2982 mediante.

373 3023 417 3090 Ut
433 3023 531 3107 igitur
546 3025 616 3108 eJus
632 3022 858 3108 magisterium
875 3029 1121 3107 recognoscant,
1147 3043 1169 3088 a
1184 3041 1249 3106 qus
1264 3021 1370 3088 sciunt
1386 3043 1424 3089 se
1440 3021 1498 3108 spi-

374 3131 531 3198 ritualiter
546 3131 709 3216 didicisse,
732 3129 818 3216 qnod
834 3130 978 3214 credunt,
996 3138 1029 3198 et
1044 3130 1132 3215 quod
1148 3137 1232 3213 sunt,
1255 3129 1436 3198 carnaliter
1450 3149 1496 3196 ac·

373 3239 511 3324 cepisse,
529 3259 600 3305 cum
617 3239 793 3307 secundum
810 3258 939 3306 carnem
956 3238 1185 3306 descenderint
1204 3259 1244 3305 ex
1259 3238 1426 3306 nobilibus
1441 3241 1497 3306 Ro·

373 3365 562 3430 manorum,
597 3367 677 3430 nos,
703 3368 761 3433 pro
787 3345 905 3430 quibus
931 3346 1089 3414 Dominus
1116 3353 1269 3431 tanquam
1294 3346 1388 3414 Beati
1414 3346 1497 3412 Petri

372 3454 616 3522 successoribus
641 3455 808 3541 exoravit,
837 3473 878 3522 ne
893 3453 1023 3522 deficiat
1045 3455 1126 3522 fides
1141 3461 1272 3537 nostra,
1300 3455 1358 3522 sed
1381 3455 1497 3521 fratres

373 3566 500 3627 nostros
516 3561 663 3627 conversi
680 3561 860 3645 aliquando
876 3563 1111 3646 confirmemus,
1132 3580 1189 3629 eos
1205 3563 1398 3630 confirmare
1413 3561 1496 3628 volu·

373 3685 445 3732 mus
461 3665 494 3731 in
509 3665 573 3732 fide
588 3665 766 3752 Catholica,
783 3674 816 3734 et
832 3668 865 3734 in
881 3669 1054 3736 devotione
1068 3669 1161 3736 Sedis
1178 3667 1389 3755 Apostolicae
1409 3669 1497 3736 robo-

373 3792 457 3839 rare.
484 3773 527 3840 Ut
542 3781 649 3840 autem
675 3781 833 3858 paternae
860 3775 1042 3844 dilectionis
1059 3775 1194 3842 affectus
1205 3827 1214 3861 ,
1241 3795 1335 3860 quem
1358 3778 1496 3861 gerimus

374 3880 460 3948 circa
474 3880 575 3968 ipsos,
592 3881 741 3949 omnibus
758 3881 962 3967 innotescat,
986 3883 1070 3950 etin
1089 3881 1165 3949 filiis
1181 3882 1295 3949 matris
1317 3881 1495 3948 liberalitas

374 3989 614 4056 commendetur
625 4040 633 4073 ,
659 3988 693 4056 in
709 3989 934 4075 spiritualibus
951 3997 983 4056 et
1008 3989 1244 4077 temporalibus
1270 4007 1326 4056 eos
1343 3995 1494 4074 tanquam

375 4095 535 4183 speciales
554 4095 723 4162 Ecclesiae
741 4097 908 4164 Romanae
933 4097 1018 4165 filios
1042 4099 1189 4166 volumus
1214 4097 1386 4181 honorare,
1414 4095 1494 4162 ideo

375 4222 437 4286 quc
468 4203 622 4272 dilectum
649 4203 749 4271 filium
781 4207 816 4270 L.
849 4205 934 4272 tituli
966 4208 1107 4272 Sanctae
1132 4205 1245 4274 Crucis
1268 4206 1495 4291 Presbyterum

375 4309 583 4380 Cardinalem
594 4363 603 4397 ,
629 4312 839 4398 Apostolicae
865 4312 959 4379 Sedis
981 4315 1158 4398 Legatum,
1185 4314 1291 4380 virum
1314 4312 1494 4380 litteratura

374 4419 582 4503 conspicuum
612 4427 645 4485 et
673 4419 856 4505 praeditum
885 4421 1074 4504 honestate,
1106 4440 1203 4504 quem
1233 4419 1317 4487 iuter
1349 4427 1491 4486 caeteros

374 4525 491 4592 fratres
521 4534 651 4596 nostros
682 4528 836 4615 specialis
867 4528 1047 4596 dulcedinis
1078 4527 1221 4595 brachiis
1253 4529 1491 4613 amplexamur,

374 4632 408 4700 in
432 4631 621 4718 Bulgcriam
637 4643 669 4703 et
684 4635 830 4704 Blacism
854 4643 1004 4704 anostro
1029 4637 1132 4705 latere
1157 4635 1370 4720 destinamus,
1395 4634 1446 4722 qui
1463 4639 1491 4699 te
