3200 5182
603 348 761 448 Q

113 549 289 631 Ivineam,
316 553 348 612 et
364 546 449 612 alius
477 545 637 612 Martinus
653 547 668 610 Ι
684 545 831 628 vineam;
859 548 981 630 Syrnon
1008 548 1040 611 II
1066 547 1190 630 vineas,
1214 549 1245 612 II

112 657 240 739 iugera.
257 657 294 720 In
317 654 546 740 superiori
561 651 721 720 Endred
736 653 879 720 XXVIII
890 653 1085 736 mansiones,
1103 661 1191 720 terra
1201 653 1244 718 ad

112 765 178 830 IIII
194 768 316 844 aratra,
344 741 535 827 fenetnm'in
553 762 627 826 VIII
642 761 733 842 locis,
760 762 854 827 vinee
871 761 929 828 LX
953 764 1047 846 culte,
1075 761 1194 828 inculte
1210 763 1242 826 X

112 880 146 938 et
162 871 250 956 VIII,
268 871 355 936 silua
371 871 404 935 in
419 871 484 935 IIII
500 871 581 937 locis
597 869 691 952 quasi
703 871 766 935 XV
782 871 905 954 iugera.
924 871 1076 936 Preterea
1091 871 1124 935 in
1140 871 1156 934 Ι
1172 869 1243 934 loco

112 979 214 1045 habet
239 985 357 1043 terram
382 998 583 1046 communem
612 997 684 1042 cum
708 977 798 1042 villa.
825 979 903 1043 Item
927 979 1083 1062 magister
1106 977 1242 1063 Ipolitus

112 1089 214 1154 habet
231 1107 343 1154 servos
356 1093 424 1153 tres
441 1087 515 1152 adl
531 1092 685 1168 aratrum,
702 1086 842 1152 feretum
860 1087 932 1154 inV
945 1086 1036 1167 locis,
1056 1085 1170 1151 vineas
1184 1087 1243 1152 XV

112 1197 232 1281 cultas,
256 1195 396 1260 incultas
417 1195 476 1279 XI,
503 1194 620 1261 silvam
637 1194 670 1259 iu
686 1194 789 1259 tribus
814 1194 894 1261 Iocis
919 1193 1012 1279 quasi
1029 1197 1093 1263 XX
1109 1193 1241 1277 iugera3

111 1305 191 1371 item
208 1304 392 1370 Demetrius
409 1304 450 1369 ad
468 1306 483 1369 Ι
499 1311 652 1387 aratrum,
679 1303 822 1368 fenetum
838 1304 866 1366 II
882 1304 1005 1388 iugera,
1031 1303 1145 1368 vineas
1166 1303 1243 1368 VIII

112 1415 230 1498 cultas,
246 1413 386 1479 incultas
401 1413 458 1494 III,
483 1414 601 1479 silvam
620 1411 663 1478 ad
677 1415 708 1478 ΙΙ
724 1413 858 1496 iugera,
885 1413 961 1478 item
978 1414 1129 1498 Mathyas
1150 1413 1241 1478 oleri-

113 1543 172 1588 cus
189 1523 256 1588 IIII
268 1523 396 1607 jugera,
418 1522 533 1588 vincas
550 1520 584 1586 in
599 1521 663 1586 IIII
678 1520 759 1587 locis
775 1539 932 1604 magnas,
953 1520 1030 1584 item
1047 1521 1167 1585 Paulus
1183 1517 1241 1586 Oa-

110 1631 248 1696 nonicus
264 1633 279 1696 I
294 1631 443 1716 vineam,
465 1632 588 1695 Domus
599 1629 703 1695 eciam
719 1628 855 1694 clericus
865 1629 1045 1712 Hliugera,
1063 1631 1176 1694 vineas
1192 1629 1241 1693 III

111 1741 228 1805 cultas.
256 1739 294 1803 In
319 1737 504 1804 Zamard
528 1739 658 1806 XXXII
675 1737 859 1804 mansiones
876 1737 1021 1822 exceptis
1036 1735 1183 1820 paruulis
1208 1743 1241 1801 et

110 1845 294 1927 iuvenibus
314 1851 346 1910 et
362 1845 508 1930 exceptis
526 1847 588 1912 VII
604 1845 838 1930 mansIonibus,
864 1865 946 1927 quas
967 1845 1083 1911 Comes
1105 1845 1239 1932 Capella

112 1955 216 2039 Regia
240 1954 398 2020 violenter
425 1961 562 2040 usurpat
587 1953 649 2020 sibi
675 1975 747 2018 curn
768 1962 857 2020 terra
871 1952 946 2019 adl
962 1959 1116 2038 aratrum,
1140 1955 1240 2019 habet

110 2071 229 2128 terram
255 2063 297 2127 ad
315 2063 359 2126 VI
374 2068 494 2146 aratra,
521 2063 635 2128 vineas
661 2063 851 2130 LXXXIIII
879 2062 993 2143 cultas,
1020 2063 1081 2129 XV
1100 2062 1238 2126 incultas

111 2172 152 2237 de
167 2171 285 2253 Sceku,
303 2176 334 2236 et
350 2175 381 2238 X
399 2171 440 2236 de
455 2171 571 2254 Tobol,
597 2177 628 2236 et
644 2171 783 2237 incultas
799 2174 907 2254 XXX,
936 2170 1053 2236 silvam
1069 2171 1102 2234 ln
1118 2169 1179 2234 XV
1195 2170 1238 2234 lo-

109 2280 156 2345 cis
173 2280 267 2363 quasi
283 2281 343 2348 XL
369 2280 493 2363 iugera.
519 2283 601 2347 Item
616 2283 720 2346 Saena
746 2283 899 2346 Deeanus
926 2277 968 2344 ad
984 2280 998 2344 Ι
1015 2285 1168 2362 aratrum,
1195 2277 1238 2340 vi-

108 2409 189 2454 neas
214 2388 247 2452 in
264 2391 296 2454 11
312 2388 403 2472 locis,
431 2389 547 2455 silvam
574 2391 607 2455 in
625 2392 656 2457 II
670 2390 752 2456 locis
777 2388 871 2472 quasi
887 2389 965 2454 XVI
981 2389 1114 2470 iugera,
1141 2386 1238 2450 Bene·

108 2496 215 2562 dictus
241 2497 345 2562 eciam
361 2499 424 2563 IIII
447 2497 581 2582 vineas,
605 2499 683 2565 item
699 2498 866 2566 Iohannes
890 2495 1080 2581 Propositus
1106 2496 1167 2560 XV
1193 2493 1238 2558 iu-

107 2625 199 2689 gera,
226 2605 339 2671 vineas
355 2608 406 2690 II;
433 2605 588 2672 Thadeus
614 2609 718 2672 eciam
744 2605 787 2672 ad
814 2608 826 2670 I
851 2613 1004 2689 aratrum,
1032 2606 1145 2670 vineas
1169 2603 1235 2684 IX,

106 2713 185 2778 item
204 2713 387 2779 Demetrius
403 2715 462 2782 LX
478 2715 594 2798 iugera
609 2722 704 2798 terre,
724 2715 865 2780 lenetum
881 2715 908 2798 I,
926 2714 1041 2778 vineas
1056 2713 1104 2777 IX
1121 2712 1236 2794 cultas,

106 2821 249 2886 incultas
266 2823 326 2905 III,
343 2821 461 2887 silvam
479 2823 512 2888 in
528 2825 560 2888 II
585 2823 665 2889 locis
682 2825 776 2907 quasi
793 2823 854 2887 VII
870 2823 994 2904 iugera.
1021 2821 1059 2884 ln
1079 2819 1147 2885 alia
1168 2820 1236 2883 Za-

50 2915 54 2922 *
106 2927 227 2993 mard
250 2926 346 2994 XIIII
365 2930 559 3013 mansiones,
587 2937 674 2996 terra
691 2929 734 2995 ad
750 2931 782 2994 II
798 2933 918 3010 aratra,
945 2927 1039 2993 vince
1054 2931 1119 2995 XX
1139 2928 1234 3010 culte,

105 3035 228 3102 inculte
244 3035 310 3120 XI;
328 3035 405 3102 item
421 3039 518 3122 llyca
528 3045 637 3104 custos
655 3035 698 3101 ad
714 3040 729 3102 Ι
745 3041 899 3118 aratrum,
916 3035 1030 3101 vincas
1040 3037 1105 3102 XX
1119 3033 1235 3116 cultas,

104 3145 247 3211 incultas
263 3146 343 3229 XV;
371 3146 489 3212 silvam
516 3148 549 3212 ln
575 3147 679 3212 tribus
705 3144 786 3211 locis
812 3143 905 3229 quasi
929 3143 973 3210 VI
996 3143 1130 3226 iugera;
1156 3140 1234 3206 item

106 3251 241 3318 Benclra
256 3253 411 3320 sacerdos
428 3253 471 3319 ad
487 3257 502 3320 Ι
518 3263 672 3337 aratrum,
689 3255 804 3319 vineas
820 3254 908 3336 VIII,
926 3252 1041 3318 silvam
1058 3252 1085 3316 V
1102 3251 1233 3333 iugera,

103 3361 182 3425 ilem
199 3359 367 3424 Elemerus
385 3360 521 3426 clericus
541 3361 655 3427 vineas
671 3360 703 3426 in
720 3362 753 3427 ΙΙ
769 3359 850 3427 locis
867 3377 1015 3442 magnas,
1032 3363 1151 3423 terram
1162 3355 1231 3437 LX,

103 3468 222 3533 silvam
248 3467 280 3532 in
297 3469 329 3533 II
345 3467 435 3551 locis,
461 3467 556 3552 quasi
573 3471 601 3533 V
616 3469 750 3553 iugera3
777 3467 973 3534 Benedictus
998 3466 1082 3532 filius
1109 3461 1230 3547 Joseph

104 3577 146 3641 ad
158 3575 328 3641 dimidium
339 3583 495 3661 aratrum,
506 3577 620 3644 vineas
630 3579 677 3642 III
688 3577 802 3642 cultas.
814 3578 851 3641 In
861 3575 942 3642 villa
958 3573 1086 3640 Kiral
1098 3580 1110 3639 t
1120 3593 1140 3638 u
1151 3593 1166 3636 r
1177 3572 1199 3636 k
1208 3593 1231 3655 y

104 3684 187 3754 XIII
204 3686 401 3770 mansiones,
428 3692 517 3752 terra
541 3687 584 3752 ad
600 3688 665 3752 IIII
681 3691 800 3768 aratra,
821 3686 962 3752 senetum
978 3685 1011 3749 in
1027 3685 1055 3748 V
1070 3681 1162 3765 loeis,
1188 3680 1232 3744 vi-

103 3811 163 3857 nee
179 3795 245 3860 XX
261 3793 355 3877 culte,
384 3793 504 3859 inculte
520 3795 592 3880 VII,
609 3795 695 3860 silva
710 3794 743 3859 in
760 3795 808 3859 XI
824 3794 903 3859 locis
919 3792 1012 3875 quasi
1028 3792 1089 3856 XV
1107 3792 1230 3872 iugera.

100 3901 138 3966 In
162 3902 245 3967 villa
267 3901 288 3967 J
299 3902 400 3989 oud,
425 3923 523 3987 quam
539 3905 689 3970 Ecclesia
717 3905 817 3970 habet
841 3924 882 3969 ex
909 3876 1089 3968 donacione
1115 3899 1231 3966 Oosme

100 4011 256 4097 Episcopi
275 4017 351 4077 ante
362 4012 551 4098 Concilium,
570 4015 692 4081 LXXV
708 4012 903 4096 mansiones,
920 4017 1039 4077 terram
1051 4009 1227 4076 secundum

99 4119 288 4204 opinionem
304 4120 489 4188 eorumdem
506 4123 548 4188 ad
559 4124 655 4188 XXX
672 4130 791 4208 aratra,
809 4123 953 4187 sanetum
968 4119 1014 4184 ibi
1031 4126 1063 4183 et
1079 4118 1111 4182 in
1137 4118 1228 4183 Gan

100 4227 195 4312 qnasi
211 4228 271 4292 LX
285 4227 409 4314 iugera,
437 4230 550 4299 vineas
567 4233 673 4298 cultas
690 4239 723 4297 et
736 4231 877 4296 incultas
894 4227 957 4310 OG,
982 4227 1101 4292 silvam
1118 4246 1228 4291 secun-

98 4335 174 4400 dnm
200 4334 388 4421 opinionem
413 4340 589 4408 eorundem
615 4342 709 4424 quasi
726 4338 769 4406 ad
784 4339 816 4403 X
835 4345 955 4418 aratra,
982 4345 1014 4401 et
1029 4337 1064 4400 in
1086 4336 1227 4416 Berey

97 4445 163 4510 XX
189 4441 314 4527 iugera.
339 4445 420 4512 Item
445 4446 480 4513 in
504 4449 602 4516 Olet
610 4471 632 4534 y
657 4450 739 4515 XIII
762 4445 958 4528 mansiones,
984 4451 1071 4509 terra
1095 4441 1138 4506 ad
1164 4441 1227 4506 IIII

97 4557 218 4616 aratra.
241 4551 279 4615 In
295 4553 374 4618 villa
398 4554 558 4640 Berey,
584 4577 681 4642 qnam
697 4555 803 4622 dictus
819 4555 1003 4639 EpIscopus
1020 4571 1060 4616 cx
1076 4549 1225 4635 patrimo-

94 4659 149 4726 nio
166 4657 289 4746 habuit,
307 4661 562 4752 leansiones,
579 4673 667 4732 terra
682 4666 726 4732 ad
735 4665 800 4731 IIII
812 4671 932 4748 aratra,
951 4664 1092 4731 sanetum
1106 4659 1139 4726 in
1149 4659 1224 4728 VIII
