3164 5192
897 328 965 397 204

851 417 1006 432 -ψ

364 523 454 590 Petri
479 528 512 590 et
527 521 676 594 Panli'se
699 525 826 595 noverit
849 525 1024 596 incursum.
1048 527 1170 596 Datum
1192 527 1350 596 Laterani
1367 524 1493 596 XVIII.

364 631 526 700 kalendas
541 631 702 722 ianuarii,
724 634 934 704 Pontificatns
950 635 1053 705 nostri
1072 657 1158 705 anno
1175 637 1328 707 secundo.

364 833 475 901 (Μία-ηε,
488 835 641 886 Innocentii
653 837 704 888 111.
718 837 831 888 Romani
845 836 984 888 Pontificio
997 835 1095 902 Opera,
1109 833 1186 888 Pisis
1198 837 1276 889 1855.
1290 839 1314 889 1.
1329 838 1386 888 ket
1397 835 1493 888 808.1·

641 925 673 978 V.
686 932 710 978 c.
724 922 805 994 Fejtr
817 925 881 980 cod.
894 927 966 995 Dipl.
980 929 1018 980 11.
1031 927 1088 980 ket.
1103 929 1163 982 ete.
1177 927 1207 995 1.)

802 1215 1062 1231 m

891 1756 968 1825 1³1.

364 1952 431 2018 ΙΙΙ.
449 1952 537 2018 lucae
546 1955 638 2039 pdpa
653 1953 827 2040 mopcrdeiti
843 1977 864 2020 a
881 1955 1161 2044 templomrendttok
1176 1953 1493 2043 birtokepyeakaddao't

523 2082 543 2124 α
559 2071 642 2126 ssent
654 2061 774 2127 Koemc
789 2062 973 2129 dsDcmica
987 2061 1208 2128 koloatordccl.
1227 2064 1326 2128 1199.

470 2257 677 2326 Innocentius
690 2258 873 2346 Episcopus
889 2277 1003 2327 seruus
1018 2277 1185 2327 seruorum
1195 2260 1259 2326 Dei
1270 2259 1399 2326 dilectis
1418 2259 1492 2326 tiliis

364 2412 423 2428 ...
447 2364 605 2450 Magistro
630 2372 665 2432 ct
688 2365 844 2432 fratribus
869 2365 985 2433 Militis
1002 2367 1131 2453 Templi
1155 2367 1188 2432 in
1212 2367 1388 2434 sclavonia
1423 2389 1493 2435 con-

361 2470 500 2554 stitutis,
524 2471 664 2538 salutem
679 2478 712 2538 et
726 2471 949 2558 Apostolicam
969 2472 1237 2538 benedictionem.
1262 2470 1342 2538 Cum
1359 2493 1380 2538 a
1397 2474 1492 2540 nobis

361 2579 502 2665 petitur,
528 2578 613 2662 quod
625 2580 750 2663 justum
774 2584 872 2645 estet
896 2581 1065 2647 honestum
1076 2629 1085 2663 ,
1111 2585 1179 2644 tam
1194 2577 1288 2664 vigor
1303 2581 1491 2664 aequitatis,

223 2695 246 2786 J
362 2705 460 2770 quam
475 2686 554 2752 ordo
570 2685 672 2772 exigit
688 2685 843 2770 rationis,
868 2691 903 2750 ut
920 2685 954 2752 id
966 2705 1024 2774 per
1041 2685 1295 2754 sollicitudinem
1321 2687 1422 2754 officii
1439 2708 1491 2753 no·

362 2793 419 2864 stri
435 2793 479 2860 ad
495 2793 637 2862 debitum
652 2793 848 2881 perducatur
867 2792 1026 2860 effectum.
1050 2795 1234 2882 Eapropter
1243 2845 1253 2879 ,
1279 2793 1365 2860 siout
1380 2800 1492 2860 vestra

363 2901 476 2989 petitio
500 2903 596 2971 nobis
612 2903 758 2970 exhibita
785 2902 990 2988 continebat,
1016 2923 1076 2972 nos
1101 2903 1220 2971 vestris
1243 2903 1489 2990 supplicationi·

361 3013 423 3080 bus
440 3018 533 3098 grato
550 3031 687 3080 assensu
704 3016 894 3094 annuentes,
920 3011 1186 3098 compositionem
1202 3010 1285 3078 inter
1301 3029 1362 3078 vos
1378 3019 1413 3078 et
1429 3033 1489 3093 mo,

361 3120 540 3187 nestorium
555 3122 746 3188 Sanctorum
761 3116 901 3186 Cosmus
917 3122 950 3185 et
969 3119 1124 3185 Damiani
1143 3117 1265 3186 factam
1281 3137 1381 3203 super
1395 3116 1489 3184 terris

362 3233 394 3294 et
411 3247 567 3312 aquarum
583 3225 773 3295 decursibus
796 3231 828 3292 et
843 3225 919 3292 aliis
927 3277 938 3310 ,
964 3225 1005 3292 de
1022 3225 1141 3310 quibus
1156 3227 1316 3294 intervos
1341 3225 1489 3309 quaestio

361 3335 567 3418 vertebatur,
594 3335 678 3402 sicut
693 3332 933 3401 rationabiliter
957 3339 989 3399 et
1005 3334 1130 3418 absque
1145 3334 1308 3420 pravitate
1324 3332 1416 3400 facta
1431 3339 1488 3400 est

361 3449 392 3508 et
408 3441 449 3508 ab
467 3447 602 3525 utraque
617 3447 712 3528 parte
728 3447 870 3528 recepta,
898 3441 979 3506 etin
999 3441 1186 3509 authentico
1207 3439 1325 3508 exinde
1341 3439 1487 3507 coniecto

361 3549 490 3632 plenius
520 3549 719 3634 continetur,
751 3549 945 3616 auctoritate
965 3548 1156 3635 Apostolica
1178 3549 1428 3633 confirmamus,
1458 3553 1489 3614 et

361 3655 544 3738 praesentis
569 3657 681 3742 scripti
705 3655 885 3744 patrocinio
911 3657 1158 3723 communimus.
1180 3657 1234 3724 Ad
1248 3657 1409 3742 majorem
1437 3674 1487 3720 au-

361 3765 427 3826 tem
457 3761 655 3830 evidentiam
681 3764 777 3849 hujus
802 3764 849 3829 rei
875 3763 983 3849 ipsum
1009 3765 1227 3833 authenticum
1254 3765 1295 3831 de
1319 3764 1421 3832 verbo
1445 3760 1485 3826 ad

362 3867 496 3935 verbum
512 3869 716 3954 presentibus
733 3869 850 3938 litteris
865 3870 1017 3940 duximus
1031 3870 1240 3940 inserendum
1256 3893 1265 3934 ι
1290 3872 1383 3956 enjus
1398 3877 1486 3936 tenor

359 3978 407 4046 itu
427 3997 463 4045 se
477 3977 596 4044 habet:

466 4085 648 4153 innomine
665 4087 807 4152 Sanctae
822 4091 855 4152 et
865 4085 1058 4154 Indiuiduae
1067 4085 1238 4154 Trinitatis
1254 4088 1316 4153 stb.
1333 4085 1483 4152 neverne-

359 4194 413 4260 zik
429 4215 468 4260 az
486 4194 624 4261 emittett
638 4193 864 4278 egyenkedts,
889 4194 971 4260 mint
985 4193 1118 4262 ientebb
1137 4193 1272 4260 1194-re
1292 4195 1484 4262 vonatkozd-

359 4300 417 4386 lag
436 4301 508 4368 118.
525 4319 570 4367 sz.
591 4299 637 4388 a.)

467 4407 679 4475 Decernimns
695 4426 794 4492 ergo,
811 4412 847 4474 ut
862 4408 945 4475 nulli
961 4405 1092 4476 omnino
1108 4407 1274 4475 bominum
1289 4407 1391 4474 liceat
1404 4408 1484 4474 banc

361 4515 517 4600 paginam
533 4521 665 4583 nostrae
675 4515 929 4584 confirmationis
940 4515 1127 4602 infringere,
1144 4516 1198 4583 vel
1214 4516 1336 4583 eiausu
1351 4520 1483 4581 temera

361 4621 409 4690 1io
437 4623 607 4690 contraire.
634 4623 669 4690 Si
684 4623 758 4710 quis
783 4628 891 4692 autem
915 4624 976 4692 hoc
1001 4628 1197 4712 attemptare
1219 4623 1481 4712 praesumpserit,
