3238 5184
682 881 759 947 328.

153 1055 186 1119 A
214 1057 336 1146 Gerous
359 1057 486 1122 mellellr‘
511 1072 595 1123 szrnr
623 1062 769 1126 berredeki
793 1061 982 1126 koaoerrtuek
1013 1063 1287 1150 bizonyadpleocle‚

153 1165 234 1249 hoqy
251 1165 381 1229 Joulruu
398 1166 487 1229 horsi
513 1169 702 1254 corjobbdpy
725 1169 939 1233 Tu'muclrbon
957 1170 1025 1233 leoli
1044 1171 1181 1235 bicolor
1196 1173 1284 1236 colro-

533 1277 653 1340 uar'uak
670 1277 786 1343 elmlm.
815 1279 909 1342 1232.

265 1451 467 1516 Laurentius
485 1452 598 1520 Abbas
625 1459 657 1518 et
674 1453 861 1539 Capitulum
878 1456 1066 1541 Monasterij
1093 1457 1205 1522 Sancti
1229 1458 1285 1523 Be-

155 1557 276 1622 nedicti
292 1558 334 1623 de
349 1559 462 1625 Grana
486 1561 635 1626 omnibus
651 1560 746 1626 fidem
763 1560 964 1627 Catholicam
984 1563 1150 1648 protessis,
1170 1564 1284 1647 quibus

154 1683 290 1749 presens
309 1667 433 1749 pagina
449 1667 600 1753 patuerit,
618 1668 756 1733 salutem
772 1668 804 1733 in
824 1668 939 1733 salutis
956 1675 1076 1736 actore.
1093 1670 1145 1734 Ad
1162 1671 1284 1735 uniuer-

153 1791 264 1837 sorum
281 1773 435 1839 noticiam
460 1781 528 1839 tam
544 1777 750 1858 presencium
767 1795 863 1859 quam
889 1781 1091 1860 posterorum
1112 1778 1227 1842 harum
1240 1785 1283 1842 te-

153 1898 235 1943 nore
250 1881 402 1948 uolumus
418 1885 598 1968 peruenire,
625 1885 859 1968 quodquidam
876 1905 915 1948 ex
927 1885 1161 1968 jobagionibus
1177 1885 1283 1952 Oastri

153 1985 338 2053 Borsiensis
365 1991 493 2055 nomine
519 1989 648 2055 Joahun
674 1991 823 2074 cognatis
849 1993 935 2074 suis,
962 1992 1094 2059 Giliano
1117 1993 1279 2076 uidelicet,

152 2094 286 2179 Woceh,
314 2101 346 2159 et
365 2096 531 2178 Munehur,
559 2095 704 2161 uendidit
729 2102 848 2162 terram
875 2117 968 2163 suam
995 2099 1223 2164 hereditariam
1248 2098 1280 2164 in

152 2201 232 2267 villa
249 2203 408 2269 'Pulmach
424 2204 595 2286 iacentem,
624 2205 667 2269 ad
682 2225 781 2269 rrnum
798 2213 942 2270 aratrum
958 2214 990 2270 et
1009 2205 1177 2271 dimidium
1195 2205 1279 2271 suffi-

151 2309 310 2393 cientem;
337 2316 369 2375 et
385 2310 428 2374 ab
445 2331 501 2375 ore
527 2310 676 2395 pristaldi
693 2312 752 2394 sci,
770 2311 894 2377 scilicet
910 2311 1015 2378 Suche
1041 2313 1082 2377 de
1098 2312 1179 2378 Bora
1200 2311 1279 2377 didi-

150 2415 264 2500 cimus,
293 2417 390 2482 certis
407 2423 565 2483 metarum
592 2420 776 2484 monticulis
797 2420 994 2504 distinctam,
1021 2427 1053 2485 et
1068 2419 1110 2484 ab
1131 2421 1278 2486 omnibus

151 2523 441 2590 conterminalibus
451 2524 518 2591 suis
530 2544 641 2590 secure
651 2533 889 2610 sequestratam
902 2546 972 2591 oum
988 2547 1125 2601 assensu
1136 2528 1278 2593 omnium

146 2632 362 2715 jobagionum
378 2633 489 2714 castri,
515 2653 574 2718 pro
592 2641 728 2716 quatuor
746 2633 866 2699 marcis
883 2636 1010 2717 argenti
1036 2644 1193 2721 perpetuo
1209 2637 1278 2701 iure

148 2741 405 2825 possidendam
430 2760 528 2826 super
555 2742 616 2806 hoc
631 2741 734 2806 Paulo
756 2742 936 2826 jobaglone
961 2750 1058 2825 atque
1075 2744 1196 2809 Curiali
1220 2745 1277 2808 Oo-

149 2849 227 2913 mite
243 2848 416 2933 sepedicti
433 2846 541 2913 Castri
553 2846 664 2930 judice
680 2847 902 2912 indubitanter·
913 2848 1083 2914 existente.
1102 2849 1192 2926 Quas
1208 2851 1275 2932 qui-

147 2955 222 3021 dem
239 2975 368 3020 marcas
395 2963 591 3023 memoratas
617 2956 766 3023 uenditor
782 2975 890 3022 coram
914 2957 1006 3022 nobis
1022 2957 1160 3041 pleniter
1186 2978 1273 3023 acce-

150 3062 208 3147 pit.
225 3065 269 3129 Ut
294 3064 394 3147 igitur
417 3065 513 3131 huius
530 3063 732 3130 uendicionis
757 3063 872 3146 forma,
897 3064 1137 3150 empcionisquo
1163 3066 1274 3146 series,

149 3171 244 3236 salua
259 3190 386 3255 semper
401 3179 433 3238 et
450 3172 642 3238 inconcussa
658 3180 871 3256 permaneret,
893 3171 936 3236 ad
951 3172 1145 3258 peticionem
1161 3173 1274 3237 utrius·

150 3297 213 3360 que
230 3277 334 3362 partis
352 3277 540 3361 diligentem
565 3283 733 3363 presentes
751 3277 968 3343 concessimus
993 3278 1117 3343 litteras
1134 3278 1166 3343 in
1182 3299 1274 3363 argu-

148 3391 290 3450 mentum
301 3385 448 3451 neritatis
465 3386 676 3469 conscriptas,
693 3384 884 3449 Abbacialis
902 3390 999 3468 atque
1017 3382 1159 3468 Capituli
1173 3385 1274 3469 sigilli

145 3493 322 3560 munimine
338 3493 372 3558 in
388 3502 580 3579 perpetuum
598 3494 777 3559 roboratas.
804 3492 897 3557 Anno
914 3491 1156 3558 incarnacionis
1166 3491 1273 3558 Domi-

143 3603 216 3667 nice
232 3597 512 3667 M⁰CO⁰XXXIJ.⁰
530 3601 649 3664 Datum
671 3619 729 3684 per
745 3618 861 3665 manus
880 3599 995 3666 Jacobi
1019 3607 1096 3664 tunc
1116 3579 1277 3684 temporis'

142 3711 238 3776 huius
255 3708 318 3774 loci
335 3709 493 3792 Magistri.

144 3891 284 3956 (Eredetie
304 3885 477 3956 blirhrirtyam
501 3889 612 3954 melyro'l
631 3905 662 3940 an
682 3888 746 3956 apat
765 3889 793 3939 es
813 3905 829 3939 a
848 3890 968 3940 kouvont
986 3888 1105 3954 pocsetje
1125 3885 1271 3952 sarge-keil

349 3979 472 4030 zsiuorou
488 3979 563 4044 lllgg,
579 3995 594 4028 u
608 3979 689 4029 burlui
704 3980 730 4029 k.
746 3981 869 4028 kanrurui
888 3976 1074 4042 laveltrlrbau.)

572 4266 832 4278 -..-.----
