3238 5184
847 345 914 414 564

316 549 436 628 bnttae,
451 553 484 616 et
498 546 656 634 earatelli,
673 553 706 614 et
727 544 884 631 butiuelli,
900 551 934 612 et
948 543 1068 632 berilli,
1083 552 1116 613 et
1131 565 1275 634 mamus,
1291 553 1326 614 et
1335 546 1445 630 bauai,

316 664 348 724 et
364 657 522 742 reliquum
540 656 712 743 argatium,
738 661 770 722 et
785 655 963 739 lignamen,
984 655 1073 740 quod
1087 656 1186 723 estin
1205 655 1313 743 domo,
1328 655 1447 740 inqua

317 785 494 852 manemus,
520 786 593 833 oum
608 763 723 832 eedem
739 763 835 831 domo
852 760 946 830 detor
964 762 1073 831 eidem
1088 763 1296 846 llonrsterio,
1312 771 1347 832 et
1361 761 1447 831 illud

315 875 476 960 argatium
502 879 633 941 maneat
659 872 692 938 iu
709 871 825 938 eadem
840 869 947 938 domo.
975 872 1017 937 nt
1037 873 1147 941 onmia
1172 879 1385 960 paramenta,
1412 879 1448 940 et

318 981 393 1050 libri
419 981 535 1049 dentur
549 979 671 1049 Sauoto
687 980 832 1065 Jacobs,
858 985 892 1046 et
906 999 928 1046 a
944 979 1039 1047 modo
1063 979 1097 1047 iu
1113 987 1211 1048 antea
1226 979 1320 1048 detur
1336 978 1445 1048 eidem

315 1089 512 1157 Monasterio
528 1095 647 1172 quarte
663 1109 740 1176 pars
754 1086 858 1174 neum,
874 1107 939 1172 que
955 1093 1090 1156 voeatur
1107 1087 1227 1175 Striga,
1251 1093 1285 1155 et
1300 1088 1369 1156 elia
1381 1095 1443 1156 ter·

315 1199 362 1266 tia
377 1219 455 1287 pars
471 1199 688 1284 utinenses,
714 1206 747 1266 et
761 1219 878 1266 novem
892 1205 1003 1265 emtas
1018 1197 1124 1285 navis,
1150 1199 1184 1265 in
1200 1218 1265 1282 qua
1291 1205 1342 1265 est
1356 1197 1444 1264 llan-

315 1307 434 1376 olerius
460 1307 637 1376 Lueearius
662 1307 834 1392 (lhisanse,
861 1307 954 1374 sitin
978 1313 1143 1394 potestate
1158 1308 1393 1393 Dobroslsvae,
1410 1312 1444 1372 et

315 1425 389 1502 post
406 1425 540 1484 mortem
564 1417 668 1504 ipsius
694 1416 760 1483 ista
774 1415 872 1484 tertia
887 1435 965 1502 pars
988 1416 1092 1500 naris,
1121 1421 1154 1482 et
1168 1436 1284 1484 novem
1301 1413 1442 1504 (sartae)

314 1526 410 1592 navis
423 1523 614 1611 vendantur,
642 1529 674 1591 et
689 1523 830 1612 pretium
856 1542 968 1590 earum
984 1523 1078 1590 detur
1104 1546 1162 1610 pro
1178 1525 1290 1592 anima
1311 1545 1381 1608 suu,
1409 1531 1443 1590 et

318 1652 399 1700 mea.
423 1636 466 1700 Et
481 1639 556 1720 post
571 1637 707 1700 mortem
722 1651 829 1698 meam
846 1631 939 1698 detur
953 1633 1072 1700 Sanoto
1088 1634 1212 1700 Jaeobo
1229 1633 1392 1717 navioula,
1410 1636 1443 1697 et

316 1733 473 1828 capsella,
490 1750 523 1809 et
538 1759 719 1825 arseanum,
744 1747 777 1808 et
793 1740 886 1806 retia.
913 1741 956 1806 st
970 1749 1044 1827 post
1059 1749 1194 1810 mortem
1216 1741 1442 1808 Dobroslarae

316 1850 473 1918 bareosus
499 1851 687 1933 vendantur,
711 1857 744 1916 et
759 1849 899 1936 pretium
914 1847 1059 1916 eiusdem
1083 1849 1177 1916 detur
1192 1870 1250 1936 pro
1267 1847 1441 1915 animabus

315 1958 445 2026 nostris.
463 1960 498 2025 Si
509 1967 617 2026 sutem
628 1958 740 2026 Abbas
751 1957 863 2025 Suuoti
873 1957 990 2026 Jaeobi
1001 1956 1186 2045 decesserit,
1203 1958 1326 2024 nullum
1338 1957 1441 2022 aliurn

315 2067 477 2134 Abbatem
493 2067 636 2153 eligant,
663 2067 726 2134 nisi
742 2085 837 2150 quem
855 2066 1073 2152 congregatio
1095 2066 1250 2135 (loeuobii
1273 2067 1387 2153 ipsius,
1404 2071 1441 2130 ut

316 2174 419 2260 deoet,
446 2176 617 2260 communi,
642 2181 676 2242 et
692 2172 846 2243 concordi
862 2175 1028 2242 voluntate
1050 2177 1172 2262 eligere
1188 2177 1367 2260 voluerint,
1393 2194 1442 2240 se-

316 2281 456 2352 eundum
479 2285 627 2368 regulam
642 2283 736 2350 Beati
760 2281 929 2350 Benedicti
945 2277 1176 2353 Monsohorum
1191 2285 1325 2370 eligant.
1350 2281 1441 2348 Haeo

317 2397 425 2458 autem
441 2393 560 2475 omnia,
585 2410 669 2476 quae
685 2390 856 2477 praedicta
872 2398 955 2478 sunt,
983 2394 1158 2461 seeundum
1182 2391 1331 2480 regulam
1347 2390 1442 2457 Beati

316 2497 485 2566 Benedicti
500 2499 641 2566 Abbatis
664 2499 699 2564 in
715 2507 881 2566 aeternum
905 2500 1116 2570 observentur
1139 2503 1282 2569 firmiter.
1305 2500 1341 2567 Si
1357 2497 1440 2565 forte

316 2607 435 2693 aliquis
448 2609 510 2676 hoe
535 2615 657 2675 temere
678 2609 870 2694 perturbare
894 2612 1160 2699 praesumpserit,
1187 2611 1381 2695 stabilimus,
1406 2611 1440 2685 et

317 2718 450 2786 firmiter
465 2717 623 2802 volumus,
639 2721 675 2782 ut
689 2715 846 2784 nominati
862 2717 986 2805 Pitropi
1001 2707 1114 2804 nostri,
1131 2729 1225 2807 pater
1240 2719 1331 2786 Sabe
1345 2715 1439 2802 spiri-

318 2825 416 2891 tualis
432 2825 530 2892 Pater
555 2833 665 2893 noster
680 2825 714 2892 in
731 2823 801 2890 vita
815 2842 883 2909 sua,
900 2831 933 2890 et
947 2826 1075 2894 Vallius
1095 2847 1197 2914 nepos
1213 2845 1305 2893 meus
1320 2826 1354 2890 iu
1371 2821 1442 2888 vita

317 2954 388 3022 sua,
405 2954 477 3000 eum
493 2933 689 3001 haeredibus
705 2933 814 3000 fratris
831 2933 905 3018 mei,
924 2935 1084 3013 Damiani‚
1105 2943 1138 3002 et
1153 2955 1226 3002 eum
1247 2935 1315 3002 suis
1327 2934 1442 3000 haere-

318 3045 413 3112 dibus
429 3045 464 3111 in
480 3051 680 3133 perpetuum,
698 3050 731 3111 et
746 3041 916 3110 Grubesea
931 3044 1032 3112 frater
1048 3065 1137 3113 meus
1152 3067 1224 3112 oum
1243 3046 1311 3112 suis
1327 3044 1441 3111 haere·

318 3152 424 3238 dibus,
453 3158 609 3220 eteorum
635 3151 831 3218 haeredibus
856 3151 889 3218 in
915 3161 1117 3241 perpetuum,
1146 3156 1321 3240 Presbyter
1347 3151 1440 3217 Elias

317 3261 456 3330 Joaunis
471 3261 602 3328 Vivianl
618 3261 652 3326 in
668 3260 737 3326 vita
763 3279 832 3342 sua,
860 3261 925 3328 sint
940 3263 1175 3348 oonsiliatores,
1200 3271 1234 3330 et
1251 3261 1441 3329 defensores

317 3369 462 3454 ejusdem
477 3367 667 3438 Monasterii
682 3369 793 3436 Sanoti
808 3368 944 3456 Jaoobi3
969 3372 1016 3437 ita
1030 3379 1149 3458 tamen,
1166 3380 1201 3438 ut
1215 3392 1279 3438 nou
1293 3368 1441 3438 haeredi-

319 3479 396 3544 tarii
413 3477 487 3562 sint,
514 3497 573 3544 nee
588 3483 744 3544 vocentur
758 3477 978 3566 haereditarii,
1000 3481 1058 3548 sed
1074 3478 1275 3547 solummodo
1290 3477 1441 3546 eonsiliu-

317 3594 404 3654 tores
421 3593 454 3650 et
469 3584 656 3652 defensores
672 3585 738 3653 sint
746 3585 841 3654 istius
850 3589 1050 3656 Monasterii.
1069 3590 1111 3655 Itt
1124 3608 1182 3674 pes
1194 3589 1305 3654 Sanoti
1321 3585 1439 3654 Jaoobi

318 3695 484 3762 laboretur
498 3691 540 3758 de
556 3713 621 3760 una
635 3694 721 3762 libra
737 3697 875 3781 argenti,
892 3705 924 3764 et
940 3697 1033 3764 detur
1048 3697 1262 3783 Monasterio;
1281 3705 1315 3764 et
1328 3694 1440 3762 lilaeta

318 3803 413 3871 detur
428 3802 533 3870 eidem
548 3804 758 3891 Mouasterio,
776 3812 810 3872 et
819 3807 1027 3873 Dobroslava
1042 3827 1123 3874 uxor
1138 3825 1222 3890 mes,
1239 3805 1324 3871 siout
1338 3803 1438 3887 sorip

317 3917 385 3976 tum
400 3916 459 3996 est,
485 3909 653 3998 possideat
677 3931 812 3980 oaussus
831 3932 947 3982 nosras
972 3914 1087 3981 diebus
1111 3913 1189 3982 suis.
1209 3912 1439 3981 Verumtamen

318 4039 382 4088 non
398 4018 503 4105 possit
527 4017 604 4084 illas
620 4021 773 4108 minuere,
800 4038 905 4106 neque
921 4023 1000 4090 dare
1022 4023 1120 4090 alieni
1136 4023 1206 4108 suo,
1230 4041 1335 4107 neque
1351 4037 1439 4105 meo,

319 4145 423 4226 neque
437 4132 604 4212 extraneo,
621 4137 751 4214 praeter
767 4147 851 4215 quae
869 4132 993 4219 scripta
1008 4139 1083 4200 sunt
1091 4154 1101 4219 3
1120 4131 1179 4199 sed
1194 4150 1253 4218 pro
1267 4128 1440 4196 animabus

319 4233 439 4304 nostris
454 4233 556 4301 faeiat
580 4235 815 4326 eleemosynas,
841 4245 873 4304 et
888 4260 946 4326 pro
962 4243 1133 4310 animabus
1152 4249 1333 4308 nostrornm
1358 4257 1440 4303 mor-

317 4355 455 4412 tuorum.
482 4343 524 4408 m
539 4350 614 4428 post
629 4352 764 4412 mortem
788 4347 891 4434 ipsius
907 4348 1135 4437 adimpleatur,
1161 4347 1337 4418 seeundum
1352 4343 1439 4430 quod

318 4451 546 4522 ordinavimus.
573 4453 615 4517 Et
629 4461 705 4539 post
719 4461 853 4523 mortem
878 4463 1021 4524 noemam
1039 4459 1132 4525 illum
1157 4465 1318 4525 terrenum
1342 4461 1438 4521 extra

316 4570 444 4648 portem
459 4560 586 4646 Leonis,
603 4562 659 4646 qui
674 4563 753 4630 mihi
767 4564 915 4651 pertinet,
940 4575 1075 4654 exeepto
1089 4568 1158 4656 illo,
1183 4586 1277 4655 quem
1294 4563 1370 4634 dedi
1386 4559 1440 4628 vi-

317 4668 405 4752 tello,
422 4674 455 4734 et
470 4671 564 4736 uxori
579 4691 659 4738 suae
669 4671 832 4759 Radiaae3
852 4684 987 4762 nepotes
1003 4677 1075 4766 mei,
1092 4676 1151 4745 lilii
1162 4679 1317 4746 Damiaui
1327 4677 1439 4744 fratris
