3202 5190
902 289 969 354 304

863 374 1012 386 ———

366 484 455 552 sicut
471 491 604 551 econtra
618 485 690 570 ojus
706 481 919 570 disturbatio,
940 503 1039 568 quam
1055 485 1144 550 Deus
1159 491 1295 570 avertat,
1313 505 1378 550 non
1392 483 1496 550 solum

366 591 584 678 recuperandi
609 597 733 678 partem
758 592 913 660 amissam
939 598 1045 658 terrae
1065 591 1205 658 Sanctae
1229 611 1320 678 spem
1345 593 1495 674 auferret,

369 699 434 765 imo
452 707 485 766 et
500 699 593 766 illam
602 751 611 785 ,
638 699 773 782 quaein
789 699 953 786 praesenti
972 699 1158 765 Christiano
1175 699 1275 766 cultui
1300 698 1415 764 dedita
1440 707 1497 784 est,

369 807 596 892 proculdubio
622 827 714 894 spem
730 807 930 894 praeriperet
952 804 1132 872 detinendi.
1149 804 1364 873 Atteudentcs
1389 806 1497 892 igitur,

368 915 453 981 sicut
469 935 490 980 a
505 913 677 1002 principio,
693 915 918 1001 imperfectum
933 923 1079 981 nostrum
1095 913 1138 980 ad
1154 922 1222 980 tam
1237 913 1331 981 ardui
1341 915 1500 1001 propositi

368 1021 595 1088 celsitudinem
619 1020 726 1088 minus
750 1022 917 1108 sufficere,
946 1020 1082 1107 advos,
1109 1029 1265 1104 tanquam
1290 1027 1502 1088 summumst

367 1130 590 1216 praecipuum,
617 1131 682 1196 imo
698 1129 827 1196 unicum
843 1130 915 1216 spei
931 1137 1062 1197 nostrae
1079 1129 1240 1214 refugium
1265 1138 1297 1195 et
1313 1127 1501 1196 fundamen-

366 1246 445 1322 tum,
462 1237 518 1320 qni
533 1238 622 1304 solus
637 1257 718 1323 prae
733 1236 811 1304 filiis
827 1236 1004 1323 hominum,
1021 1243 1053 1303 ct
1068 1237 1275 1322 Principibus
1294 1245 1327 1302 et
1341 1236 1499 1322 Regibus,

368 1345 400 1410 in
417 1345 623 1427 quantalibet
637 1351 801 1431 potestate
817 1344 1012 1432 constitutis,
1037 1345 1132 1412 nobis
1147 1345 1283 1430 potestis
1300 1365 1500 1430 succurrere,

366 1453 508 1538 supplici
526 1459 558 1518 ct
574 1450 693 1518 devota
709 1451 890 1518 intentione
914 1458 946 1518 et
961 1459 1069 1517 mente
1088 1450 1311 1536 confugimus,
1338 1449 1384 1517 ad
1400 1451 1502 1537 pedes

367 1558 574 1643 paternitatis
590 1567 718 1626 vestrae
733 1579 837 1645 prona
852 1558 1035 1625 bumilitate
1052 1559 1216 1645 prostrati,
1232 1565 1273 1624 'ct
1289 1567 1418 1641 quanta
1433 1580 1502 1645 pos-

368 1653 478 1734 sumus
493 1687 625 1752 precum
642 1667 803 1734 instantia
818 1688 891 1733 curn
906 1668 1062 1752 lacrymis
1082 1667 1312 1753 implorantes,
1339 1675 1502 1749 quatenus

368 1774 444 1841 liliis
460 1775 586 1862 vestris,
604 1776 637 1842 iu
654 1783 722 1842 tam
738 1783 827 1842 arcto
847 1777 1041 1862 constitutis,
1059 1785 1101 1862 et,
1118 1775 1338 1861 praecunctis
1362 1776 1501 1842 viventi-

368 1884 428 1949 bus
444 1883 578 1950 consilio
598 1891 630 1950 ct
645 1884 770 1950 auxilio
788 1891 897 1950 vestro
916 1883 1147 1970 indigentibus,
1164 1892 1354 1950 consuetum
1366 1883 1502 1970 pictatis

369 1989 557 2076 impcndcrc
573 2013 636 2056 non
663 1990 823 2058 differatis
839 1992 1010 2075 affectum,
1035 1990 1122 2073 quod
1137 1997 1228 2056 tanto
1247 1992 1393 2057 securius
1410 2014 1434 2058 a
1450 2013 1501 2078 pa-

368 2099 530 2164 ternitatis
550 2105 676 2164 vestrae
693 2096 868 2165 dulcedine
884 2099 1097 2184 postulamus,
1116 2106 1247 2185 quanto,
1267 2107 1397 2185 practer
1413 2119 1501 2186 perc-

368 2205 563 2290 grinationis
579 2213 711 2272 nostrae
727 2213 836 2272 votum
852 2207 1004 2292 solemne,
1029 2227 1088 2292 pro
1104 2207 1253 2273 Ecclesia
1267 2209 1420 2273 Romana
1438 2227 1501 2272 cor-

367 2335 447 2400 pora
463 2320 574 2380 nostra
591 2313 725 2380 civitas
741 2313 978 2400 impendimus,
1003 2313 1125 2400 inquo,
1143 2321 1271 2400 practer
1295 2334 1500 2380 communem

369 2421 512 2487 omnium
538 2420 814 2505 Christianorum,
840 2421 1071 2504 quatcncmini
1091 2421 1344 2488 sollicitudinem
1356 2475 1365 2508 ,
1392 2429 1429 2488 ct
1444 2443 1501 2488 nos

367 2527 556 2616 paternitati
572 2535 710 2616 uestrae,
728 2536 761 2596 ct
774 2549 833 2596 vos
849 2529 952 2615 nobis,
969 2537 1127 2613 tanquam
1143 2530 1300 2596 militibus
1316 2532 1453 2616 vestris,
1469 2535 1500 2594 ct

368 2638 537 2705 Ecclesiae
552 2639 720 2704 Romanae
744 2637 963 2724 stipendariis,
989 2637 1136 2704 districte
1152 2637 1299 2705 novimus
1323 2637 1499 2722 obligatos.

367 2746 508 2828 Legatos
533 2742 634 2828 igitur
660 2763 731 2812 eum
752 2744 944 2812 auctoritate
964 2743 1154 2830 apostolica
1169 2765 1190 2811 a
1204 2747 1324 2812 Latere
1341 2753 1452 2811 restro
1468 2745 1500 2809 in

368 2852 499 2918 ltaliam
508 2903 517 2938 ,
544 2852 718 2918 Eranciam
744 2860 776 2919 ct
791 2852 1001 2920 Alamaniam
1017 2861 1050 2919 et
1072 2853 1157 2920 alias
1173 2852 1439 2920 occidentalium
1455 2873 1500 2918 re-

367 2959 482 3043 giones
499 2957 618 3024 dimitti
639 2959 799 3045 petimus,
828 2961 884 3042 qui
900 2961 1060 3044 integram
1076 2958 1303 3045 indulgentiae
1328 2959 1501 3046 plenitudi-

368 3088 441 3134 nem
452 3067 485 3133 in
501 3066 659 3134 auxilium
669 3073 814 3133 nostrum
825 3074 857 3133 ct
872 3069 1120 3136 subventionem
1137 3069 1180 3136 ad
1195 3089 1255 3136 nos
1265 3074 1398 3154 propter
1408 3088 1500 3152 prae-

368 3175 457 3241 dicta
472 3173 616 3241 venturis
630 3173 790 3260 deferant,
807 3195 892 3258 quac
909 3175 1024 3242 aScde
1035 3178 1151 3243 Vestra
1161 3177 1353 3263 Apostolica
1370 3175 1500 3241 indulta

369 3290 418 3348 cst
434 3299 491 3365 per
516 3301 636 3346 annum
662 3281 823 3363 integrum
839 3281 873 3347 in
897 3281 1030 3349 servitio
1054 3283 1199 3349 crucifixi
1220 3283 1253 3348 in
1277 3289 1366 3349 terra
1382 3283 1499 3366 Syriae

371 3388 553 3454 moraturis.
570 3388 733 3465 Quoniam
749 3397 868 3476 autem,
885 3410 970 3473 quae
988 3391 1175 3476 paternitati
1191 3399 1322 3458 vestrae
1337 3389 1500 3474 signitica-

369 3515 403 3559 rc
428 3493 585 3578 cupimus,
602 3495 733 3578 longum
749 3503 799 3562 est
822 3497 952 3583 scriptis
967 3499 1129 3583 inserere,
1156 3500 1286 3566 nuntios
1310 3505 1442 3566 nostros
1468 3505 1500 3565 et

367 3600 498 3686 fideles,
526 3601 702 3687 praecipue
728 3604 946 3672 venerabilem
973 3613 1098 3691 patrem
1125 3612 1268 3672 nostrum
1293 3608 1335 3674 N.
1351 3606 1498 3673 Suessio-

368 3725 500 3771 nenscm
514 3707 729 3796 Episcopum,
756 3711 811 3796 qui
834 3720 901 3778 tam
924 3712 1078 3800 fideliter,
1105 3733 1204 3796 quam
1229 3721 1415 3780 constanter
1441 3735 1498 3799 pro

368 3820 475 3879 terrae
492 3817 632 3882 Sanctae
658 3820 870 3886 subventione
887 3829 918 3886 et
934 3820 1065 3904 negotio
1081 3823 1248 3888 Romanae
1264 3819 1433 3886 Ecclesiae
1454 3823 1499 3886 la-

370 3920 505 4007 boravit,
524 3929 556 3988 et
572 3923 687 4010 adhuc,
705 3931 859 4008 tauquam
875 3924 981 3993 fidelis
998 3934 1031 3993 ct
1045 3925 1189 4014 prudens
1209 3927 1322 3994 talenti
1333 3926 1396 3994 sibi
1413 3948 1498 3994 com-

370 4027 444 4094 misi
461 4019 673 4116 dispensator,
701 4031 784 4098 sicut
799 4053 858 4099 vos
875 4032 937 4118 ipsi
954 4034 1106 4120 cernitis,
1132 4033 1281 4102 laborare
1295 4055 1359 4100 non
1376 4033 1499 4102 desinit

369 4139 461 4222 cujus
476 4137 626 4204 absentia
640 4139 812 4224 plurimum
829 4139 921 4206 nobis
937 4148 1024 4208 esset
1039 4141 1207 4228 damnosa,
1233 4141 1296 4208 nisi
1312 4161 1433 4224 cogens
1450 4142 1498 4208 rci

369 4245 548 4312 necessitas
565 4255 597 4312 et
613 4246 685 4331 ipsa
701 4247 821 4330 negotii
837 4247 984 4316 arduitas
1003 4271 1061 4316 nos
1077 4249 1146 4332 cjus
1158 4249 1344 4336 praesentia
1359 4247 1405 4312 ad
1419 4257 1498 4314 tenr-

369 4373 431 4438 pus
456 4373 567 4419 carcre
592 4355 840 4440 compellerent,
867 4363 899 4422 et
914 4357 1040 4424 nobiles
1066 4358 1173 4442 viros,
1200 4359 1241 4422 M.
1260 4355 1301 4421 dc
1326 4355 1440 4440 ll'ailli,
1466 4364 1498 4421 ct

369 4462 531 4528 loannem
546 4461 674 4547 Bliaut,
700 4462 890 4548 paternitati
906 4472 1033 4530 vestrae
1050 4464 1244 4550 transmitto,
1261 4483 1381 4547 rogans
1398 4469 1431 4527 ct
1447 4482 1497 4528 cu·

368 4567 472 4652 piens,
491 4577 525 4634 ut
540 4567 588 4633 cis
604 4569 637 4634 in
653 4569 713 4657 bis,
731 4591 815 4654 quac
831 4569 872 4636 dc
889 4571 975 4637 sacto
992 4571 1055 4640 isto
1072 4571 1279 4658 Apostolatui
1299 4577 1407 4637 vestro
1423 4590 1496 4652 sug·
