3238 5184
903 910 980 978 333.

380 1099 425 1164 II.
443 1097 550 1162 msere
564 1094 671 1182 toetp
688 1093 865 1181 rneperdea'ti
880 1115 901 1156 a
917 1092 1084 1158 odiosatott
1101 1089 1194 1155 tiras
1213 1086 1296 1154 ditet
1316 1087 1417 1153 Urias
1430 1111 1516 1175 pon-

379 1203 541 1271 noabulmi
556 1209 643 1292 apdt,
659 1227 675 1269 a
689 1203 798 1270 carrale
805 1200 982 1288 jobbdyyat'
997 1201 1029 1264 dt
1043 1200 1135 1284 πάρει’
1150 1198 1219 1265 tear
1240 1197 1373 1265 aeknek
1389 1195 1517 1283 ezolqd-

687 1308 820 1375 lotoa'rdl
835 1307 939 1374 bozctt
954 1307 1078 1373 iteletat.
1104 1307 1201 1371 1233.

488 1507 638 1574 Andreas
655 1506 717 1573 Dei
733 1507 926 1590 graciaRex
941 1503 1108 1589 Hungarie
1124 1502 1286 1572 voiuersis
1296 1501 1420 1570 Christi
1434 1502 1518 1569 iide-

381 1617 467 1684 libus
484 1624 652 1704 presentes
676 1613 802 1680 litteras
829 1613 1022 1700 inspecturis
1049 1613 1189 1679 salutem
1211 1617 1243 1678 ct
1258 1631 1353 1678 omne
1377 1611 1515 1677 bonnm.

380 1724 461 1794 (ium
476 1725 580 1808 Regis
605 1722 731 1790 intersit
746 1722 926 1789 Maiestatis
952 1719 993 1786 de
1009 1728 1095 1787 statu
1122 1721 1265 1787 omnium
1284 1719 1514 1785 Ecclesiamm

379 1835 414 1900 in
431 1833 554 1898 ambitu
580 1831 630 1898 sui
649 1831 754 1916 Regni
772 1829 986 1896 existenoinm
1001 1827 1149 1912 diligenti
1174 1827 1394 1894 sollieitudine
1415 1825 1514 1908 uigil·

380 1942 468 2024 lare;
485 1939 638 2024 precipue
653 1938 693 2003 de
710 1957 821 2004 earum
840 1956 916 2004 curn
931 1957 971 2003 ae
985 1936 1174 2022 prouisione
1189 1935 1286 2002 debet
1302 1953 1377 2001 esse
1387 1931 1511 2000 sollici-

380 2057 432 2114 tus
447 2054 480 2114 et
494 2052 647 2128 attentus,
671 2063 734 2128 que
751 2042 794 2110 ad
811 2045 882 2128 ejus
899 2043 1001 2111 solius
1019 2063 1191 2128 personam
1203 2042 1294 2110 nullo
1310 2040 1420 2108 medio
1437 2060 1513 2127 per-

380 2155 483 2223 tinere
500 2151 720 2236 dinoscuntur,
734 2158 766 2218 et
776 2149 929 2235 quicquid
944 2149 984 2218 de
995 2167 1107 2218 earum
1122 2156 1210 2217 statu
1230 2150 1428 2217 arbitrorum
1439 2168 1513 2215 sen-

381 2261 489 2328 tencia
505 2260 637 2326 racione
654 2258 769 2344 previa
784 2258 914 2354 ordinat
929 2266 961 2324 et
977 2255 1105 2342 diffinit,
1121 2277 1163 2325 ne
1177 2276 1334 2343 processu
1352 2259 1513 2342 temporis

380 2367 491 2452 aliquo
509 2385 588 2432 casu
603 2372 787 2450 emergente
803 2365 908 2452 possit
933 2365 1098 2449 infirmari,
1116 2364 1319 2432 auctoritatis
1334 2384 1395 2431 suc
1410 2365 1512 2431 muni-

381 2473 467 2540 mine
493 2473 719 2541 inconeussam
745 2473 793 2540 eis
814 2473 912 2540 debet
936 2472 1076 2540 tribucre
1101 2471 1298 2540 firmitatem.
1324 2476 1512 2560 Eapropter

382 2580 541 2668 presentis
567 2581 663 2648 etatis
680 2588 712 2647 et
728 2581 832 2647 future
857 2581 1058 2667 posteritatis
1077 2581 1197 2648 noticie
1220 2581 1370 2646 volumus
1389 2581 1511 2647 eluces·

379 2711 461 2777 cere,
479 2691 565 2776 quod
582 2709 655 2757 onm
669 2691 753 2756 inter
768 2690 879 2756 Vriam
895 2689 1058 2758 Abbatem
1077 2689 1188 2756 Sancti
1204 2689 1335 2756 Martini
1351 2689 1395 2756 de
1408 2691 1509 2755 Sacro

378 2801 488 2867 Monte
505 2798 671 2867 Pannonie
687 2819 726 2864 en
746 2818 810 2865 una
826 2803 930 2885 parte,
957 2807 990 2866 et
1001 2798 1199 2884 jobagiones
1216 2817 1255 2864 ao
1270 2797 1412 2884 populos
1428 2797 1511 2862 eius-

380 2909 453 2976 dem
469 2909 618 2976 Ecolesie
634 2928 674 2974 ex
690 2907 803 2991 altera,
821 2906 984 2974 discordia
999 2906 1258 2990 fuissetexorta5
1275 2907 1423 2990 utrisque
1437 2924 1511 2992 par-

378 3017 467 3084 tibus
493 3039 552 3104 pro
569 3037 627 3085 suo
653 3015 845 3101 manamine
861 3014 955 3082 nobis
980 3016 1141 3082 instanter
1166 3013 1449 3100 conquerentibus,
1476 3021 1512 3078 ut

379 3127 512 3194 iusticia
526 3132 559 3194 et
575 3126 697 3193 ueritas
714 3125 807 3193 nobis
825 3129 952 3211 pateret
967 3143 1026 3210 per
1043 3123 1201 3210 effectum,
1221 3123 1292 3191 uiro
1303 3129 1419 3190 sancte
1437 3139 1511 3188 con·

378 3233 586 3320 uersacionis,
603 3233 762 3318 Magistro
778 3232 899 3318 Enoch,
926 3231 1022 3299 fratri
1037 3231 1189 3298 uidelicet
1210 3231 1342 3300 Ordinis
1357 3229 1510 3297 Predica-

380 3347 484 3408 torum
502 3341 642 3424 anobis,
664 3346 696 3406 et
706 3340 862 3425 Magistro
873 3338 1090 3425 Cognosoenti
1102 3338 1265 3408 canonico
1277 3335 1509 3422 Snigoniensi,

378 3447 557 3535 Capeliano
583 3448 706 3515 domini
731 3449 848 3515 Jacobi
877 3449 1059 3516 Prenestini
1084 3448 1207 3533 Electi,
1239 3455 1315 3514 tnnc
1347 3447 1508 3536 temporis

378 3557 483 3640 Regni
498 3559 601 3623 nostri
618 3556 735 3642 Legati
752 3575 793 3622 ex
809 3561 904 3640 parte
919 3556 1034 3643 ipsius,
1059 3556 1307 3641 inquisitoribus
1324 3575 1425 3644 snper
1441 3578 1511 3644 pre·

377 3663 486 3728 missis
503 3664 697 3748 constitutis,
722 3669 817 3749 prout
832 3665 866 3730 in
881 3664 963 3750 ipsis
978 3671 1046 3732 tam
1062 3686 1103 3732 ex
1119 3671 1214 3752 parte
1240 3664 1391 3748 Abbatis,
1410 3683 1509 3749 quam

373 3772 588 3856 jobagiouum
606 3781 638 3838 et
647 3774 840 3860 populorum
856 3793 986 3840 suorum
997 3781 1162 3859 tamquam
1178 3773 1213 3839 in
1225 3773 1365 3840 arbitros
1382 3779 1417 3840 et
1428 3794 1511 3841 com·

376 3881 540 3966 positcres
556 3879 665 3948 extitit
682 3881 959 3968 compromissum,
986 3883 1155 3949 arbitrium
1171 3884 1314 3968 ipsorum
1338 3882 1463 3948 iustum
1479 3891 1511 3948 et

377 3989 548 4056 honestum
565 3988 795 4074 approbantes,
821 4009 861 4054 ao
877 4011 936 4075 per
952 3991 1062 4057 omnia
1078 3991 1352 4074 commende-nice,
1372 3990 1459 4056 sicut
1476 3989 1509 4054 in

375 4097 493 4164 litteris
523 4095 697 4163 eorundem
729 4095 902 4181 diligenter
926 4097 1078 4184 perlectis
1110 4097 1268 4163 contineri
1291 4096 1508 4182 inspeximus,

377 4203 574 4271 auctoritate
600 4203 705 4287 Regia
731 4204 881 4272 duximus
906 4204 1169 4273 confirmandum.
1188 4204 1332 4283 Quarum
1348 4209 1443 4270 tenor
1460 4211 1508 4270 ta·

375 4313 415 4379 lis
429 4319 480 4380 est
498 4337 505 4376 :

485 4418 564 4484 Cum
582 4421 680 4484 Patre
698 4421 759 4485 stb.
786 4419 881 4505 (mint
897 4420 997 4486 attho
1014 4421 1088 4487 340.
1105 4438 1151 4484 ez.
1168 4417 1214 4506 a.)

485 4526 552 4592 Nos
569 4527 669 4609 igitur
684 4535 751 4594 tam
768 4529 811 4594 ad
828 4529 1024 4614 peticionem
1043 4525 1182 4594 Abbatis
1202 4523 1394 4612 supradicti,
1412 4547 1511 4610 quam

368 4632 582 4716 jobagionum
614 4641 646 4700 et
669 4636 866 4720 populorum
895 4657 1026 4705 suorum
1054 4633 1268 4719 instanciam,
1292 4633 1377 4700 hanc
1402 4641 1512 4704 nostre
