3268 5194
140 1113 179 1180 X.
198 1111 302 1176 λόγιοι
312 1115 406 1196 pcipe
422 1109 523 1190 levale,
550 1106 691 1196 melylyel
706 1107 806 1172 Jdnos
822 1107 947 1172 solciaci
963 1105 1132 1194 (opelaloi)
1151 1107 1268 1171 trsolcet

137 1221 170 1282 ἐι
186 1217 284 1281 annale
300 1215 523 1303 suffraganeos
535 1215 703 1302 ptlspiilceit
712 1212 909 1300 fclsaolip'a,
937 1215 1019 1301 bopy
1038 1239 1058 1279 a
1075 1215 1177 1279 romaz·
1201 1237 1267 1301 ogy-

340 1325 399 1389 hclz
414 1325 572 1389 saolcdsar‘t
589 1323 678 1388 biocu
696 1319 847 1386 kbuessdlr.
872 1323 947 1387 925.
964 1321 1067 1391 torol.

250 1519 396 1585 Joannes
406 1519 589 1606 Episcopus
606 1537 718 1585 servus
736 1537 897 1585 seruorum
908 1519 968 1585 Dei
988 1516 1268 1586 Reverendissimo

143 1637 176 1692 et
201 1627 409 1693 sanctissimo
434 1626 587 1692 confratri
613 1635 724 1691 nostro
749 1625 867 1693 loanni
893 1629 1034 1695 Sanctae
1059 1628 1270 1693 Salonitanae

142 1735 311 1802 Ecclesiae
327 1735 582 1821 archiepiscopo
599 1735 809 1819 omnibusque
824 1735 1050 1822 suffraganeis.

252 1840 333 1907 (lum
349 1840 476 1926 Religio
500 1850 629 1908 vestrae
648 1841 827 1910 dilectionis
847 1863 906 1930 per
920 1851 969 1911 tot
992 1863 1150 1912 annorum
1175 1844 1270 1910 curri-

143 1949 230 2032 cula,
256 1955 288 2013 at
303 1949 462 2014 mensium
479 1949 588 2034 spatia
602 1950 753 2016 Sanctam
771 1951 961 2033 Romanam,
989 1957 1021 2017 et
1036 1950 1270 2036 apostolicam,

144 2062 243 2138 atque
260 2054 488 2121 Universalem
504 2055 693 2141 Ecclesiam,
719 2059 752 2122 in
766 2059 858 2143 cujus
881 2057 1037 2124 cathedra
1053 2059 1123 2124 Deo
1140 2063 1271 2123 auctore

143 2181 205 2230 nos
220 2162 458 2248 praesidemus,
474 2164 609 2230 visitare
623 2165 774 2250 neglexit,
793 2167 923 2234 omnino
936 2166 1099 2231 miramur.
1116 2163 1197 2230 Oum
1213 2182 1272 2249 per

143 2270 292 2336 caritatis
308 2279 540 2354 augumentum
557 2272 661 2338 omnis
678 2272 789 2356 religio
802 2273 845 2338 ad
861 2265 1057 2341 soliditatem
1076 2272 1162 2356 lidci,
1179 2279 1212 2344 et
1228 2271 1270 2336 ad

143 2376 288 2462 lapidem
304 2379 464 2462 pertinet,
492 2379 575 2444 sicut
591 2379 745 2465 scriptum
772 2387 837 2446 est:
859 2381 927 2462 ,Ta
944 2399 979 2446 es
995 2383 1111 2447 Petrus
1127 2387 1159 2446 et
1174 2397 1272 2465 super

145 2486 231 2550 banc
256 2491 382 2570 petram
410 2485 590 2552 aedificabo
614 2487 793 2554 Ecclesiam
821 2488 958 2572 mcam“;
986 2507 1091 2554 meam
1111 2487 1271 2569 videlicet,

144 2591 233 2674 quod
249 2590 341 2658 aliud
357 2591 474 2677 dicere,
491 2593 555 2660 nisi
572 2595 696 2678 absque
712 2596 970 2681 reprehensione,
992 2601 1024 2660 et
1039 2595 1073 2661 in
1089 2593 1163 2660 idei
1180 2593 1271 2661 roho-

143 2717 179 2764 re
195 2697 370 2764 solidatam
386 2717 452 2765 non
462 2699 634 2766 habentem
651 2701 819 2785 maculam,
836 2709 892 2768 aut
902 2721 1026 2786 rugam,
1045 2721 1066 2766 a
1085 2719 1150 2785 qua
1160 2719 1271 2768 onmes

145 2805 316 2873 Ecclesiae
341 2814 550 2890 augmentum
576 2808 838 2893 intelligentiae,
861 2818 960 2894 atque
985 2827 1135 2896 saporem
1167 2811 1271 2875 bonae

146 2914 315 2982 doctrinae
339 2913 504 2998 suscipere
521 2915 649 2982 debent.
676 2919 717 2983 Et
733 2918 809 3000 quia
823 2917 912 2984 lama
931 2919 1097 2984 revelante
1122 2917 1272 3000 coguovi-

145 3041 236 3106 mus,
263 3041 323 3108 per
339 3023 481 3090 confinia
505 3033 634 3092 vestrae
649 3027 828 3094 Parochiae
843 3028 943 3094 aliam
969 3028 1149 3095 doctrinam
1170 3025 1271 3111 pullu-

145 3131 234 3214 lare,
261 3149 346 3213 quae
361 3131 395 3196 in
410 3133 514 3198 sacris
529 3133 745 3201 voluminibus
761 3157 824 3202 non
840 3138 1007 3222 reperitur,
1027 3136 1122 3202 robis
1139 3134 1271 3199 tacenti-

146 3239 218 3320 bus,
235 3247 268 3304 et
284 3241 581 3324 consentientibus,
606 3243 704 3309 valde
720 3243 880 3312 doluimus
891 3245 989 3328 juxta
1003 3241 1084 3308 illud
1100 3239 1269 3324 Apostoli:

149 3345 203 3430 ,Si
220 3345 293 3429 quis
309 3347 399 3412 aliud
416 3347 580 3432 docuerit,
608 3351 786 3434 praeter-id
802 3351 887 3434 quod
902 3352 936 3416 in
952 3349 1054 3415 sacris
1073 3345 1270 3426 canonibus,

147 3461 247 3538 atque
261 3455 481 3523 voluminibus
496 3459 664 3544 reperitur,
680 3461 778 3526 etiam
794 3461 822 3526 si
839 3460 982 3545 Angelus
1001 3457 1042 3523 dc
1058 3455 1150 3523 coelo
1166 3453 1271 3536 luerit,

146 3563 332 3630 huatbema
348 3565 423 3632 sit.“
441 3565 505 3633 Sed
521 3567 607 3634 absit
622 3567 683 3635 hoc
698 3589 719 3633 a
737 3569 893 3654 fidelibus,
912 3570 966 3654 qui
977 3567 1139 3634 Christum
1149 3561 1270 3649 colunt,

148 3675 181 3735 et
195 3670 296 3736 aliam
312 3672 413 3738 vitam
430 3691 490 3758 per
513 3676 734 3760 operationem
751 3677 935 3744 secrodunt
954 3695 1052 3764 posse
1067 3677 1211 3756 babere,
1238 3679 1273 3740 ut

149 3777 331 3844 doctrinam
347 3781 518 3865 Evangebi
542 3791 639 3866 atque
656 3782 823 3849 Senonum
838 3785 1001 3851 volumina
1016 3785 1272 3870 apostolicaque

147 3883 245 3949 etiam
262 3893 442 3970 praecepta
458 3889 763 3973 praetermittentes,
784 3890 826 3955 ad
841 3889 994 3958 blethodii
1005 3891 1184 3959 doctrinam
1200 3913 1271 3960 oon-

147 3989 286 4075 r‘nffl'ant,
304 4009 400 4074 quem
416 3992 450 4058 in
466 3992 554 4061 nullo
571 3995 734 4061 volumine
749 3995 834 4062 inter
848 4015 958 4065 saeros
982 4004 1130 4066 auctores
1146 4019 1271 4084 compe·

146 4099 258 4163 rimus.
275 4097 371 4163 Unde
388 4099 554 4166 hortamur
563 4121 632 4185 ros,
649 4101 861 4185 dilectissimi,
878 4111 994 4172 utcum
1006 4103 1126 4171 nostris
1142 4103 1270 4189 Episco-

148 4206 219 4290 pis,
247 4203 377 4271 loanne
392 4207 520 4274 scilicet
532 4211 673 4276 Sanctae
689 4209 929 4295 Anconitanae,
955 4219 989 4278 et
1003 4213 1111 4279 Leone
1131 4215 1271 4278 Sanctae

148 4311 353 4378 Pelestrinae
368 4313 588 4382 Ecclesiamm
605 4315 667 4382 Dei
679 4318 802 4402 juncti,
830 4327 944 4386 cuncta
962 4339 1021 4404 per
1046 4317 1270 4386 Sclavouicam

146 4425 267 4485 terram
282 4419 440 4489 audacter
464 4425 625 4510 corrigere
640 4427 819 4509 satagatis:
838 4447 877 4493 ea
891 4426 1043 4493 videlicet
1067 4427 1210 4511 ratione,
1237 4436 1271 4494 ut

147 4527 244 4596 nullo
267 4528 365 4596 modo
380 4530 424 4595 ab
447 4531 575 4598 illorum
591 4533 849 4618 supradictorum
865 4535 1099 4622 Episcoporum
1125 4534 1273 4604 doctrina

146 4635 180 4700 in
195 4636 305 4720 aliquo
323 4637 456 4704 deviare
471 4642 699 4726 praesumatis.
726 4645 777 4708 lta
793 4649 829 4708 ut
844 4643 1018 4716 secundum
1034 4660 1139 4717 mores
1155 4643 1272 4711 Roma·
