3164 5192
807 297 965 399 Q

324 502 504 586 dampnata
515 497 730 564 Gatharorum
746 493 853 559 heresi
868 499 943 560 sunt
954 495 1162 560 vehementer
1181 493 1326 578 suspecti
1335 499 1368 559 et
1384 513 1454 578 gra-

324 611 407 674 viter
421 605 591 672 infamati:
617 622 679 669 nos
706 602 874 670 carissimo
899 601 932 666 in
949 600 1078 668 Christo
1094 600 1160 666 filio
1184 607 1296 667 nostro
1312 601 1455 666 Henrico

325 715 408 800 Regi
423 714 632 796 Ungarorum
659 709 778 776 illustri
793 708 987 794 Apostolica
1003 709 1126 795 scripta
1142 707 1321 774 direximus
1342 716 1459 775 contra

326 823 418 906 idos,
445 820 500 905 qui
516 818 679 905 prelatum
694 815 843 883 Oulinum
860 835 960 902 super
985 817 1048 884 hoc
1064 833 1205 900 arguens
1222 821 1254 880 et
1276 815 1455 899 obiurgans

327 927 491 1015 precepit,
521 931 555 992 nt
580 924 766 992 huiusmodi
792 925 938 992 homines
964 924 1006 990 de
1021 929 1093 992 tota
1118 930 1206 988 terra
1222 921 1285 986 sibi
1309 922 1459 989 subiecta

327 1035 562 1124 proscriberet,
588 1033 683 1100 bonis
700 1051 812 1099 eorum
829 1032 978 1098 omnibus
1003 1031 1198 1099 confiscatis.
1225 1033 1301 1116 lpse
1316 1049 1396 1096 vero
1413 1049 1462 1095 se-

328 1144 501 1230 metipsum
526 1159 688 1206 excusans
714 1139 903 1226 respondit,
928 1140 1016 1222 quod
1032 1159 1088 1204 eos
1111 1157 1176 1205 non
1192 1137 1373 1220 hereticos,
1402 1135 1462 1201 sed

330 1249 515 1317 Catholicos
531 1265 604 1314 esse
619 1246 790 1330 credebat,
815 1253 951 1332 paratus
968 1246 1126 1330 quosdam
1152 1263 1264 1310 eorum
1282 1263 1341 1330 pro
1359 1245 1462 1309 omni·

330 1359 392 1425 bus
407 1357 451 1424 ad
465 1355 582 1423 Sedern
597 1353 822 1440 Apostolicam
839 1354 1013 1437 destinare,
1031 1359 1066 1420 ut
1078 1353 1175 1419 fidem
1191 1357 1223 1418 et
1239 1353 1463 1420 conversatio

330 1483 404 1531 nem
420 1482 514 1530 suam
529 1463 624 1529 nobis
640 1469 848 1548 exponerent,
875 1467 1035 1546 quatenus
1054 1466 1165 1527 nostro
1182 1459 1302 1525 iudicio
1318 1461 1372 1524 vel
1388 1481 1463 1526 con-

331 1571 535 1637 firmarentur
549 1571 584 1636 in
600 1571 695 1653 bono,
713 1569 765 1635 vel
779 1577 1012 1636 revocarentur
1026 1589 1047 1634 a
1063 1567 1159 1650 malo,
1180 1585 1253 1632 cum
1269 1569 1462 1652 Apostolice

332 1679 426 1746 Sedis
451 1677 631 1746 doctrinam
656 1676 757 1742 velint
780 1675 1013 1742 inviolabiliter
1030 1678 1216 1742 observare.
1242 1674 1355 1760 Nuper
1381 1696 1462 1760 ergo

332 1785 478 1874 prefatus
494 1785 629 1851 Gnlinus
652 1783 875 1850 venerabilem
899 1782 1033 1848 fratrem
1056 1787 1201 1848 nostrum
1217 1827 1225 1843 .
1244 1828 1251 1844 .
1270 1829 1277 1845 .
1295 1781 1465 1868 Arohiepi·

333 1913 466 1979 scopum
483 1900 514 1959 et
529 1891 682 1959 dilectum
698 1889 801 1956 fllium
817 1939 824 1954 .
843 1939 850 1954 .
869 1939 876 1954 .
893 1887 1166 1958 Archidiaconum
1182 1890 1405 1974 Ragusinunr,
1430 1897 1465 1955 ct

312 2021 404 2082 ‚cum
420 2000 468 2066 eis
492 1999 652 2084 quosdam
668 2017 709 2062 ex
724 1995 860 2082 prefatis
887 1997 1071 2063 hominibus
1097 1996 1141 2062 ad
1161 2001 1307 2062 nostram
1331 2017 1466 2083 presen-

332 2109 413 2174 tiam
428 2106 613 2188 destinavit,
630 2110 746 2190 petens
761 2103 927 2169 humiliter
943 2108 975 2168 et
990 2102 1181 2188 implorans,
1208 2111 1243 2169 ut
1258 2105 1402 2188 aliquem
1418 2106 1465 2170 vi·

334 2235 405 2280 rum
420 2213 572 2280 idoneum
597 2211 638 2278 de
655 2212 759 2276 latere
774 2217 885 2276 nostro
911 2211 944 2273 iu
960 2215 1082 2275 terram
1098 2227 1191 2275 suam
1209 2211 1335 2276 mittere
1351 2211 1465 2296 digna.

333 2340 459 2403 remur,
485 2319 540 2403 qui
555 2326 623 2384 tam
639 2319 747 2405 ipsum
763 2337 862 2402 quam
878 2317 1025 2382 homines
1041 2335 1117 2382 suos
1140 2317 1180 2382 de
1197 2317 1261 2383 lide
1277 2338 1316 2382 ac
1333 2338 1465 2386 conver-

335 2432 462 2498 satione
477 2430 649 2514 diligenter
665 2427 847 2510 examinet,
875 2427 1019 2492 evellens
1035 2431 1068 2490 et
1084 2426 1249 2510 plantans,
1273 2446 1335 2510 que
1352 2447 1465 2494 secun-

336 2543 413 2608 dum
421 2541 527 2606 Deum
542 2539 714 2605 evellenda
730 2538 918 2624 cognoverit
934 2543 967 2602 et
981 2535 1176 2622 plantanda.
1197 2536 1266 2604 Nos
1282 2537 1392 2621 igitur,
1408 2537 1466 2620 qui

336 2651 413 2716 licet
427 2649 565 2734 indigni,
583 2649 687 2715 vicem
702 2648 773 2714 eius
784 2667 969 2714 exercemus
985 2646 1019 2711 in
1029 2645 1134 2729 terris,
1152 2645 1207 2728 qui
1223 2666 1287 2714 non
1298 2648 1369 2712 vult
1384 2666 1465 2713 mor·

335 2766 401 2822 tem
423 2763 630 2841 peccatorum
642 2806 651 2840 ,
676 2755 734 2822 sed
753 2761 788 2821 ut
812 2759 1039 2822 convertantur
1064 2759 1097 2818 et
1116 2753 1246 2837 vivant,
1274 2755 1466 2839 petitionem

337 2862 522 2930 huiusmodi
546 2862 749 2930 decrevimus
775 2863 1031 2945 admittendam,
1058 2880 1130 2926 cum
1151 2863 1382 2930 correctionem
1396 2865 1466 2931 illo

337 2991 407 3038 rum
423 2979 559 3055 paterno
584 2970 806 3038 desideremus
822 2970 952 3035 affectu.
979 2967 1141 3045 Quocirca
1158 2967 1199 3033 de
1216 2971 1378 3037 communi
1403 2972 1466 3038 tra·

336 3089 422 3146 trum
438 3086 620 3148 nostrorum
636 3081 774 3146 oonsilio
790 3085 843 3162 te,
870 3078 917 3144 fili
932 3078 1110 3166 lohannes,
1128 3077 1171 3143 ad
1187 3078 1371 3146 huiusmodi
1393 3097 1466 3144 exe-

337 3188 499 3256 cutionem
524 3186 647 3270 negotii
671 3187 822 3252 duximus
847 3185 1098 3270 destinandum,
1126 3185 1212 3270 quod
1231 3192 1265 3250 ut
1290 3185 1466 3272 perfectius

338 3294 523 3361 executioni
538 3292 720 3378 mandetur,
744 3299 787 3378 te,
804 3291 905 3358 irater
921 3291 1183 3378 Archiepiscope,
1201 3293 1256 3376 qui
1271 3297 1340 3358 tam
1356 3293 1467 3358 vicini-

338 3406 405 3468 tate
420 3401 575 3484 locorum,
592 3419 691 3482 quam
705 3419 814 3466 rerum
832 3398 1035 3486 experientia
1053 3417 1150 3484 super
1167 3399 1228 3466 hoc
1246 3399 1397 3466 notitiam
1413 3401 1455 3468 ob

338 3508 423 3574 tinas
448 3507 645 3592 pleniorem,
678 3507 828 3574 duximus
854 3506 1117 3591 adjungendum,
1149 3506 1337 3574 discretioni
1360 3511 1469 3574 vestra

339 3632 397 3698 per
413 3612 604 3696 Apostolica
628 3614 751 3702 scripta
776 3613 986 3700 precipiendo
1012 3612 1225 3698 mandantes,
1246 3619 1408 3698 quatenus
1426 3614 1469 3680 ad

340 3724 461 3784 terram
476 3719 596 3805 prelati
612 3720 718 3787 (inlini
734 3721 859 3807 pariter
875 3720 1077 3804 accedentes,
1103 3720 1144 3785 de
1161 3720 1223 3786 fide
1239 3741 1279 3786 ac
1297 3741 1469 3788 conversa-

340 3825 430 3892 tione
446 3831 514 3890 tam
530 3825 645 3911 ipsius,
664 3847 762 3910 quam
772 3827 885 3894 uxoris
901 3833 934 3892 et
949 3827 1113 3893 hominum
1123 3833 1208 3892 terre
1223 3847 1282 3894 sue
1297 3826 1470 3912 inquiratis

341 3931 591 4016 diligentissime
605 3936 796 4018 veritatem,
823 3941 855 4000 et
871 3953 933 4018 que
949 3933 1126 4000 secondum
1152 3933 1249 3999 fidem
1266 3935 1470 4002 catholicam

341 4039 628 4128 Apostolicamque
654 4041 835 4109 doctrinam
863 4039 1052 4107 inveneritis
1083 4041 1324 4126 confirmanda,
1356 4051 1471 4111 nostra

341 4148 415 4214 freti
439 4148 643 4232 auctoritate,
662 4147 842 4214 secundum
866 4149 964 4214 ritum
980 4143 1237 4213 ecclesiasticum
1261 4149 1470 4216 confirmetis.

330 4255 378 4322 'rii
393 4274 459 4338 qua
473 4275 549 4323 vero
565 4255 753 4323 inveneritis
771 4257 854 4322 inter
871 4275 928 4324 eos
937 4306 946 4340 ,
974 4272 1036 4340 que
1052 4255 1184 4339 sapiant
1203 4255 1384 4322 hereticam
1398 4277 1471 4342 pra

342 4361 486 4446 vitatem,
502 4369 536 4428 et
550 4383 630 4430 sane
641 4363 853 4430 adversentur
864 4361 1021 4446 doctrine,
1040 4361 1083 4427 ad
1093 4361 1180 4426 viam
1194 4362 1342 4428 veritatis
1355 4344 1471 4431 ‘secun-

343 4467 421 4534 dum
435 4467 511 4533 fidei
535 4470 682 4554 regulam
699 4469 875 4536 reducatis.
902 4469 998 4548 Quod
1014 4470 1042 4534 si
1057 4467 1169 4536 forsan
1185 4469 1315 4536 monitis
1333 4476 1368 4536 et
1382 4491 1471 4538 man

342 4574 427 4642 datis
443 4575 560 4642 vestris
584 4578 746 4645 noluerint
769 4579 996 4663 acquiescere,
1022 4597 1081 4644 vos
1104 4579 1220 4662 ineos,
1248 4579 1471 4664 appellatione
