3218 5192
915 317 978 384 114

864 401 1021 420 -u-fl-

375 519 463 585 Zoro
479 520 637 604 Talarigi,
657 517 821 600 semesso,
838 516 1011 600 Vulgicinc
1030 513 1097 581 tilio
1114 511 1230 598 Coprc,
1251 514 1424 581 Grubessa
1439 513 1506 580 tilio

374 627 520 712 iosephi,
538 626 646 693 Micha
662 624 727 691 filio
740 623 857 709 Tripze
875 621 1034 705 Gregorio
1051 621 1175 704 Vitam,
1193 626 1224 686 ct
1240 619 1408 707 Stephano
1426 619 1505 688 Cos

375 737 452 821 ritti,
469 735 594 802 Jacobo
617 733 781 818 Segarloti
800 731 962 816 Surdano,
984 735 1081 812 atquc
1094 727 1261 814 Stephano
1276 729 1365 796 Zele.
1384 730 1426 794 st
1441 749 1504 812 ego

374 843 519 910 Joanncs
531 843 672 908 Sanctae
684 839 881 907 Anastasius
894 837 1119 906 subdiaconus
1139 842 1236 920 atque
1251 837 1419 922 Notarius,
1449 837 1507 905 ibi-

375 953 449 1018 dem
465 972 536 1018 cum
553 952 603 1018 his
625 949 854 1038 suprascriptis
872 949 1010 1015 testibus
1029 945 1171 1032 interfui,
1189 945 1306 1032 scripsi
1323 953 1383 1012 etc.

628 1150 743 1214 (Fariati
757 1149 895 1214 Illyricum
908 1147 1021 1198 Sacrum
1033 1145 1065 1196 V.
1079 1146 1135 1196 irot.
1155 1147 1198 1196 69.
1215 1145 1244 1212 1.)

814 1431 1073 1446 —a—-u-—u-—u—-h-

912 1987 968 2055 67.

375 2187 514 2255 Aimima
541 2189 651 2254 i·ene‘zc
667 2183 698 2253 έὲ
725 2189 855 2254 emberci
872 2189 1040 2274 bokeosoqct
1066 2187 1234 2253 okmzoek
1259 2183 1389 2252 Cattoro
1414 2191 1509 2252 odroc

787 2295 982 2381 kiizschenek.
1002 2296 1100 2364 1167.

484 2495 555 2576 Ego
571 2491 689 2558 Nicoia
699 2491 858 2558 Kcncsius
872 2489 1030 2576 Almyscii
1046 2511 1112 2557 ona
1128 2511 1199 2557 cum
1215 2490 1295 2556 meis
1312 2491 1510 2574 consangui-

378 2599 458 2683 neis,
478 2605 596 2664 etcum
614 2599 773 2685 omnibuS,
791 2599 846 2682 qui
860 2599 919 2665 sub
934 2619 1006 2666 meo
1023 2599 1165 2668 dominio
1182 2605 1267 2682 sunt,
1280 2599 1431 2684 juramus
1447 2599 1510 2666 tibi

376 2707 566 2774 vicecomiti
579 2707 767 2791 Catharim,
785 2713 816 2772 et
833 2707 981 2774 omnibus
998 2707 1193 2791 Catharmis,
1214 2725 1312 2793 super
1323 2707 1384 2772 Dei
1400 2707 1508 2772 Evan-

378 2815 475 2900 gelia,
492 2815 666 2882 salvande
684 2824 716 2882 et
733 2815 820 2884 bona
837 2816 1024 2900 intentione,
1044 2825 1079 2882 ut
1096 2817 1137 2881 ab
1152 2815 1312 2882 hodierna
1327 2815 1381 2881 die
1396 2835 1458 2882 nos
1475 2825 1508 2881 ct

377 2923 480 2987 nostri
497 2941 702 2990 soccessores
719 2922 887 2989 vobiscum
904 2931 935 2990 ct
950 2923 1068 2989 vestris
1081 2923 1322 2990 successoribus
1339 2942 1457 3010 puram
1474 2931 1508 2988 et

243 3065 250 3082 ·
377 3035 499 3094 rectam
516 3030 696 3096 habeamus
713 3050 839 3116 pacem,
865 3032 989 3114 absque
1006 3029 1081 3100 dolo
1098 3052 1200 3116 usque
1216 3031 1260 3096 ad
1274 3051 1395 3098 nonam
1412 3051 1508 3115 gene

378 3136 556 3222 rationem;
574 3139 650 3204 etsi
667 3138 864 3206 Catharinus
882 3141 1073 3207 conduxerit
1088 3161 1215 3224 navem,
1236 3148 1269 3205 ct
1283 3139 1395 3206 fecerit
1410 3140 1508 3206 nobis

371 3243 553 3330 justitiam,
570 3246 696 3311 nnllam
711 3245 889 3313 laesionem
906 3247 937 3312 ci
953 3245 1130 3333 iaciemns3
1157 3255 1189 3312 et
1206 3269 1226 3313 a
1242 3248 1388 3314 Molonto
1404 3267 1509 3330 usque

378 3351 488 3419 Trcsti
508 3354 535 3418 si
551 3353 729 3419 viderimus
755 3375 871 3422 navem
882 3406 890 3440 ‚
919 3375 1003 3440 quae
1020 3355 1197 3422 Gothorum
1220 3355 1333 3420 venire
1356 3353 1508 3440 volucrit,

376 3461 500 3526 nullum
519 3461 672 3527 damnum
689 3462 720 3527 ei
745 3462 912 3529 faciemus.
941 3463 996 3529 Sic
1011 3483 1071 3530 nos
1090 3465 1180 3530 Deus
1200 3463 1352 3547 adjuret,
1378 3463 1509 3528 ethaeo

377 3574 493 3633 sancta
509 3567 570 3632 Dei
587 3570 777 3653 Evangelia.
804 3571 898 3636 Anno
915 3571 1049 3637 Domini
1065 3571 1239 3638 Millesimo
1256 3564 1415 3636 CLXVII.

609 3763 731 3831 (Fsrlnti,
744 3769 884 3835 Illyricum
896 3769 1008 3822 Sacrum
1021 3769 1069 3822 VI.
1083 3769 1139 3824 hot,
1154 3771 1215 3820 rot.
1230 3765 1264 3839 l.)

815 4055 1068 4069 ———-—-——-—
