3164 5192
621 955 697 1026 rel.

95 1132 355 1226 quauazoknak
373 1135 523 1226 jebnldae
538 1139 601 1203 III.
620 1140 710 1204 lacae
731 1137 881 1225 pdpdboz
906 1161 1093 1226 upyanaaon
1115 1143 1222 1230 Μορμ-

561 1245 634 1312 bun.
659 1247 756 1312 1203.

203 1443 417 1512 Sanctissimo
438 1443 529 1511 Patri
545 1447 577 1508 et
602 1441 794 1511 charissimo
819 1444 970 1530 domino,
996 1445 1022 1512 Ι.
1039 1445 1101 1514 Dei
1117 1446 1225 1531 gratia

93 1552 230 1619 Summo
247 1551 395 1619 Pontifici
405 1602 414 1638 ,
431 1551 467 1616 B.
486 1551 662 1618 Flandriae
682 1558 715 1618 et
730 1553 913 1620 Haiuoriae
923 1605 932 1638 ,
957 1555 993 1619 L.
1010 1553 1176 1621 Blczensis
1192 1561 1226 1619 et

94 1660 394 1746 Claromontensis,
421 1667 453 1727 et
469 1660 509 1725 H.
525 1660 635 1727 Sancti
652 1661 746 1727 Pauli
763 1661 914 1744 Comites,
939 1663 1058 1729 milites
1075 1663 1135 1748 sui,
1153 1681 1225 1728 cum

94 1769 343 1855 promptissima
358 1769 402 1835 ad
418 1789 513 1835 omne
540 1769 729 1853 obsequium
753 1771 941 1853 voluntate,
967 1771 1080 1837 oscula
1095 1769 1225 1856 pedum.

93 1876 268 1942 intellecto
282 1875 494 1942 Pateruitatis
511 1881 639 1942 vestrae
655 1875 828 1960 mandato,
855 1884 887 1942 et
903 1883 970 1943 tam
986 1877 1103 1944 vestris
1127 1896 1225 1960 quam

92 1985 297 2052 venerabilis
313 1983 441 2068 Patris,
459 1983 495 2049 P.
513 1983 598 2050 tituli
614 1983 726 2048 Sancti
742 1983 889 2050 Marcelli
913 1983 1099 2070 Presbyteri
1116 1981 1226 2051 Cardi-

94 2091 193 2176 ralis,
212 2091 423 2176 Apostolicae
439 2089 535 2157 Sedis
552 2090 686 2176 Legati,
703 2089 820 2157 litteris
836 2111 894 2176 per
909 2093 1054 2159 nuntium
1075 2093 1179 2180 ipsius
1196 2099 1229 2159 et

93 2207 228 2268 nostros
244 2199 455 2266 veneratione
472 2199 636 2283 condigna
652 2199 811 2285 receptis,
837 2207 989 2288 prompta
1006 2220 1116 2267 sumus
1133 2201 1228 2268 devo-

93 2309 185 2375 tione
203 2307 237 2372 in
254 2306 403 2372 omuibus
420 2307 574 2390 exsecuti,
592 2311 623 2371 et
639 2306 814 2372 secundum
834 2307 971 2375 sormam
988 2328 1177 2396 expressam
1193 2309 1227 2374 iu

96 2415 219 2482 litteris
234 2415 353 2481 vestris
364 2416 550 2500 juramento
567 2415 743 2502 praestito,
771 2415 840 2481 sive
856 2417 1033 2502 recognito,
1054 2416 1229 2484 absolutio·

95 2525 150 2590 nis
166 2523 379 2609 Apostolioae
395 2543 506 2589 somus
522 2523 713 2589 beneficium
737 2525 918 2608 censecuti,
946 2529 978 2590 et
992 2524 1129 2610 litteras,
1147 2543 1228 2610 quas

96 2633 242 2720 petistis,
253 2635 351 2716 juxta
367 2631 557 2698 mandatum
575 2631 653 2697 dicti
669 2631 786 2716 Legati
802 2631 907 2698 eidem
923 2631 1127 2716 remisimus,
1152 2653 1228 2715 qua-

96 2761 170 2807 rum
182 2741 282 2806 etiam
293 2747 435 2806 tenorem
447 2739 651 2827 perlatorem
667 2739 889 2826 praesentium
899 2739 1109 2827 Apostolatoi
1120 2747 1228 2808 restro

96 2849 253 2914 duximus
263 2847 488 2932 intimandum,
502 2847 542 2914 de
554 2855 664 2914 vestra
674 2847 865 2932 Apostolica
874 2849 997 2934 pietate
1009 2849 1131 2932 conlisi,
1143 2846 1231 2931 quod

100 2955 299 3024 mandatum
309 2959 462 3039 vestrum,
475 2961 758 3038 quantumcunque
769 2975 809 3022 ex
820 2963 958 3042 paterna
967 2956 1140 3022 severitate
1152 2954 1231 3019 dure

102 3069 202 3132 sonet
218 3063 371 3148 exterius,
388 3083 447 3148 pro
463 3062 651 3130 obedientia
667 3061 807 3129 liliorum
823 3070 856 3128 et
871 3061 1043 3128 devotione
1059 3062 1231 3145 promptis·
1277 3089 1279 3100 ·

102 3173 192 3239 sima
207 3171 289 3237 nihil
304 3171 398 3237 uobis
414 3171 466 3238 vel
483 3171 677 3238 haeredibus
694 3171 814 3237 nostris
838 3169 973 3235 interius
990 3169 1154 3236 continere
1177 3167 1230 3232 de-

102 3280 184 3345 beat
200 3278 395 3364 captiosum.
421 3279 528 3345 Tenor
543 3277 703 3361 siquidem
719 3277 878 3344 dictarum
893 3275 1076 3343 litterarum
1091 3273 1144 3340 hic
1160 3281 1230 3341 est:

215 3385 252 3451 B.
269 3383 447 3452 Flandriae
462 3385 525 3451 stb.
542 3381 638 3471 (mint
653 3383 785 3450 lentebb
803 3383 877 3449 153.
894 3401 938 3448 sa.
956 3379 1001 3469 a.)

213 3496 309 3579 Sane,
326 3493 443 3559 litteris
460 3494 533 3560 istis
549 3493 662 3579 sigilla
676 3499 789 3560 nostra
799 3491 960 3560 Comitum
975 3489 1045 3558 sine
1057 3489 1233 3558 contradic·

101 3604 194 3670 tione
211 3601 351 3668 libenter
367 3601 592 3688 appendimus,
609 3601 668 3668 sed
684 3601 847 3669 Beronum
863 3599 1085 3685 sequentium,
1106 3598 1167 3666 hoc
1183 3604 1234 3665 est

104 3712 170 3780 Od
180 3715 215 3776 et
224 3709 273 3776 W.
288 3707 398 3776 fratris
414 3709 485 3794 ejus
498 3708 716 3776 intelleximus
733 3707 885 3793 defuisse,
902 3709 979 3774 licet
995 3705 1182 3775 etBarones
1198 3725 1234 3772 se

104 3839 182 3886 esse
200 3817 343 3886 confessi
359 3816 425 3883 sint
434 3867 443 3902 ‚
469 3817 554 3884 sicut
568 3817 610 3883 ab
627 3815 693 3883 illis
708 3817 912 3903 accepimus,
933 3815 1050 3900 quibus
1065 3813 1127 3882 soit
1142 3818 1235 3884 abso·

16 3975 17 3980 1
104 3927 243 3996 lationis
258 3934 388 3993 vestrae
411 3923 552 3991 cilicium
569 3923 773 4009 delegatum,
800 3928 832 3988 et
848 3922 914 3990 illis
927 3922 1106 4006 injunctum
1129 3922 1235 4008 luerit,

18 4103 20 4130 ‚
105 4038 140 4103 in
158 4035 279 4102 mmute
294 4033 444 4120 praestiti
465 4033 644 4117 juramenti
659 4033 772 4099 statim
788 4029 993 4100 absolutione
1009 4047 1175 4114 concessa,
1201 4035 1237 4096 ut

18 4131 20 4157 ²
106 4143 248 4228 litteras,
265 4161 347 4227 quas
358 4141 528 4228 recepistis
541 4141 734 4208 emitterent.
751 4142 857 4226 Super
871 4137 957 4206 facto
976 4141 1084 4204 antem
1096 4135 1235 4204 Illustris

20 4243 22 4280 ³
107 4253 172 4320 viri
197 4273 238 4320 aa
261 4251 424 4338 Principis
441 4251 600 4319 exercitus
625 4251 749 4336 nostri,
775 4247 973 4315 Marcbionis
993 4243 1237 4330 Montisfemati,

21 4391 23 4413 ³
109 4387 175 4452 quo
191 4361 345 4430 videlicet
354 4411 363 4446 ‚
391 4380 451 4445 pro
466 4359 659 4446 Apostolica
674 4355 857 4425 reverentia
883 4363 915 4422 et
931 4353 972 4419 de
991 4353 1237 4419 conservatione

110 4477 202 4550 stolii
219 4479 329 4539 vestra
344 4470 511 4538 voluntale
527 4466 720 4555 complenda
729 4518 738 4553 ,
755 4463 974 4534 ostensionem
992 4460 1171 4528 litterarum
1186 4479 1227 4528 ve

111 4597 254 4660 strarum
270 4557 436 4647 humiliter
444 4574 613 4663 impedivit
629 4574 672 4641 ad
682 4581 820 4662 tempus,
838 4571 940 4640 donec
956 4565 1107 4635 videlicet
1122 4565 1240 4634 iterata

109 4697 259 4784 jussione
274 4685 438 4759 Sanctitas
449 4685 567 4752 Vestra
583 4682 797 4770 praeciperet,
818 4677 906 4768 quod
921 4679 955 4746 in
969 4679 1032 4746 hac
1047 4677 1241 4763 tempestate

158 4832 261 4874 morou.
278 4833 360 4872 nura.
377 4831 446 4870 urar.
466 4843 502 4854 -
522 4811 644 4860 urrn.1a.
1040 4794 1079 4852 16
