3218 5192
902 967 958 1036 69.

367 1171 430 1238 III.
447 1170 574 1237 Sdador
595 1173 685 1257 pcipe
703 1167 822 1234 (delier-t
836 1167 974 1254 epalatm'
992 1169 1138 1234 draeknek
1157 1170 1350 1258 meydaqyja,
1374 1172 1456 1260 doyy
1471 1195 1492 1236 α

367 1278 594 1344 eebenicoiakot
611 1300 690 1341 arra
705 1280 847 1361 azoritea,
863 1276 943 1362 doqy
960 1275 1103 1361 Gaofrid
1111 1325 1122 1357 ,
1142 1279 1426 1364 Bonamirfidaolc
1442 1291 1494 1345 att

615 1383 828 1471 or'aezaodjcilc‚
848 1386 904 1446 mit
920 1381 979 1449 edla
995 1385 1131 1451 oloattek.
1149 1387 1247 1451 1169.

474 1576 663 1645 Alexander
687 1575 867 1660 Episcopus
894 1595 1006 1642 servus
1034 1595 1200 1642 servorum
1220 1576 1281 1644 Dei
1307 1581 1490 1646 venerabili

367 1687 461 1754 fratri
477 1683 644 1774 Gdranlo)
666 1683 854 1770 Spalatensi
879 1683 1135 1770 Archiepiseopo
1161 1685 1371 1769 Apostolicao
1396 1689 1493 1755 Sedis

369 1795 493 1879 Legato
510 1792 647 1858 salutem
663 1796 695 1854 et
710 1789 933 1877 Apostolieam
956 1787 1229 1856 Benedictionem.
1256 1791 1283 1856 E
1299 1795 1497 1862 transmissa

369 1901 479 1966 dilecti
504 1900 560 1965 filii
587 1901 688 1965 nostri
707 1899 864 1964 relatione
889 1897 1008 1963 nobilis
1024 1897 1085 1962 viri
1110 1897 1265 1964 Bonumir
1290 1899 1331 1964 de
1356 1901 1496 1987 Siponto

370 2009 502 2074 auribus
517 2007 637 2074 nostris
654 2005 802 2090 innotuit,
828 2005 915 2089 quod
930 2005 1077 2072 homines
1095 2005 1135 2072 de
1151 2005 1308 2074 Sevenioo
1325 2009 1497 2078 Guoffrido

370 2119 436 2186 filio
453 2120 524 2204 ejus
540 2118 700 2183 violenter
725 2125 756 2182 et
773 2115 883 2181 furtim
899 2135 952 2180 res
969 2134 1046 2180 suae
1073 2113 1200 2181 auferre
1215 2136 1279 2183 non
1296 2115 1497 2184 dubitarunt

370 2227 464 2293 Unde
488 2227 641 2310 quoniam
667 2223 771 2290 eidem
788 2221 969 2310 B(0numir)
985 2230 1054 2288 tum
1079 2242 1119 2287 ex
1137 2221 1235 2288 officii
1258 2225 1360 2290 nostri
1386 2223 1499 2293 debito

370 2342 437 2400 tum
455 2335 553 2400 etiam
570 2333 831 2400 consideratione
848 2331 1041 2416 devotionis,
1058 2350 1156 2414 quam
1169 2331 1255 2398 circa
1271 2353 1330 2400 nos
1348 2333 1499 2420 speciali-

369 2442 536 2524 tergent,
561 2441 593 2506 in
611 2460 669 2506 suo
681 2439 755 2524 jure
772 2439 889 2504 adesse
915 2437 1088 2523 debemue5
1115 2436 1310 2504 fraternitati
1337 2447 1415 2506 tuae
1438 2461 1500 2526 per

371 2537 562 2634 Apostolica
587 2547 708 2632 scripta
725 2545 937 2629 mandamus,
965 2551 1123 2629 quatenus
1149 2545 1338 2630 praedictae
1355 2545 1500 2614 civitatis

371 2655 540 2748 hominee,
566 2654 621 2738 qui
637 2653 698 2720 hoc
714 2653 841 2720 facinus
868 2654 1115 2737 commiserunt,
1142 2653 1300 2719 instanter
1315 2675 1449 2722 moneas
1467 2662 1502 2720 et

372 2763 519 2828 districte
535 2761 724 2848 compellaS,
741 2769 776 2826 ut
792 2783 842 2847 ea,
861 2783 944 2846 quae
961 2761 1132 2827 furtimvel
1147 2781 1206 2848 per
1225 2761 1414 2830 violentiam
1431 2761 1499 2829 filio

371 2868 513 2954 praefati
528 2867 711 2956 B(onumir)
727 2869 948 2952 abstulerunt,
976 2869 1081 2934 eidem
1096 2869 1280 2954 postposita
1295 2871 1518 2938 cunctatione-

371 2977 547 3042 remittant.
575 2974 669 3054 Quod
685 2976 714 3040 ei
730 2976 815 3042 infra
832 2996 1008 3060 congruum
1032 2975 1204 3042 terminum
1221 2996 1241 3040 a
1256 2982 1289 3041 te
1305 2976 1368 3042 eibi
1379 2977 1501 3063 ,praefi-

372 3105 448 3150 xum
465 3083 572 3150 faeere
588 3085 670 3152 forte
688 3086 869 3168 renuerint,
896 3104 951 3151 eoo
969 3083 1132 3168 usquead
1151 3084 1284 3168 dignam
1304 3083 1501 3154 satisfactio·

372 3212 445 3258 nem
461 3193 806 3259 excommunicationis
823 3191 951 3258 vinculo
968 3213 1031 3259 non
1045 3191 1178 3259 differas
1192 3192 1358 3260 innodare.
1377 3193 1501 3262 Datum

372 3299 550 3368 Beneventi
566 3303 606 3368 X.
625 3299 786 3368 kalendae
802 3300 962 3368 Januarii.

721 3499 870 3568 (Ugyanott
889 3501 941 3554 ΙΙΙ.
961 3501 1017 3553 leot.
1040 3503 1098 3555 190.
1119 3501 1148 3567 l.)

802 3786 1061 3798 —n-———-——-
