3218 5192
350 1163 600 1252 Mcbdlpjodror'
610 1161 737 1250 perpet
751 1183 793 1226 aa
805 1161 924 1226 Korma
937 1161 969 1226 er
981 1160 1124 1226 ὓαηιὶάη
1138 1161 1316 1245 ternplomdt
1330 1159 1480 1244 orospeda·

488 1292 509 1334 a
524 1268 669 1354 tapes·
686 1265 986 1354 (tcapersoldrodrr')
1002 1267 1210 1332 bordtolcoolc.
1236 1269 1334 1336 1129.

456 1463 625 1548 Almificae
640 1463 877 1534 iucarnationis
892 1463 972 1531 lesu
983 1463 1113 1548 Christi,
1131 1469 1324 1547 nostraeque
1345 1482 1479 1550 repara-

349 1573 448 1642 tionis
463 1593 549 1642 anno
565 1572 696 1640 Domini
709 1571 883 1639 millesimo
894 1570 1044 1640 CXXIX.
1062 1572 1212 1638 abeunte.
1230 1571 1478 1640 IndictioueVI.

349 1683 507 1750 elabente.
524 1683 595 1768 Ego
607 1678 776 1770 ll(ichael)
792 1681 913 1746 Divina
928 1679 1058 1748 favente
1076 1680 1249 1748 clementia
1264 1679 1371 1746 almae
1392 1681 1480 1744 Ana·

348 1789 472 1856 stasiac
488 1788 663 1856 cathedrae
678 1787 887 1874 praesulante
902 1785 1000 1874 (igy),
1017 1791 1127 1853 notum
1144 1785 1229 1853 facio
1244 1792 1311 1854 tam
1322 1805 1479 1871 praesen·

346 1898 444 1980 tibus,
463 1915 560 1980 quam
585 1894 736 1977 remotis,
763 1894 882 1961 stabile
898 1893 1105 1980 privilegium
1122 1894 1290 1960 libertatis
1309 1892 1481 1959 Ecclesiae

348 2005 539 2070 Sanctorum
556 2000 695 2070 cosmae
710 2007 742 2068 et
758 2001 932 2085 Damiani,
960 2020 1058 2086 quam
1074 2000 1256 2068 Ecclesiam
1281 2006 1357 2086 post
1372 2019 1480 2068 rever·

348 2111 472 2178 sionem
488 2111 678 2193 Romaniae,
705 2109 1006 2193 desolationemque
1022 2109 1208 2194 civitatum,
1235 2110 1310 2176 Dux
1329 2107 1483 2176 Venetia·

348 2237 418 2284 rum
435 2217 513 2283 mibi
530 2215 688 2282 concessit
705 2217 845 2301 habere,
873 2217 994 2301 quade
1011 2236 1045 2282 re
1062 2216 1205 2284 maxima
1221 2215 1369 2282 collectio
1385 2215 1482 2282 cleri-

348 2343 478 2407 corum,
505 2341 544 2388 ac
559 2321 716 2390 laicorum
731 2325 902 2392 unanimes
920 2324 1134 2392 veneruntad
1151 2343 1212 2408 me,
1238 2329 1274 2389 ut
1289 2342 1351 2406 ego
1368 2341 1482 2389 conce-

348 2431 458 2497 derem
473 2429 537 2496 sibi
553 2429 735 2517 praefatam
753 2431 946 2516 Ecclesiam,
971 2453 1067 2517 quam
1084 2433 1154 2500 Deo
1174 2430 1367 2512 illustrante,
1389 2428 1482 2494 laro-

348 2537 444 2603 rabili
459 2535 636 2622 voluntate,
662 2537 715 2605 vel
731 2539 919 2625 precamine
936 2539 1071 2606 istorum
1089 2538 1271 2606 condonavi
1286 2536 1408 2603 Abbati
1423 2534 1481 2602 Jo-

348 2643 446 2727 anni,
469 2643 602 2726 suisque
618 2643 775 2712 fratribus
800 2647 973 2714 ecclesiam
988 2647 1030 2712 ll.
1047 2646 1110 2714 frui
1127 2645 1255 2712 Divinis
1271 2641 1399 2727 officiis,
1416 2665 1481 2728 pro

348 2751 514 2818 ablutione
530 2770 661 2818 suorum
676 2751 866 2838 facinorum,
883 2755 937 2822 vel
953 2773 1083 2822 suorum
1099 2752 1355 2820 commissorum.
1380 2748 1481 2828 Quod

347 2855 377 2922 si
404 2856 522 2942 aliquus
548 2877 670 2943 procax
700 2866 821 2927 temere
848 2862 908 2929 hoc
933 2881 1039 2928 meum
1071 2865 1241 2927 exaratum
1269 2876 1481 2943 corrumpere

345 2965 564 3051 temptaverit,
581 2966 700 3033 habeat
716 2969 977 3038 maledictionem
993 2967 1065 3052 Dei,
1083 2973 1116 3034 et
1130 2971 1345 3033 trecentorum
1363 2964 1479 3031 decem

345 3075 378 3138 et
394 3076 466 3138 octo
482 3071 625 3158 Patrurn,
642 3094 781 3142 necnon
798 3082 830 3142 et
846 3095 952 3144 meam
973 3113 1017 3124 —
1033 3115 1077 3129 -
1090 3111 1129 3121 —
1148 3074 1191 3140 ab
1210 3073 1361 3142 omnibus
1378 3073 1477 3139 bouis

345 3178 380 3244 in
394 3177 511 3262 futuro,
529 3180 693 3266 particeps
718 3183 761 3250 sit
776 3203 847 3250 cum
864 3184 953 3251 duda
976 3183 1152 3270 proditore.
1179 3181 1283 3265 Hujus
1299 3182 1348 3246 rei
1371 3186 1477 3248 testes

344 3285 462 3371 Micha,
478 3286 613 3372 (lotona,
630 3289 782 3358 Micbado
798 3291 963 3377 starecoa,
980 3291 1121 3358 Michael
1136 3290 1178 3358 de
1192 3291 1313 3373 Panna,
1337 3287 1476 3374 Ouzilla,

344 3393 519 3460 Domazza.
536 3397 606 3479 Ego
622 3398 752 3464 lindius
767 3398 876 3466 Unula
891 3399 1003 3465 Sancti
1019 3397 1189 3466 Michaelis
1210 3397 1295 3464 hauc
1307 3396 1479 3464 scedulam

345 3499 472 3585 scripsi,
489 3509 522 3568 et
538 3504 634 3588 hujus
650 3505 698 3570 rei
712 3507 806 3573 testis
825 3526 906 3573 sum.

724 3720 877 3786 (Ugyauoo
889 3721 921 3772 v.
936 3722 994 3774 lot.
1008 3723 1051 3772 oo.
1065 3719 1096 3786 l.)

772 4001 1040 4014 u———ss
