3268 5194
643 352 688 428 lu

588 449 744 462 ——a—-fl

95 564 166 628 stra
181 555 319 647 insuper
334 559 514 647 posuimus.
529 558 725 627 Laurentius
742 557 975 644 Archipraesul
995 553 1170 643 collaudat,
1197 559 1231 624 ct

96 671 251 754 roborat,
277 671 425 738 Jcannes
448 667 652 752 Tragurinus
676 667 859 752 Episcopus
885 665 1102 750 collaudauit3
1132 667 1230 732 Prae·

95 779 240 844 stantius
265 778 454 845 Castilanns
477 777 661 862 Episcopus
684 773 778 861 (aasz
793 773 1041 862 Belgradensls)
1065 774 1228 842 collauda·

95 885 163 971 vit,
181 893 217 953 et
231 885 338 952 omnis
353 885 506 971 Syncdus
522 883 698 968 collaudat,
714 891 748 951 et
763 883 907 950 roborat.

346 1082 463 1151 (Parieti
474 1083 615 1150 Illyricum
626 1082 740 1134 Sacrum
752 1083 804 1135 ΙΙΙ.
818 1081 875 1134 trdt.
892 1081 950 1134 ua.
963 1081 992 1148 Ι.)

537 1367 797 1390 ——n—v--ffl

643 1923 699 1994 tt.

100 2104 284 2195 Zucjnr‘ma‘r
300 2101 599 2172 durarit-dalmatiai
612 2105 720 2195 kirtly
736 2107 870 2174 Lirincz
890 2106 1030 2195 potator·
1050 2105 1198 2176 &sedada
1215 2131 1237 2174 a

216 2214 348 2304 patulua'
362 2235 405 2281 aa.
421 2212 552 2302 Gpdrpy
566 2215 747 2302 templomdt
761 2217 1006 2305 udomdayorau.
1027 2219 1122 2285 10⁷6.

214 2411 255 2478 ln
270 2409 402 2478 nominc
417 2411 569 2497 Sanctae,
586 2417 619 2478 ct
633 2411 827 2479 Indiuiduac
841 2411 1022 2480 Trinitatis.

216 2519 290 2614 Ego
306 2517 437 2604 quidem
451 2517 605 2585 Svinimir
619 2517 831 2588 Obroatorum
854 2527 952 2605 atque
977 2519 1237 2587 Dalmatinorum

103 2627 179 2696 Eex
194 2625 360 2692 residente
376 2645 428 2692 ure
443 2625 477 2692 in
492 2628 606 2710 Regno
622 2645 706 2712 mcc,
730 2647 817 2694 anno
832 2627 1026 2694 Dominicac
1041 2628 1238 2694 lucarnatio·

103 2735 157 2800 uis
174 2735 218 2799 M.
238 2733 274 2798 L.
289 2732 423 2818 XXVL,
440 2732 620 2800 indictione
635 2755 714 2802 vero
736 2735 836 2820 xlv,
854 2733 908 2802 die
923 2735 981 2802 IX.
1002 2735 1123 2802 mensis
1146 2734 1238 2802 Octo

105 2831 187 2925 bris,
207 2860 248 2907 ac
263 2839 388 2907 Divina
402 2839 511 2924 gratia
526 2840 741 2928 confortante,
766 2843 1024 2928 suffragantibus
1040 2843 1163 2910 meritis
1178 2843 1237 2909 Be·

107 2946 335 3014 atissimorum
350 2947 530 3035 Martyrum
545 2949 688 3034 Domnii,
705 2956 738 3016 ct
752 2948 931 3036 Anasmsii,
947 2951 989 3016 ob
1006 2969 1142 3037 quorum
1152 2969 1239 3018 reve·

107 3057 271 3140 rentiam,
295 3062 329 3123 ct
344 3055 496 3125 devotum
513 3077 656 3126 amorem
671 3059 876 3126 Venerabilis
891 3059 1058 3127 Praesulis
1082 3059 1161 3126 milri
1177 3057 1240 3144 spi-

104 3163 238 3232 ritualis
254 3163 358 3250 patris
374 3163 498 3231 domini
513 3164 681 3232 Laurentii
696 3166 867 3234 Ecclesiae
882 3166 1097 3254 spalatensis,
1122 3167 1156 3232 in
1175 3185 1241 3250 qua

103 3293 225 3341 ‘eorum
241 3290 381 3358 corpora
404 3271 632 3359 requiescunt,
657 3293 717 3360 per
730 3279 936 3360 praesentem
950 3273 1105 3360 paginam
1121 3272 1182 3355 do,
1208 3281 1241 3338 et

106 3379 267 3448 cantirmc
283 3379 391 3446 eidem
406 3378 538 3446 domino
554 3379 826 3468 Archiepisccpc,
851 3388 884 3448 et
898 3379 966 3446 suis
987 3377 1240 3460 successoribus,

108 3507 150 3554 ac
165 3487 233 3574 ipsi
248 3487 419 3556 Ecclesiae
434 3507 516 3555 suae
530 3485 562 3554 in
579 3494 771 3575 perpetuum
786 3488 968 3556 Ecclesiam
982 3487 1093 3555 Sancti
1109 3483 1242 3570 Georgii

107 3595 152 3662 de
168 3594 288 3662 Patale
314 3613 388 3662 eum
412 3600 482 3663 toto
505 3593 669 3663 territurio
693 3615 752 3663 suo
769 3595 941 3682 arupibus
960 3595 1079 3662 montis
1103 3593 1242 3680 signatis

108 3721 153 3768 ex
169 3708 310 3786 utraque
325 3709 419 3788 parto
435 3720 538 3788 usquc
554 3701 598 3770 ad
609 3721 707 3786 mare,
720 3702 816 3788 juxta
832 3703 1108 3770 confirmationem
1118 3705 1243 3787 Regum

108 3807 404 3896 praedecessorum
420 3827 574 3893 meorum,
599 3807 762 3894 videlicet,
787 3809 949 3896 Tirpimir,
975 3816 1008 3877 et
1023 3808 1180 3894 Mucimir,
1207 3815 1243 3874 ut

108 3917 145 3984 in
159 3917 309 4002 ipsorum
325 3915 519 4003 conscriptis
534 3915 666 4002 paginis
681 3915 822 3984 vidimus
838 3915 1016 4003 contineri,
1041 3935 1113 3984 cum
1129 3915 1242 3998 serris,

108 4031 144 4093 ct
159 4023 295 4092 ancillis
311 4022 346 4090 in
361 4021 477 4092 ecdem
491 4022 652 4092 icrritorio
667 4021 804 4110 positis,
830 4043 888 4090 seu
905 4024 937 4091 in
954 4021 1069 4092 eodem
1083 4020 1244 4089 territorio

107 4133 143 4200 ln
161 4139 334 4219 posterum
349 4131 492 4200 reddere
507 4131 703 4217 volentibus,
729 4131 776 4198 ita
792 4137 902 4198 tamen
918 4129 1066 4217 quod-
1082 4165 1127 4178 -
1142 4165 1186 4178 —
1201 4163 1245 4176 -

108 4237 266 4308 dominus
281 4235 569 4324 Archicpiscopus,
595 4238 729 4324 ejusque
744 4257 949 4307 successores
964 4235 1197 4324 temporaliter,
1213 4241 1246 4301 et

106 4347 329 4436 spiritualiter
344 4365 469 4415 merum
484 4345 663 4415 dominium
678 4376 1246 4398 ----------

107 4491 155 4505 -·
171 4489 218 4504 -
234 4455 269 4522 in
286 4456 361 4544 ipsa
377 4453 583 4523 manentibus
598 4453 689 4543 villa,
716 4463 749 4523 et
764 4475 876 4524 eorum
891 4452 986 4524 bonis
1002 4451 1188 4535 mobilibus,
1214 4453 1248 4513 ot

107 4561 338 4631 immobilibus
363 4599 838 4614 --------
863 4558 1113 4650 praenominata
1134 4555 1247 4643 Spala-

107 4671 216 4742 tenais
232 4669 386 4742 Ecclesia
400 4679 558 4760 perpetuo
582 4671 752 4760 possideat
768 4670 923 4760 pacifico,
952 4675 984 4738 et
1011 4667 1129 4756 quiete.
1157 4659 1249 4734 Nulli
