3200 5182
617 321 771 423 ..Q

125 526 186 604 est,
213 519 300 606 quod
326 517 462 585 eundem
480 516 771 604 Archiepiscopum
787 538 807 583 a
823 519 971 604 vinculo,
1000 539 1064 604 quo
1092 520 1262 587 tenebatur

126 627 298 696 Coloeensi
314 625 472 709 Ecclesie,
490 625 708 709 absolventes,
730 625 773 691 ad
790 624 991 713 sepedictam
1008 629 1189 696 Ecclesiam
1206 651 1257 697 vo-

124 745 229 804 stram
246 736 483 818 transferimus,
502 743 535 802 et
550 735 718 802 licentiam
736 734 799 801 sibi
818 735 861 801 ad
877 755 949 826 earn
966 735 1137 804 tribuimus
1159 746 1261 805 nans·

127 843 237 928 eundi,
255 845 401 931 palleum
417 843 479 910 sibi
492 842 536 909 ad
552 861 668 910 nomen
679 851 711 910 et
727 861 820 910 usum
837 843 983 911 eiusdem
993 845 1144 912 Ecclesie
1159 853 1262 913 trans·
1315 900 1317 904 .

126 952 271 1019 missuri.
303 951 464 1030 Quocirca
490 949 680 1020 discretioni
706 959 814 1018 vestre
838 971 896 1038 per
920 952 1113 1039 Apostolica
1137 955 1258 1041 scripta

125 1060 322 1128 mandamns
332 1111 341 1144 ‚
367 1059 521 1144 quatinus
537 1079 610 1126 eum
627 1060 748 1126 bonore
771 1059 881 1126 debito
900 1058 1093 1147 recipientes
1109 1060 1258 1148 eundem,

125 1169 192 1235 sibi
217 1175 381 1252 tamquam
397 1169 527 1234 Prelato
545 1174 652 1236 vestro
678 1174 711 1234 et
726 1170 851 1254 pastori
876 1168 1056 1236 animarum
1078 1176 1259 1238 vestrarum

126 1276 296 1344 humiliter
310 1275 506 1359 intendatis,
533 1277 604 1342 cius
621 1275 766 1343 salubria
783 1278 905 1344 monita
934 1283 966 1342 et
982 1287 1137 1364 precepta
1162 1281 1260 1346 susci-

125 1382 247 1471 piendo
264 1385 380 1450 devote
396 1403 436 1449 ac
446 1384 542 1468 plene
559 1382 591 1448 in
608 1381 758 1450 omnibus
768 1383 1003 1451 observantes:
1023 1384 1168 1468 alioquin
1189 1405 1258 1452 seu-

126 1494 274 1575 tentiam,
291 1513 388 1576 quam
398 1494 470 1578 ipse
486 1491 725 1560 rationabiliter
741 1493 850 1560 tulerit
864 1495 897 1558 in
914 1494 1062 1576 rebelles,
1084 1501 1190 1560 ratam
1206 1495 1259 1560 ba-

128 1603 289 1684 bebimus,
316 1609 348 1667 et
362 1600 488 1668 servari
514 1600 648 1666 tirmiter
673 1618 775 1682 nsque
802 1600 845 1666 ad
870 1599 1126 1668 satisfactionem
1152 1601 1259 1668 condi-

127 1730 239 1794 gnam,
266 1714 397 1776 auctore
412 1708 564 1794 Domino,
579 1707 745 1775 sociemus.
766 1708 887 1774 Datum
902 1707 1056 1776 Laterani
1072 1709 1128 1778 Vl.
1146 1709 1258 1777 kulen-

128 1815 190 1883 das
209 1815 344 1902 Aprilis,
361 1815 572 1882 Pontificatus
587 1813 691 1880 nostri
706 1833 792 1881 anno
813 1813 966 1882 secundo.

236 1924 274 1990 In
290 1943 318 1988 e.
330 1945 371 1988 m.
389 1924 544 2008 scriptum
560 1928 610 1990 est
627 1937 725 2008 super
740 1923 802 1988 boc
819 1971 825 1986 .
840 1971 846 1986 .
862 1972 869 1988 .
887 1920 1056 1990 Advocato
1072 1930 1105 1990 et
1115 1924 1257 1992 ministe-

127 2031 265 2098 rialibus
291 2032 439 2099 Ecclesia
454 2030 686 2115 Aquilegensis
710 2049 813 2113 usque
838 2030 1070 2097 transmissuri.
1097 2031 1258 2110 Quocirca

127 2145 188 2206 eto.
205 2157 307 2220 usque
324 2139 490 2204 adfinem.

237 2247 275 2312 In
292 2265 320 2312 e.
339 2267 380 2312 m.
396 2248 550 2334 seriptum
576 2253 626 2312 est
642 2265 738 2332 super
754 2246 868 2342 bocUB.
886 2245 1055 2314 Colocensi
1075 2245 1257 2331 Arobicpis-

128 2376 211 2438 copo
236 2354 269 2418 in
285 2353 511 2420 Patriarebam
529 2352 781 2438 Aquilegensem
808 2353 911 2420 electo
937 2373 1040 2435 usque
1065 2353 1257 2421 transferen-

127 2460 215 2526 dum.
241 2459 324 2525 Hinc
349 2465 418 2542 cst,
446 2457 533 2544 quod
556 2468 588 2526 te
605 2481 625 2526 a
640 2459 788 2542 vinculo,
818 2478 881 2544 quo
906 2461 1070 2526 tenebaris
1087 2459 1256 2528 Colocensi

126 2567 286 2649 Ecclesie,
305 2567 521 2650 absolventes,
540 2565 583 2630 ad
599 2565 800 2650 sepedictam
814 2565 1063 2652 aquilegensem
1076 2567 1256 2634 Ecclesium

127 2673 366 2758 transierimus,
392 2681 424 2740 et
441 2675 606 2740 licentiam
632 2673 691 2739 tibi
708 2674 751 2740 ad
767 2693 839 2738 eam
862 2675 1035 2742 tribuimus
1058 2674 1256 2760 transeundi,

126 2783 272 2869 palleum
297 2783 358 2848 tibi
375 2781 419 2848 ad
444 2801 560 2848 nomen
577 2789 608 2849 et
632 2777 725 2846 nsum
751 2779 894 2846 ciusdem
919 2781 1068 2847 Ecclesie
1093 2781 1257 2848 transmis-

127 2891 206 2956 suri.
223 2892 345 2956 Datum
360 2889 513 2957 Laterani
529 2890 583 2956 Vl.
601 2886 762 2954 kalendas
774 2886 908 2974 Aprilis,
925 2889 1136 2955 Pontificatus
1153 2889 1254 2956 nostri

128 3019 216 3066 anno
233 2997 386 3066 secundo.

129 3177 277 3243 (Theium,
291 3179 391 3230 Vetera
411 3179 586 3230 Monumeuta
604 3175 743 3226 Historica
756 3175 928 3239 Hungariam
948 3174 1057 3225 Sacrum
1083 3175 1257 3236 illustrantia,

500 3267 523 3318 1.
536 3266 592 3317 ket
605 3263 693 3317 Rdma
709 3263 786 3314 1859.
802 3263 843 3313 ll.
857 3260 887 3328 l.)

562 3548 819 3560 -ιι--
