3238 5184
803 323 960 426 ,⁵34-

314 507 392 587 stini
406 517 722 606 illecti,·Apostolice
737 518 831 586 Sedis
847 518 973 605 leget,
993 529 1069 587 tnnc
1081 517 1289 602 inquisitores
1305 517 1444 606 predicti

317 628 508 712 monasterij
534 646 576 693 cx
601 627 756 695 mandato
781 625 904 694 domini
920 627 1036 714 Legati
1053 627 1193 712 predicti
1219 623 1261 693 de
1286 627 1376 694 omni
1390 627 1447 693 lite

314 735 366 804 vel
383 737 507 821 litibus,
525 733 710 820 discordijs,
727 735 970 821 controuersijs,
986 735 1126 820 iniurijs,
1147 733 1319 819 violencijs
1334 733 1388 799 vel
1403 735 1445 798 ri·

312 845 376 930 xis,
392 853 425 912 et
440 841 482 910 de
497 843 648 912 omnibus
664 843 786 927 causis,
813 861 894 928 quas
911 843 1070 910 haberent
1089 841 1143 908 uel
1159 841 1279 907 habere
1294 845 1440 927 possent,

311 957 467 1036 anquam
484 951 517 1017 in
530 949 670 1018 arbitros
695 949 1009 1036 compromissarios,
1035 947 1259 1030 seminatores,
1285 966 1343 1014 seu
1359 948 1438 1014 ami·

313 1057 437 1124 cabiles
462 1056 706 1142 compositores.
732 1057 961 1124 Promittentes
977 1057 1091 1123 Abba·
1116 1061 1148 1122 et
1168 1053 1354 1122 Conceptus
1378 1075 1439 1140 pro

312 1170 396 1230 sect
412 1161 651 1230 dictallcclcsia
661 1161 773 1230 Sancti
791 1163 931 1250 Martini,
947 1170 980 1230 et
998 1160 1176 1250 supradIcti
1192 1159 1364 1247 Oapitanei
1380 1181 1440 1246 pro

311 1289 348 1337 se
364 1277 397 1336 et
411 1270 543 1356 populis
559 1289 599 1335 ac
615 1269 764 1337 omnibus
780 1271 1010 1355 iobagionibus
1026 1269 1268 1357 suprascriptis,
1284 1267 1380 1337 dictis
1391 1290 1442 1336 ar-

310 1376 415 1460 bitris,
441 1383 473 1443 et
488 1375 554 1444 sibi
569 1396 629 1463 per
645 1376 786 1444 inuicem
812 1383 921 1461 partes
937 1397 997 1464 per
1012 1375 1274 1463 stipulaciouem,
1290 1376 1351 1442 sub
1367 1397 1442 1444 sen·

310 1481 421 1550 tencia
446 1493 479 1554 et
494 1503 580 1568 pene
604 1483 963 1568 excommunicacionis,
980 1491 1057 1552 tuuc
1084 1484 1127 1550 ab
1152 1485 1202 1550 eis
1227 1483 1384 1569 imposita
1409 1489 1442 1549 et

311 1591 392 1675 lata,
408 1589 449 1656 de
465 1589 634 1659 voluntate
660 1588 819 1660 dictorum
834 1591 972 1658 Abbatis
989 1598 1021 1658 et
1036 1592 1232 1674 Conuentus,
1259 1599 1292 1657 et
1310 1587 1441 1676 Capita·

311 1715 446 1763 neorum
472 1695 533 1764 tali
558 1696 758 1781 condicione,
784 1697 872 1782 quod
896 1698 1080 1784 quicunque
1105 1717 1171 1764 non
1195 1696 1355 1784 impleret,
1383 1703 1440 1763 aut

310 1803 557 1888 contradiceret,
573 1803 626 1870 vel
642 1803 800 1889 obuiaret,
817 1804 869 1871 vel
884 1825 951 1872 non
967 1807 1166 1889 obseruaret,
1191 1803 1348 1888 quicquid
1365 1822 1437 1870 con·

310 1909 453 1978 corditer
478 1910 622 1979 dicerent
646 1911 711 1997 ipsi
736 1911 862 1996 arbitri,
886 1913 1090 2000 preciperent
1108 1913 1211 1979 semel
1230 1911 1283 1977 rel
1307 1909 1437 1996 pluries,

310 2017 464 2102 quociens
482 2017 612 2099 vellent,
638 2027 670 2085 et
686 2016 816 2103 quando
832 2025 866 2086 et
880 2019 936 2087 vbi
952 2019 1084 2104 vellent,
1104 2019 1286 2101 laudarent,
1303 2016 1437 2082 arbitra

309 2129 430 2207 rentur,
456 2123 697 2191 sentenciamnt
722 2123 774 2190 rel
790 2124 973 2194 iudicarent
987 2125 1195 2213 presentibus
1220 2123 1369 2210 partibus
1384 2123 1437 2189 rel

310 2229 521 2314 absentibus;
549 2237 668 2298 extunc
690 2237 778 2298 esset
794 2234 1093 2300 excommunicatus
1116 2232 1189 2318 ipso
1204 2231 1285 2310 iure,
1309 2234 1436 2295 remota

310 2337 399 2405 omni
424 2331 635 2424 exceptione;
664 2345 697 2404 et
712 2336 792 2406 data
815 2340 965 2423 licencia,
991 2339 1079 2423 quod
1103 2338 1213 2407 omnia
1236 2337 1381 2403 dicerent
1403 2341 1436 2401 et

308 2441 465 2528 iacerent,
482 2445 517 2509 in
534 2443 684 2512 omnibus
701 2454 734 2512 et
749 2465 809 2532 per
824 2447 933 2514 omnia
958 2446 1001 2514 ad
1017 2466 1128 2516 eorum
1144 2445 1387 2532 beneplacitum
1402 2449 1436 2508 et

308 2549 519 2632 voluntatem,
539 2549 631 2617 nulla
646 2553 828 2636 occasione,
844 2555 897 2621 vel
919 2555 1145 2639 cauillacione,
1162 2571 1221 2620 seu
1236 2551 1433 2637 eroepciono

307 2656 341 2722 in
357 2654 467 2741 aliquo
492 2655 578 2724 lacto
594 2658 647 2725 rel
662 2657 824 2744 iaciendo,
851 2660 939 2728 dicto
955 2662 1008 2728 vel
1031 2657 1170 2728 dicendo
1185 2659 1219 2725 in
1243 2665 1434 2744 perpetuum

308 2762 511 2848 opponenda.
527 2763 581 2830 Ad
596 2765 754 2834 maiorem
768 2786 848 2833 uero
864 2767 975 2834 reivel
990 2767 1120 2854 negocij
1137 2765 1358 2833 tirmitatatcm
1372 2783 1433 2830 nos

308 2870 375 2936 iam
390 2871 529 2956 predicti
549 2871 773 2956 Inquisitores,
790 2872 949 2958 Abbates,
967 2872 1162 2958 Conuentur,
1189 2879 1221 2938 et
1235 2871 1433 2957 principales

306 2978 517 3062 iobagionum
533 2987 565 3046 et
578 2979 774 3065 populorum
785 2977 956 3066 Oapitunei
972 2979 1185 3067 suprascripti
1200 2977 1434 3061 omniasupra-

307 3083 429 3170 scripta
442 3085 589 3170 perlecta
612 3091 645 3152 et
659 3085 827 3153 intellecta
842 3085 1026 3170 sigillorum
1050 3093 1232 3156 nostrorum
1255 3081 1432 3150 munimine

305 3191 441 3259 lecimus
456 3191 612 3261 roborari.

307 3389 442 3446 OEredetie
455 3386 627 3456 bb'rbr'srtye'cn,
641 3389 753 3456 melyrdl
765 3404 783 3441 a
795 3389 921 3456 pecsdtelr
934 3389 993 3442 mdr
1001 3391 1144 3446 elresstelr,
1159 3407 1176 3441 a
1185 3387 1379 3454 paunonbalmi
1392 3386 1431 3436 ili·

698 3475 814 3547 apltslg
828 3477 1033 3546 lerdltlrlban.)
