3202 5190
825 305 980 406 Q„

344 512 376 571 et
391 505 482 574 aliud
499 505 619 588 album,
637 511 669 570 et
685 504 845 572 camelum
861 522 971 569 unum.
991 505 1072 571 Cum
1088 523 1167 570 vero
1183 502 1308 568 mittam
1323 503 1464 586 Legatos

342 613 386 679 ad
409 613 621 680 sanctitatem
646 613 816 696 Vestram,
843 631 972 698 semper
996 613 1135 678 Vestrae
1148 610 1337 678 Sanctitatis
1363 629 1465 676 recur-

343 720 454 788 dabor.

343 863 446 932 (lligne
458 881 484 918 u.
497 882 521 916 o.
535 865 573 914 Η.
593 863 648 914 not.
662 863 722 913 oct.
737 864 767 924 1.;
787 862 904 914 Theiner
923 879 949 913 u.
963 877 987 912 c.
1001 861 1193 921 1‚kcr.su.r.;
1212 855 1293 924 stdr
1305 875 1465 926 agyanazon

521 949 644 1004 levdlnelr
659 948 801 1004 laivonatdt
814 951 884 1002 kuali
899 950 962 1002 cod.
977 949 1050 1016 Dipl.
1064 951 1100 1000 11.
1114 950 1170 1000 lut.
1184 949 1244 1000 446.
1257 948 1287 1014 l.)

873 1714 949 1782 182.

346 1913 493 1978 Basilius
508 1913 650 1976 teracuoa'
665 1911 814 1976 eructuet
837 1911 929 1976 lecclc
938 1961 947 1994 ,
971 1907 1113 1996 mdplyel
1130 1911 1193 1974 III.
1211 1911 1302 1974 lucae
1314 1909 1468 1992 pa'pctnat

436 2017 559 2104 jelcali,
575 2019 654 2103 kopp
670 2017 731 2082 Leo
747 2018 893 2083 hibernale
908 2016 989 2082 ‹iltol
999 2014 1257 2101 seleaeautrltetett.
1274 2017 1372 2080 1204.

453 2214 573 2280 Multas
598 2179 827 2280 inclinationds
844 2218 875 2277 et
892 2213 1012 2278 multas
1040 2211 1199 2277 sanitates
1225 2229 1247 2274 a
1266 2229 1328 2292 me,
1346 2208 1471 2275 Basilio

346 2319 459 2388 humili
475 2319 688 2401 Bulgarcrum
709 2326 741 2385 et
757 2319 950 2386 Blachorum
966 2317 1131 2399 Primate,
1157 2335 1237 2400 erga
1259 2320 1388 2400 patrem
1405 2318 1472 2382 nni·

346 2445 524 2508 versorum,
541 2434 573 2492 et
589 2425 773 2508 dominum,
792 2432 824 2493 et
839 2431 964 2511 patrem
982 2444 1098 2510 meum,
1116 2423 1471 2509 Magnificentissimum

346 2540 380 2599 et
396 2531 644 2598 Sanctissimum
655 2533 790 2620 Papam,
806 2533 1041 2599 Innocentium.
1059 2529 1197 2598 Oramus
1208 2531 1471 2617 Omnipotentem

347 2639 463 2724 Deum,
481 2647 513 2716 et
530 2641 777 2707 sanctissimam
794 2639 855 2706 Dei
873 2638 1089 2722 Genitricem,
1110 2645 1141 2707 et
1156 2639 1372 2706 Beatissimos
1388 2641 1471 2726 Apo·

348 2747 448 2816 stolos
464 2749 594 2814 Petrum
620 2753 652 2811 et
668 2748 823 2830 Paulum,
849 2753 884 2812 ut
900 2766 971 2812 cum
988 2748 1129 2814 sanitate
1155 2755 1187 2814 et
1202 2749 1362 2834 sospitate
1387 2750 1473 2814 inue-

349 2855 419 2922 niat
434 2875 493 2922 vos
510 2855 664 2940 scriptum
681 2874 773 2920 meae
788 2854 999 2941 humilitatis;
1016 2861 1048 2921 et
1064 2875 1124 2941 per
1139 2857 1238 2922 vestri
1256 2855 1393 2923 dominii
1410 2875 1471 2922 ma-

350 2963 567 3046 gnificentiam
583 2963 658 3030 vivo
674 2970 706 3028 et
722 2983 793 3048 ego,
817 2982 876 3050 per
892 2965 955 3029 Dei
972 2961 1131 3048 gratiam,
1158 2961 1287 3047 magnis
1306 2963 1471 3031 involutus

349 3071 486 3138 delictis.
512 3069 631 3138 Notum
649 3071 691 3136 uit
707 3090 784 3155 ergo
800 3071 937 3137 Vestrae
953 3070 1094 3155 Magnae
1112 3070 1294 3153 Sanctitati,
1318 3069 1471 3154 qnoniam

349 3179 426 3260 Leo,
444 3175 644 3260 Cardinalis,
659 3197 758 3244 sanus
774 3184 807 3244 et
821 3199 936 3265 sospes
953 3180 1111 3265 pervenit,
1132 3179 1301 3264 delegatus
1318 3198 1340 3244 a
1356 3179 1470 3245 Vestra

348 3285 529 3352 Sanctitate
544 3290 576 3350 et
591 3285 782 3369 Apostolica
797 3287 899 3370 Sede,
926 3293 958 3352 et
974 3307 1076 3372 usque
1093 3287 1137 3352 ad
1152 3293 1297 3354 nostram
1317 3306 1471 3372 magnam

348 3393 512 3460 civitatem
527 3393 690 3460 Trinorae
714 3391 852 3460 tetendit
878 3394 990 3479 quinto
1013 3395 1139 3461 decimo
1163 3394 1216 3459 die
1239 3395 1362 3461 mensis
1380 3393 1471 3460 Octo·

348 3499 425 3582 bris,
442 3506 474 3565 et
490 3499 632 3584 portavit
657 3499 841 3566 universam
866 3501 1101 3587 plenitudinem
1117 3500 1351 3567 Patriarchalis
1371 3500 1471 3586 digni-

291 3645 293 3650 ·
348 3608 434 3690 tatis,
453 3611 485 3670 et
500 3611 693 3691 paramenta
709 3605 829 3690 omnia,
846 3627 930 3690 quae
947 3607 1025 3673 mihi
1041 3627 1062 3671 a
1077 3607 1194 3674 Vestra
1208 3608 1331 3692 Magna
1347 3610 1471 3676 Sancti-

347 3721 415 3778 tate
430 3711 558 3776 fuernnt
573 3710 743 3796 delegata;
770 3712 905 3778 tradidit
922 3713 1070 3779 similiter
1086 3719 1118 3778 et
1133 3715 1306 3800 annulum,
1328 3723 1362 3781 et
1378 3718 1471 3801 privi-

348 3819 480 3903 legium,
498 3823 531 3884 et
546 3818 670 3904 scripta
685 3827 718 3884 et
732 3819 971 3888 instructiones.
993 3821 1034 3886 nt
1049 3830 1225 3909 praecepto
1241 3824 1381 3891 Vestrae
1395 3827 1470 3892 San·

349 3925 471 3992 ctitatis
487 3925 580 3991 unxit
595 3945 646 3990 me
663 3925 856 4010 chrismate,
883 3927 962 3994 mihi
982 3927 1195 4014 benedicens,
1222 3936 1255 3997 et
1271 3935 1471 4000 consecrarit
1561 3941 1565 3952 “

347 4052 399 4100 me
413 4033 448 4099 in
463 4033 709 4118 Patriarcham,
727 4052 838 4100 mense
853 4033 1056 4119 Novembris,
1072 4035 1212 4120 septimo
1230 4037 1302 4120 die,
1328 4038 1362 4104 in
1386 4039 1470 4106 iesti-

347 4143 448 4208 vitate
464 4142 589 4207 scilicet
604 4142 714 4207 Sancti
732 4143 881 4227 Apostoli
897 4144 1032 4230 Jacobi,
1058 4143 1171 4212 fratris
1188 4147 1338 4234 Domini;
1364 4155 1397 4214 et
1412 4169 1469 4234 ego

348 4247 407 4312 illa
424 4245 476 4313 die
492 4248 572 4316 duos
588 4249 666 4314 unxi
683 4250 961 4336 Metropolitanus,
979 4257 1011 4315 et
1028 4257 1174 4319 caeteros
1190 4253 1383 4340 Episcopos,
1409 4277 1470 4322 ma·

349 4374 413 4438 gno
431 4375 502 4420 cum
519 4355 649 4440 gaudio,
668 4364 701 4422 et
718 4357 843 4423 duobus
860 4357 900 4422 de
911 4357 1170 4443 Metropolitanis
1186 4361 1354 4428 benedixit
1364 4361 1469 4430 (lardi-

348 4459 444 4544 nalis,
461 4467 493 4527 et
507 4463 641 4530 tradidit
666 4463 732 4532 illis
748 4463 883 4552 pallium
902 4470 999 4547 atque
1014 4465 1147 4550 mitras,
1174 4473 1207 4534 et
1222 4469 1357 4554 reliquis
1373 4471 1406 4536 in
1423 4487 1469 4534 ca·

350 4573 534 4656 puteorum
551 4571 664 4644 mitras
682 4572 846 4668 imposuit,
875 4571 998 4646 Octavo
1015 4593 1091 4642 vero
1109 4573 1162 4640 die
1177 4573 1323 4670 ejusdem
1340 4577 1468 4668 mensis,
