3202 5190
858 338 1005 439 Q

484 536 605 600 Datum
618 535 771 602 Laterani
798 555 856 621 per
872 555 1003 602 manum
1029 533 1188 602 Jobauuis
1205 540 1322 602 Sancte
1347 535 1449 602 blarie
1463 536 1494 602 in

377 641 541 710 cosmidin
559 643 697 710 Diaooni
713 643 917 727 cardinalis,
944 645 1066 710 Sancte
1081 645 1226 710 Romane
1249 643 1399 710 Euelesie
1419 643 1497 710 Can-

377 751 511 818 eellarii.
528 747 573 818 ΙΙ.ο
585 751 749 818 kalendas
762 751 941 817 Februarii.
961 750 1247 818 ludiotionelllll.⁸
1262 751 1498 818 iucarnationis

376 857 544 924 Dominioe
560 879 646 924 anno
662 857 787 924 119009
799 857 907 924 Vllll?
924 855 1031 945 (lgy),
1055 857 1266 924 Pontilioatus
1283 876 1362 924 uero
1379 857 1498 924 domiui

378 963 556 1030 lnuooeutii
567 966 679 1050 Papae
695 965 754 1033 111.
771 987 856 1034 anuo
878 965 1079 1033 duodecimo.

377 1162 425 1212 tAu
440 1162 540 1212 eredeti
554 1160 619 1214 utto
634 1165 709 1214 Weis
722 1160 808 1214 Jtnos
821 1165 970 1216 Urlruuden
984 1165 1031 1216 des
1043 1166 1235 1216 cislercienser
1245 1166 1341 1216 stilles
1354 1165 1500 1230 Heullgen·

713 1255 823 1316 tessun,
837 1250 905 1304 sees
921 1255 998 1304 reso.
1014 1256 1056 1304 rr.
1071 1255 1112 1304 sl.
1126 1255 1166 1318 rr.)

803 1541 879 1558 m...
894 1542 949 1550 .....
960 1543 1016 1550 -...
1026 1543 1061 1550 ..-

421 2170 463 2234 11.
480 2171 589 2234 Eudre
604 2167 777 2256 birolyltok
793 2171 1008 2256 adadomduyo
1025 2197 1045 2236 u
1060 2171 1289 2259 portuoobalmi
1314 2175 1455 2256 opdtao'q

798 2283 955 2343 szomdro.
976 2279 1075 2344 1211.

478 2471 515 2536 ln
538 2467 668 2536 nomine
684 2468 803 2535 Sauote
818 2467 991 2535 Trinitatis
1017 2476 1050 2536 et
1065 2467 1238 2537 ludividue
1254 2471 1409 2538 Vuitatis.
1434 2474 1493 2538 Au·

371 2579 468 2645 draus
483 2575 545 2642 Dei
559 2575 673 2661 grauia
687 2575 867 2659 lluugarie,
884 2575 1066 2660 Dalmaeie,
1076 2573 1222 2662 Oroaeie,
1238 2578 1352 2662 Rame,
1370 2579 1492 2662 Seruio,

371 2683 498 2751 Galieie
513 2684 769 2769 Lodomerieque
784 2685 854 2751 Rex
869 2683 903 2750 iu
919 2690 1119 2770 perpetuum.
1139 2686 1333 2754 Reoolentes
1349 2693 1492 2755 auteces-

370 2813 478 2860 sorum
494 2799 674 2862 nostrorum
685 2792 894 2860 deuooiouem
910 2792 944 2860 in
960 2792 1115 2878 operibus
1125 2793 1349 2862 misericordie
1365 2814 1493 2881 semper

370 2901 517 2968 extitisse
532 2901 709 2968 innuentem
719 2951 728 2985 ,
754 2900 949 2969 elemosinas
975 2900 1018 2967 ab
1034 2900 1158 2968 eisdem
1177 2903 1248 2969 Deo
1269 2901 1412 2969 collatas
1430 2921 1492 2970 uon

370 3011 474 3077 solum
489 3009 609 3077 uostris
624 3009 825 3096 temporibus
841 3009 1028 3094 obseruare,
1045 3010 1103 3078 sed
1114 3017 1148 3078 et
1162 3011 1232 3079 uelo
1248 3011 1373 3098 proprii
1391 3010 1492 3078 ferno-

369 3117 415 3185 ris
430 3117 623 3184 intendimus
649 3119 818 3204 ampliare.
845 3119 924 3185 Cum
941 3117 1051 3203 itaque
1070 3118 1158 3185 elare
1184 3117 1337 3186 memorie
1353 3117 1440 3186 Bela
1454 3115 1492 3182 Il·

368 3223 480 3292 lustris
495 3227 575 3310 Rex,
591 3231 686 3311 pater
709 3232 906 3311 noster,'pro
922 3224 1065 3292 remedio
1089 3223 1197 3292 anime
1220 3245 1278 3292 sue
1293 3223 1490 3292 blonaeterio

369 3331 463 3398 Beati
478 3331 607 3400 Martini
623 3332 664 3399 de
677 3334 777 3400 Sauro
787 3333 896 3399 Monte
905 3331 1074 3400 Pauuonie
1084 3331 1128 3398 ad
1144 3330 1419 3398 sustentationem
1430 3330 1490 3396 lra-

369 3447 454 3507 trum
469 3440 591 3508 ibidem
606 3441 678 3508 Deo
693 3440 913 3525 semientinm,
930 3447 996 3508 tres
1011 3459 1115 3507 naues
1131 3437 1281 3506 salileras
1291 3439 1416 3506 liberas
1432 3437 1490 3506 sub

368 3547 430 3613 hoo
444 3547 604 3616 libertatis
620 3555 731 3616 tenore
745 3549 937 3634 oontulerit,
957 3549 1044 3634 quod
1059 3549 1212 3615 videlieet
1227 3546 1268 3614 ab
1285 3548 1359 3633 ipso
1376 3545 1488 3614 salifo-

369 3655 445 3720 diue
460 3654 532 3722 loeo
556 3675 657 3740 usque
683 3657 726 3724 ad
741 3658 807 3725 iam
823 3657 945 3724 dietum
960 3659 1102 3725 Mentem
1121 3655 1309 3740 Pannonia,
1333 3661 1404 3721 tam
1431 3673 1488 3742 per

367 3783 498 3848 aquam,
514 3783 612 3848 quam
626 3787 684 3852 per
698 3774 838 3852 terram,
864 3787 960 3834 nemo
976 3765 1018 3834 de
1033 3765 1158 3834 salibus
1175 3764 1252 3848 illis,
1277 3783 1360 3847 quos
1377 3762 1489 3830 eedem

368 3891 470 3940 nunes
486 3872 668 3959 detulerint,
685 3874 840 3942 tributum
856 3875 996 3959 exigere,
1014 3876 1067 3942 uel
1080 3875 1191 3958 aliqua
1207 3871 1275 3939 alia
1291 3872 1490 3958 dampnifioa

368 3980 543 4048 exaoeioue
559 4001 615 4050 eos
631 3981 751 4048 audeat
766 3981 932 4067 inpedire5
958 4001 1037 4065 uos,
1054 4000 1189 4066 quorum
1204 3979 1339 4045 interest
1358 3999 1424 4046 uon
1440 3997 1488 4044 so·

366 4090 433 4156 lum
449 4097 584 4176 paterne
600 4088 844 4174 bereditatotis,
870 4089 929 4156 sed
946 4088 1052 4154 eoiam
1075 4105 1149 4154 esse
1164 4085 1421 4153 Christianitatis
1437 4085 1487 4151 he-

366 4196 481 4282 redes,
507 4196 642 4265 eundern
668 4198 879 4266 elemosinam
903 4203 1034 4282 apatre
1049 4201 1160 4262 nostro
1185 4192 1358 4277 collatam,
1383 4191 1486 4258 eidem

366 4304 563 4371 blouasterio
589 4307 650 4372 sub
666 4305 811 4372 eiusdem
828 4303 988 4372 libertatis
1003 4311 1117 4371 tenore
1141 4308 1299 4387 perpetuo
1323 4300 1486 4367 eonfirma·

366 4431 448 4479 mus.
474 4414 516 4480 Et
531 4413 610 4496 quia
634 4414 756 4500 inipso
779 4413 851 4480 loeo
868 4411 1041 4479 salifodine
1060 4409 1240 4497 prediotum
1255 4405 1485 4474 blouasterium

366 4519 460 4586 Beati
474 4520 607 4586 Martini
623 4521 727 4588 miuus
742 4519 844 4587 libere
859 4519 944 4586 solet
958 4517 1124 4605 prodietos
1135 4516 1223 4584 sales
1239 4515 1401 4599 accipere,
1417 4519 1448 4580 et
1463 4531 1485 4576 a

366 4625 602 4694 salifodiuariis
617 4631 670 4697 uel
686 4627 762 4696 aliis
778 4647 876 4712 super
891 4625 973 4712 ipsis
989 4624 1115 4692 sabbas
1126 4621 1325 4691 multimodis
1340 4619 1483 4688 exaooio·
