3202 5190
867 961 945 1027 alo.

346 1143 393 1210 ΙΙ.
411 1143 519 1206 Endrc
545 1141 652 1227 kirctly
678 1165 697 1204 α
717 1165 759 1204 az.
784 1141 933 1225 potiardi
959 1139 1180 1204 mortectomok
1204 1140 1313 1203 Debre
1338 1139 1480 1206 tinctor

668 1250 885 1314 eisszcodctm'
899 1249 1030 1314 rendeli.
1053 1250 1150 1312 1213.

456 1447 492 1510 In
509 1447 639 1514 nomine
664 1445 783 1512 Sancte
799 1443 970 1512 Trinitatis
996 1451 1027 1509 et
1044 1443 1214 1510 Indiuidue
1229 1442 1386 1510 Unitatis.
1414 1447 1478 1508 Au·

348 1551 445 1618 dreas
462 1553 524 1618 Dei
535 1553 647 1638 gracia
663 1553 841 1638 Hungarie,
854 1552 1034 1634 Dalmaeie,
1053 1551 1198 1638 Crescie,
1218 1552 1329 1633 Reme,
1348 1548 1479 1630 Seruio,

350 1657 506 1742 Gallioie,
532 1659 787 1744 Lodomerieque
807 1662 878 1724 lies
901 1659 935 1724 iu
959 1667 1161 1744 perpetuum.
1185 1659 1317 1726 Piorum
1344 1674 1481 1741 semper

347 1766 408 1832 tuit
425 1765 614 1846 studiorum,
631 1765 775 1850 peritura
792 1765 1025 1849 permansuris,
1040 1765 1235 1850 temporalia
1253 1763 1480 1849 sempiternis,

348 1872 470 1938 laboris
495 1870 679 1954 dolorisque
703 1869 873 1936 tristiciam
890 1870 1061 1955 presentis,
1090 1877 1198 1935 eterne
1223 1870 1328 1956 patrie
1343 1869 1482 1954 gaudiis

350 1985 556 2044 commutare.
577 1979 689 2060 Longe
705 1979 834 2060 lateque
851 1984 951 2062 petet,
968 1985 1046 2060 quot
1062 1985 1094 2044 et
1110 1978 1240 2060 quantis
1254 1976 1481 2060 mercimoniis

352 2085 472 2154 Christi
488 2105 625 2171 nauem,
652 2086 685 2150 id
703 2094 752 2152 est
767 2086 967 2170 Ecclesiam,
995 2085 1187 2168 ditauerint,
1215 2093 1247 2149 et
1261 2105 1319 2170 per
1337 2083 1481 2170 pelagus

348 2197 417 2262 uite
432 2197 645 2282 pretereuntis
661 2196 884 2278 construendo,
902 2194 1122 2280 gubernando,
1148 2193 1354 2262 resarciendo
1372 2195 1481 2260 sancti

350 2310 459 2388 petros
475 2304 576 2368 nostri
586 2303 885 2388 multiplioauerint,
903 2313 934 2371 et
950 2303 994 2368 ed
1009 2303 1132 2387 gaudia
1144 2302 1248 2388 patrie
1266 2303 1399 2370 celestis
1416 2300 1480 2388 ipsi

351 2429 477 2494 quoque
494 2417 666 2492 sequentes
682 2411 894 2495 promiserint.
916 2409 996 2476 Cum
1012 2409 1110 2493 igitur
1125 2409 1176 2476 his
1187 2409 1291 2494 gloria
1307 2419 1339 2476 et
1355 2410 1481 2476 lrouore

351 2516 522 2602 temporali
538 2536 602 2582 non
619 2517 720 2582 simus
737 2516 900 2602 impares,
926 2537 1021 2604 pares
1038 2517 1142 2582 eeiarn
1159 2537 1231 2583 esse
1249 2517 1372 2602 pietate
1390 2518 1482 2584 uelut

352 2624 444 2689 heres
471 2625 637 2706 uolumus3
667 2632 702 2690 ut
727 2623 846 2690 Christi
873 2624 1055 2690 Ecclesiam
1081 2624 1319 2708 custodientes,
1348 2626 1481 2690 eteius

351 2729 472 2796 amissa
488 2732 704 2813 restituentes,
723 2733 807 2798 sieut
823 2733 965 2818 presenti
980 2731 1213 2797 communimus
1229 2752 1316 2814 eura,
1333 2731 1383 2796 sie
1398 2733 1481 2798 eius-

352 2837 426 2904 dem
443 2875 486 2886 -
503 2876 545 2884 —
562 2839 692 2905 Domini
708 2840 814 2922 gloria
829 2839 1070 2926 participemus.
1097 2840 1138 2904 Ilt
1154 2859 1349 2921 quamquam
1378 2839 1481 2904 simus

352 2943 500 3012 omuibus
517 2945 637 3012 Christi
654 2947 809 3014 Ecclesiis
832 2947 1013 3031 debitores,
1041 2946 1176 3032 speciali
1199 2955 1307 3012 tamen
1335 2954 1483 3013 tenemur

352 3055 661 3140 nouisplantacioue
673 3064 809 3141 paterna
824 3055 957 3121 relictis.
976 3055 1057 3122 Hinc
1069 3061 1129 3138 est,
1149 3053 1318 3138 quodcum
1328 3054 1481 3120 Ecclesia

353 3161 462 3228 Sancti
480 3161 649 3246 Gotherdi,
675 3183 738 3244 que
756 3163 851 3228 beate
868 3163 1021 3228 memorie
1037 3164 1115 3228 Bele
1130 3163 1232 3248 patris
1249 3162 1350 3227 nostri
1366 3161 1481 3228 tundn-

352 3269 397 3334 tio
424 3277 474 3334 est
498 3270 591 3336 nobis
611 3271 743 3354 relicta,
771 3272 918 3357 plurimis
943 3272 975 3336 iu
1002 3272 1151 3338 continuo
1178 3268 1482 3354 perturbacionibus

354 3375 516 3459 agitatur,
542 3385 576 3442 ut
593 3376 626 3444 iu
643 3377 758 3442 melius
774 3378 954 3460 meliusque
971 3377 1118 3462 proficiat
1134 3383 1244 3441 nostre
1266 3375 1402 3460 pietatis
1418 3385 1481 3442 stu-

352 3483 416 3565 dio,
435 3485 659 3550 confinnamus
675 3485 832 3550 haetenus
847 3483 971 3568 habita,
995 3483 1195 3550 restituimus
1214 3484 1348 3549 amissa.
1373 3483 1481 3565 Igitur

354 3597 473 3654 terram
492 3587 533 3653 de
549 3589 667 3670 Dobra,
695 3609 756 3672 que
772 3610 831 3676 per
855 3590 980 3672 aliquot
1005 3610 1107 3657 annos
1132 3589 1174 3654 ab
1198 3589 1313 3654 eadem
1329 3587 1482 3653 Ecclesia

354 3693 601 3779 perturbacione
628 3696 779 3762 continua
794 3697 856 3764 fuit
871 3697 1021 3782 dilapsa,
1045 3715 1103 3783 per
1121 3697 1213 3780 lloys
1230 3705 1307 3762 tuuc
1323 3695 1481 3780 temporis

355 3799 461 3866 Castri
486 3799 596 3864 Ferrei
623 3801 798 3888 Comitem,
826 3810 857 3869 et
882 3803 1041 3868 Thornam
1066 3803 1270 3888 Prepesitum
1293 3802 1480 3886 Albeusem,

354 3907 524 3991 Regnique
548 3911 649 3975 nostri
668 3911 914 3978 Cancellarium.
944 3912 1028 3977 Nam
1045 3913 1218 3994 l‘ancraee,
1237 3911 1346 3994 Peter,
1364 3908 1481 3975 Dionis

354 4023 387 4080 et
401 4015 582 4101 Beniamin,
607 4018 772 4100 ceterique
788 4019 1001 4104 ioubagioues
1017 4019 1155 4105 predicti
1173 4019 1281 4084 Castri
1297 4037 1407 4084 eoram
1423 4018 1480 4082 Co-

353 4123 431 4188 mito
448 4124 489 4189 M.
508 4131 540 4188 et
554 4124 591 4188 T.
610 4125 811 4192 Cancellario
828 4128 1011 4210 constituti,
1037 4133 1070 4193 et
1085 4127 1128 4193 ad
1143 4132 1287 4193 nostram
1302 4125 1479 4192 iussionem

355 4231 395 4296 de
419 4229 557 4294 ueritate
572 4233 738 4317 requisiti,
766 4233 945 4318 predictam
971 4241 1090 4300 terram
1107 4231 1254 4298 Ecclesie
1268 4230 1381 4298 Sancti
1406 4231 1480 4296 cot-

353 4336 448 4403 hardi
473 4337 575 4402 fuisse
601 4347 828 4424 asseruerunt3
855 4339 912 4405 sed
928 4360 986 4425 per
1003 4339 1162 4406 Comitem
1188 4335 1353 4422 quondam
1373 4335 1479 4403 Castri

354 4443 465 4510 Ferret
480 4441 647 4511 Andream
664 4447 886 4530 speculatores
901 4445 942 4512 de
955 4447 1037 4512 Zela
1052 4446 1118 4511 illic
1134 4445 1192 4526 ire,
1210 4451 1242 4509 et
1258 4443 1405 4528 ipsorum
1420 4449 1478 4506 ter·

235 4575 238 4581 ·
356 4569 426 4614 ram
452 4552 563 4635 populi
579 4551 725 4632 Eclesie,
752 4553 807 4634 qui
825 4553 870 4618 ibi
887 4553 1116 4635 morabantur,
1143 4551 1263 4618 intrare
1289 4547 1378 4633 pulsi
1395 4552 1477 4628 suut,

355 4657 419 4738 ita,
447 4663 482 4720 ut
498 4657 641 4725 vicissim
658 4662 740 4725 alter
757 4657 890 4726 ulterius
912 4659 1042 4726 dourum
1061 4659 1317 4743 ingrederentur.
1337 4658 1476 4738 Cumque
