3268 5194
593 321 752 440 ..e-

104 525 147 606 do
163 535 368 623 ministrare,
395 535 521 603 alienas
544 535 718 621 parochias
744 535 774 600 ei
790 533 1009 622 praecipimus
1034 520 1238 603 nullomodo

105 644 248 732 amplius
258 662 436 730 usurpare3
455 642 532 726 quia
544 641 572 707 si
582 640 704 725 fecerit,
721 640 792 706 sine
805 641 903 708 dubio
916 647 1057 708 anostro
1067 642 1236 714 Pontificio

104 754 404 820 excommunicatus
420 751 573 816 manebit.
590 749 730 816 Pallium
745 769 832 834 vero,
850 756 882 816 et
897 771 990 818 usum
1006 751 1098 838 pallii
1116 753 1237 824 Joanni

104 859 246 926 Sanctae
267 857 472 944 spalatensis
496 856 665 922 Ecclesiae
688 857 965 944 Arobiepiscopo,
992 859 1076 924 siout
1103 861 1238 944 antiqua

103 966 303 1032 consuetudo
319 963 391 1048 luit,
407 965 637 1032 concessimus.
655 963 715 1028 Oui
731 964 890 1048 volumus,
907 971 942 1030 ut
956 971 1026 1032 tota
1041 972 1148 1033 mente
1164 969 1236 1036 obe

103 1074 214 1156 dialis,
231 1093 369 1154 eumque
384 1078 420 1136 ut
435 1077 576 1136 vestrum
594 1078 721 1158 patrem
737 1071 872 1155 ametis,
899 1075 978 1154 quia
993 1078 1070 1138 tnnc
1086 1076 1149 1142 Dei
1164 1097 1236 1160 gra·

100 1182 149 1244 tia
164 1179 306 1244 subditis
321 1179 475 1262 illuxerit,
492 1199 563 1244 eum
581 1181 650 1245 suis
666 1179 863 1265 praepositis
879 1198 990 1246 veram
1016 1180 1235 1250 obedientiam

102 1287 260 1352 exhibere
276 1287 487 1352 delectantur.
514 1288 627 1354 Amen.

103 1467 149 1530 (U.
164 1485 189 1518 o.
202 1469 254 1520 111.
268 1469 324 1519 lrltt.
341 1469 401 1518 106.
415 1467 446 1528 l.;
465 1467 583 1534 Ugbelli,
596 1467 679 1517 Italis
692 1467 776 1517 Sacra
794 1467 834 1515 ed.
849 1466 947 1516 Coletti
960 1465 1093 1518 Velanczo
1110 1470 1185 1522 1717.
1200 1471 1230 1522 V.

571 1557 627 1607 ket.
646 1557 725 1610 1421.
739 1555 767 1620 1,)

545 1841 804 1850 -ι--μ

648 2303 682 2371 9.

98 2481 301 2547 Alaoeeaili
311 2481 549 2565 (Lemniensis)
560 2480 792 2568 franbus-sedpi
806 2492 960 2548 monaster
978 2481 1179 2570 ulopttetsclro
1196 2483 1229 2546 es

100 2589 302 2674 dotatirijdro
317 2589 489 2652 oonutlcoed
502 2589 646 2674 olemdny,
662 2587 798 2674 melpben
814 2611 835 2652 e
850 2589 1024 2674 mapyorok
1040 2589 1079 2652 X.
1094 2588 1226 2652 sedendi

230 2693 470 2780 budjdualairdl
485 2692 602 2758 coelites
618 2695 733 2763 tetetilc.
765 2695 958 2760 Venatkoads
972 2697 1097 2762 937·re.

206 2889 341 2956 Minime
356 2889 459 2956 latere
474 2887 635 2955 credimus
651 2907 765 2954 sensus
782 2896 813 2956 et
829 2890 928 2960 corda
944 2890 1097 2974 fidelium,
1121 2909 1228 2972 quem-

98 2997 276 3066 admodum
303 2996 425 3062 Sanota
449 2997 663 3064 Luxoviensis
687 2998 836 3064 Ecclesia
861 3000 956 3066 rebus
982 2999 1146 3082 quondam
1169 2997 1229 3064 luit

96 3105 294 3172 necessariis
310 3105 489 3188 edomata,
515 3105 575 3170 sed
590 3123 813 3172 successorum
829 3113 979 3172 cessante
990 3107 1134 3190 justicia,
1159 3125 1228 3190 pre-

95 3215 163 3279 fate
179 3213 328 3279 Ecclesia
343 3217 449 3278 slatus
465 3212 599 3278 multum
615 3212 758 3278 vacillat.
784 3216 944 3300 Tempore
960 3215 1059 3294 igitur
1075 3211 1228 3295 Sigiberti

95 3322 197 3404 Regis
213 3321 421 3404 Francorum,
440 3340 512 3387 cnm
524 3321 596 3404 jam
612 3327 787 3406 pertatem
803 3320 947 3386 Galliam
963 3319 1082 3384 Diuine
1101 3317 1227 3402 religio·

94 3429 146 3493 nis
161 3427 271 3494 feruor
285 3433 437 3512 torperet,
464 3426 648 3512 redemptor
664 3427 775 3494 mundi
789 3428 879 3492 Deus
895 3433 927 3491 et
943 3425 1102 3492 Dominus
1118 3429 1228 3490 noster

95 3537 195 3601 Jesus
212 3533 371 3616 Christus,
389 3533 446 3598 diu
463 3533 577 3600 dolens
593 3533 775 3602 Ecclesiam
791 3554 885 3600 suam
901 3535 942 3601 ob
958 3533 1130 3600 multorum
1145 3530 1227 3596 desi·

12 3663 15 3666 ·
95 3642 186 3708 diam
201 3661 285 3728 pene
295 3639 606 3725 jamobfusoatam,
634 3640 677 3706 ad
693 3641 899 3727 repellendas
921 3641 1053 3724 ignavie
1076 3638 1227 3706 tenebras

95 3749 137 3815 de
153 3749 300 3817 occiduis
319 3747 473 3814 Hibernia
496 3747 643 3834 partibus
660 3747 958 3834 splendidissimum
984 3747 1111 3813 radium
1127 3745 1226 3812 Galli-

94 3857 142 3921 cis
166 3855 288 3922 finibus
314 3855 434 3939 emergi
459 3855 622 3940 precepit,
648 3855 784 3921 Beatum
809 3854 961 3920 videlicet
992 3853 1227 3920 Columbanum

95 3963 266 4045 egregium
281 3960 562 4044 Scothigenarum,
580 3960 635 4042 qui
651 3961 695 4026 ad
714 3960 935 4046 supradictum
950 3961 1071 4043 Regem
1088 3959 1227 4041 Sigiber-

94 4075 162 4134 tum
179 4068 327 4150 veniens,
344 4067 518 4134 honorilice
529 4074 709 4154 susceptus,
727 4074 761 4132 ut
777 4068 863 4132 intra
870 4069 1025 4134 terminos
1042 4065 1225 4132 Galliarum

93 4175 271 4258 resideret,
298 4173 480 4240 abeodem
506 4174 717 4242 devotissime
742 4179 885 4260 rogatur.
911 4175 971 4240 llle
996 4175 1225 4257 obtemperans

93 4282 196 4366 Regis
211 4279 499 4366 persuasionibus,
526 4279 690 4346 heremum
706 4281 815 4366 peciit,
841 4279 927 4364 quod
947 4280 1117 4344 multorum
1134 4297 1225 4344 voca·

94 4389 169 4456 bulo
186 4389 341 4470 Vosegus
357 4392 569 4472 nuncupatur.
587 4387 646 4453 Est
660 4407 777 4474 nempe
793 4388 826 4451 in
842 4386 956 4452 eadem
976 4385 1079 4470 (eorr:
1098 4381 1226 4468 eodem)

91 4496 185 4563 locus
202 4493 379 4560 admodum
395 4494 608 4578 delectabilis,
626 4495 680 4578 qui
696 4493 906 4583 spiritualiter
920 4491 1100 4558 Luxovium
1116 4490 1226 4578 appel·

90 4606 189 4690 latur,
214 4603 329 4690 inquo
346 4603 396 4668 vir
410 4601 474 4669 Dei
489 4621 562 4668 cum
578 4604 647 4670 suis
662 4601 845 4687 angelicam
862 4600 962 4666 vitam
982 4599 1112 4685 ducens,
1136 4601 1226 4666 fama

1022 4718 1039 4774 2
1050 4718 1065 4752 U
