<?xml version="1.0" encoding="UTF-8"?>
<!DOCTYPE html PUBLIC "-//W3C//DTD XHTML 1.0 Transitional//EN"
    "http://www.w3.org/TR/xhtml1/DTD/xhtml1-transitional.dtd">
<html xmlns="http://www.w3.org/1999/xhtml" xml:lang="en" lang="en">
 <head>
  <title>
</title>
<meta http-equiv="Content-Type" content="text/html;charset=utf-8" />
  <meta name='ocr-system' content='tesseract 3.04.00' />
  <meta name='ocr-capabilities' content='ocr_page ocr_carea ocr_par ocr_line ocrx_word'/>
</head>
<body>
  <div class='ocr_page' id='page_1' title='image "./codexdiplomatic05wenzgoog_0419.png"; bbox 0 0 3202 5190; ppageno 0'>
   <div class='ocr_carea' id='block_1_1' title="bbox 641 925 718 996">
    <p class='ocr_par' dir='ltr' id='par_1_1' title="bbox 641 925 718 996">
     <span class='ocr_line' id='line_1_1' title="bbox 641 925 718 996; baseline -0.039 0"><span class='ocrx_word' id='word_1_1' title='bbox 641 925 718 996; x_wconf 78' lang='grc'><strong>229.</strong></span> 
     </span>
    </p>
   </div>
   <div class='ocr_carea' id='block_1_2' title="bbox 110 1101 1243 1303">
    <p class='ocr_par' dir='ltr' id='par_1_2' title="bbox 110 1101 1243 1303">
     <span class='ocr_line' id='line_1_2' title="bbox 110 1101 1243 1195; baseline -0.004 -25"><span class='ocrx_word' id='word_1_2' title='bbox 110 1105 207 1172; x_wconf 79' lang='lat' dir='ltr'>Biro&#39;i</span> <span class='ocrx_word' id='word_1_3' title='bbox 221 1105 307 1174; x_wconf 66' lang='lat' dir='ltr'>(tolet</span> <span class='ocrx_word' id='word_1_4' title='bbox 324 1107 517 1178; x_wconf 58' lang='lat' dir='ltr'>&amp;coenosae</span> <span class='ocrx_word' id='word_1_5' title='bbox 533 1130 572 1172; x_wconf 77' lang='lat' dir='ltr'>as</span> <span class='ocrx_word' id='word_1_6' title='bbox 588 1107 721 1195; x_wconf 69' lang='lat' dir='ltr'>appion·</span> <span class='ocrx_word' id='word_1_7' title='bbox 734 1106 814 1172; x_wconf 77' lang='lat' dir='ltr'>seed</span> <span class='ocrx_word' id='word_1_8' title='bbox 828 1107 1055 1195; x_wconf 69' lang='lat' dir='ltr'>eorosnpkooi</span> <span class='ocrx_word' id='word_1_9' title='bbox 1072 1101 1243 1174; x_wconf 60' lang='lat' dir='ltr'>amedeo,</span> 
     </span>
     <span class='ocr_line' id='line_1_3' title="bbox 460 1215 895 1303; baseline 0.009 -23"><span class='ocrx_word' id='word_1_10' title='bbox 460 1215 570 1302; x_wconf 67' lang='lat' dir='ltr'>ponae</span> <span class='ocrx_word' id='word_1_11' title='bbox 585 1215 773 1303; x_wconf 72' lang='lat' dir='ltr'>idrppdbae.</span> <span class='ocrx_word' id='word_1_12' title='bbox 798 1217 895 1284; x_wconf 83' lang='lat'><em>1215.</em></span> 
     </span>
    </p>
   </div>
   <div class='ocr_carea' id='block_1_3' title="bbox 111 1411 1243 2686">
    <p class='ocr_par' dir='ltr' id='par_1_3' title="bbox 111 1411 1243 2686">
     <span class='ocr_line' id='line_1_4' title="bbox 203 1411 1241 1500; baseline -0.002 -18"><span class='ocrx_word' id='word_1_13' title='bbox 203 1416 241 1482; x_wconf 89' lang='lat' dir='ltr'>ln</span> <span class='ocrx_word' id='word_1_14' title='bbox 254 1433 341 1480; x_wconf 81' lang='lat' dir='ltr'>anno</span> <span class='ocrx_word' id='word_1_15' title='bbox 352 1412 545 1481; x_wconf 86' lang='lat' dir='ltr'>Dominieee</span> <span class='ocrx_word' id='word_1_16' title='bbox 555 1413 794 1480; x_wconf 81' lang='lat' dir='ltr'>iucarnationis</span> <span class='ocrx_word' id='word_1_17' title='bbox 803 1412 960 1480; x_wconf 80' lang='lat' dir='ltr'><strong>Mccxv.</strong></span> <span class='ocrx_word' id='word_1_18' title='bbox 972 1433 1082 1482; x_wconf 87' lang='lat' dir='ltr'><strong>mense</strong></span> <span class='ocrx_word' id='word_1_19' title='bbox 1092 1411 1241 1500; x_wconf 80' lang='lat' dir='ltr'><strong>Augusti.</strong></span> 
     </span>
     <span class='ocr_line' id='line_1_5' title="bbox 111 1517 1243 1608; baseline 0.002 -20"><span class='ocrx_word' id='word_1_20' title='bbox 111 1523 231 1590; x_wconf 78' lang='lat' dir='ltr'>Evenit</span> <span class='ocrx_word' id='word_1_21' title='bbox 247 1529 340 1606; x_wconf 87' lang='lat' dir='ltr'><strong>tune,</strong></span> <span class='ocrx_word' id='word_1_22' title='bbox 371 1525 405 1586; x_wconf 87' lang='lat' dir='ltr'>ut</span> <span class='ocrx_word' id='word_1_23' title='bbox 421 1541 479 1607; x_wconf 88' lang='lat' dir='ltr'>pro</span> <span class='ocrx_word' id='word_1_24' title='bbox 496 1518 638 1606; x_wconf 82' lang='lat' dir='ltr'>quodam</span> <span class='ocrx_word' id='word_1_25' title='bbox 664 1517 774 1590; x_wconf 85' lang='lat' dir='ltr'>debito</span> <span class='ocrx_word' id='word_1_26' title='bbox 796 1519 935 1588; x_wconf 84' lang='lat' dir='ltr'>fuissent</span> <span class='ocrx_word' id='word_1_27' title='bbox 959 1519 1058 1589; x_wconf 80' lang='lat' dir='ltr'><strong>datae</strong></span> <span class='ocrx_word' id='word_1_28' title='bbox 1086 1524 1243 1608; x_wconf 76' lang='lat' dir='ltr'>optegiee</span> 
     </span>
     <span class='ocr_line' id='line_1_6' title="bbox 111 1625 1243 1717; baseline 0.001 -21"><span class='ocrx_word' id='word_1_29' title='bbox 111 1651 211 1717; x_wconf 85' lang='lat' dir='ltr'>super</span> <span class='ocrx_word' id='word_1_30' title='bbox 227 1629 453 1716; x_wconf 80' lang='lat' dir='ltr'>presbyterem</span> <span class='ocrx_word' id='word_1_31' title='bbox 464 1627 656 1694; x_wconf 83' lang='lat' dir='ltr'>Mioheeiem</span> <span class='ocrx_word' id='word_1_32' title='bbox 667 1625 783 1694; x_wconf 74' lang='lat' dir='ltr'>comiti</span> <span class='ocrx_word' id='word_1_33' title='bbox 794 1627 923 1714; x_wconf 86' lang='lat' dir='ltr'>Tupze;</span> <span class='ocrx_word' id='word_1_34' title='bbox 943 1634 976 1694; x_wconf 85' lang='lat' dir='ltr'>et</span> <span class='ocrx_word' id='word_1_35' title='bbox 990 1635 1163 1716; x_wconf 79' lang='lat' dir='ltr'><strong>postquam</strong></span> <span class='ocrx_word' id='word_1_36' title='bbox 1181 1629 1243 1697; x_wconf 91' lang='lat' dir='ltr'>hoe</span> 
     </span>
     <span class='ocr_line' id='line_1_7' title="bbox 113 1735 1242 1823; baseline 0 -19"><span class='ocrx_word' id='word_1_37' title='bbox 113 1739 236 1806; x_wconf 82' lang='lat' dir='ltr'><strong>foetum</strong></span> <span class='ocrx_word' id='word_1_38' title='bbox 263 1736 450 1804; x_wconf 75' lang='lat' dir='ltr'>nunciatum</span> <span class='ocrx_word' id='word_1_39' title='bbox 475 1735 591 1804; x_wconf 83' lang='lat' dir='ltr'>fuisset</span> <span class='ocrx_word' id='word_1_40' title='bbox 606 1735 848 1804; x_wconf 82' lang='lat' dir='ltr'>Archidioeono</span> <span class='ocrx_word' id='word_1_41' title='bbox 864 1735 989 1822; x_wconf 82' lang='lat' dir='ltr'>Sergio,</span> <span class='ocrx_word' id='word_1_42' title='bbox 1014 1735 1069 1822; x_wconf 88' lang='lat' dir='ltr'>qui</span> <span class='ocrx_word' id='word_1_43' title='bbox 1086 1744 1161 1810; x_wconf 81' lang='lat' dir='ltr'><strong>tune</strong></span> <span class='ocrx_word' id='word_1_44' title='bbox 1180 1740 1242 1823; x_wconf 82' lang='lat' dir='ltr'>pri-</span> 
     </span>
     <span class='ocr_line' id='line_1_8' title="bbox 113 1841 1242 1930; baseline 0.001 -20"><span class='ocrx_word' id='word_1_45' title='bbox 113 1850 238 1912; x_wconf 82' lang='lat' dir='ltr'><strong>matum</strong></span> <span class='ocrx_word' id='word_1_46' title='bbox 254 1843 424 1912; x_wconf 80' lang='lat' dir='ltr'><strong>Ecclesiae</strong></span> <span class='ocrx_word' id='word_1_47' title='bbox 441 1842 583 1925; x_wconf 81' lang='lat' dir='ltr'><strong>tenebat,</strong></span> <span class='ocrx_word' id='word_1_48' title='bbox 610 1843 698 1910; x_wconf 88' lang='lat' dir='ltr'>venit</span> <span class='ocrx_word' id='word_1_49' title='bbox 715 1843 747 1910; x_wconf 86' lang='lat' dir='ltr'>in</span> <span class='ocrx_word' id='word_1_50' title='bbox 765 1843 855 1910; x_wconf 86' lang='lat' dir='ltr'>ouria</span> <span class='ocrx_word' id='word_1_51' title='bbox 871 1862 980 1909; x_wconf 85' lang='lat' dir='ltr'><strong>eoram</strong></span> <span class='ocrx_word' id='word_1_52' title='bbox 993 1841 1170 1930; x_wconf 79' lang='lat' dir='ltr'>judicibus,</span> <span class='ocrx_word' id='word_1_53' title='bbox 1186 1844 1242 1928; x_wconf 87' lang='lat' dir='ltr'>qui</span> 
     </span>
     <span class='ocr_line' id='line_1_9' title="bbox 112 1948 1241 2039; baseline 0 -19"><span class='ocrx_word' id='word_1_54' title='bbox 112 1954 186 2039; x_wconf 93' lang='lat' dir='ltr'>ipso</span> <span class='ocrx_word' id='word_1_55' title='bbox 202 1957 349 2038; x_wconf 89' lang='lat' dir='ltr'>tempore</span> <span class='ocrx_word' id='word_1_56' title='bbox 366 1959 469 2034; x_wconf 82' lang='lat' dir='ltr'><strong>erent,</strong></span> <span class='ocrx_word' id='word_1_57' title='bbox 486 1948 639 2018; x_wconf 86' lang='lat' dir='ltr'><strong>videlieet</strong></span> <span class='ocrx_word' id='word_1_58' title='bbox 654 1952 767 2036; x_wconf 82' lang='lat' dir='ltr'><strong>Drego</strong></span> <span class='ocrx_word' id='word_1_59' title='bbox 783 1951 874 2018; x_wconf 89' lang='lat' dir='ltr'>Petis</span> <span class='ocrx_word' id='word_1_60' title='bbox 890 1951 1028 2036; x_wconf 80' lang='lat' dir='ltr'>Basilii,</span> <span class='ocrx_word' id='word_1_61' title='bbox 1054 1971 1127 2020; x_wconf 88' lang='lat' dir='ltr'>eum</span> <span class='ocrx_word' id='word_1_62' title='bbox 1143 1953 1241 2020; x_wconf 90' lang='lat' dir='ltr'><strong>Petro</strong></span> 
     </span>
     <span class='ocr_line' id='line_1_10' title="bbox 114 2058 1241 2146; baseline 0 -20"><span class='ocrx_word' id='word_1_63' title='bbox 114 2059 206 2128; x_wconf 82' lang='lat' dir='ltr'>Petis</span> <span class='ocrx_word' id='word_1_64' title='bbox 221 2060 427 2146; x_wconf 83' lang='lat' dir='ltr'>Tryphonis,</span> <span class='ocrx_word' id='word_1_65' title='bbox 452 2067 550 2145; x_wconf 84' lang='lat' dir='ltr'><strong>atque</strong></span> <span class='ocrx_word' id='word_1_66' title='bbox 567 2058 718 2128; x_wconf 85' lang='lat' dir='ltr'>Simeone</span> <span class='ocrx_word' id='word_1_67' title='bbox 734 2060 846 2142; x_wconf 88' lang='lat' dir='ltr'>Junii;</span> <span class='ocrx_word' id='word_1_68' title='bbox 871 2067 904 2127; x_wconf 85' lang='lat' dir='ltr'>et</span> <span class='ocrx_word' id='word_1_69' title='bbox 919 2079 1028 2129; x_wconf 83' lang='lat' dir='ltr'><strong>eorem</strong></span> <span class='ocrx_word' id='word_1_70' title='bbox 1045 2059 1178 2128; x_wconf 83' lang='lat' dir='ltr'>istorum</span> <span class='ocrx_word' id='word_1_71' title='bbox 1190 2062 1241 2146; x_wconf 87' lang='lat' dir='ltr'>je-</span> 
     </span>
     <span class='ocr_line' id='line_1_11' title="bbox 114 2165 1241 2254; baseline 0.002 -22"><span class='ocrx_word' id='word_1_72' title='bbox 114 2166 202 2234; x_wconf 87' lang='lat' dir='ltr'>dieio</span> <span class='ocrx_word' id='word_1_73' title='bbox 226 2167 435 2235; x_wconf 81' lang='lat' dir='ltr'>convicerunt</span> <span class='ocrx_word' id='word_1_74' title='bbox 460 2168 619 2234; x_wconf 83' lang='lat' dir='ltr'>Comitem</span> <span class='ocrx_word' id='word_1_75' title='bbox 634 2167 789 2254; x_wconf 80' lang='lat' dir='ltr'>Tupzam.</span> <span class='ocrx_word' id='word_1_76' title='bbox 817 2168 858 2236; x_wconf 78' lang='lat' dir='ltr'>st</span> <span class='ocrx_word' id='word_1_77' title='bbox 880 2166 1062 2253; x_wconf 79' lang='lat' dir='ltr'>judicatum</span> <span class='ocrx_word' id='word_1_78' title='bbox 1088 2165 1179 2253; x_wconf 80' lang='lat' dir='ltr'>(est),</span> <span class='ocrx_word' id='word_1_79' title='bbox 1206 2173 1241 2234; x_wconf 89' lang='lat' dir='ltr'>ut</span> 
     </span>
     <span class='ocr_line' id='line_1_12' title="bbox 113 2273 1240 2362; baseline -0.004 -20"><span class='ocrx_word' id='word_1_80' title='bbox 113 2278 232 2344; x_wconf 84' lang='lat' dir='ltr'>Comes</span> <span class='ocrx_word' id='word_1_81' title='bbox 247 2295 312 2342; x_wconf 90' lang='lat' dir='ltr'>non</span> <span class='ocrx_word' id='word_1_82' title='bbox 328 2275 464 2343; x_wconf 82' lang='lat' dir='ltr'><strong>auderet</strong></span> <span class='ocrx_word' id='word_1_83' title='bbox 479 2275 625 2362; x_wconf 82' lang='lat' dir='ltr'>resipere</span> <span class='ocrx_word' id='word_1_84' title='bbox 649 2275 803 2361; x_wconf 79' lang='lat' dir='ltr'>optegies</span> <span class='ocrx_word' id='word_1_85' title='bbox 823 2296 920 2361; x_wconf 88' lang='lat' dir='ltr'>super</span> <span class='ocrx_word' id='word_1_86' title='bbox 936 2275 1059 2342; x_wconf 87' lang='lat' dir='ltr'>nullum</span> <span class='ocrx_word' id='word_1_87' title='bbox 1075 2273 1240 2358; x_wconf 83' lang='lat' dir='ltr'><strong>elerieem,</strong></span> 
     </span>
     <span class='ocr_line' id='line_1_13' title="bbox 114 2381 1242 2470; baseline -0.001 -21"><span class='ocrx_word' id='word_1_88' title='bbox 114 2383 181 2450; x_wconf 88' lang='lat' dir='ltr'>nisi</span> <span class='ocrx_word' id='word_1_89' title='bbox 198 2383 368 2470; x_wconf 73' lang='lat' dir='ltr'>episopus,</span> <span class='ocrx_word' id='word_1_90' title='bbox 386 2384 439 2450; x_wconf 90' lang='lat' dir='ltr'>vel</span> <span class='ocrx_word' id='word_1_91' title='bbox 455 2384 483 2450; x_wconf 87' lang='lat' dir='ltr'>si</span> <span class='ocrx_word' id='word_1_92' title='bbox 500 2384 547 2451; x_wconf 92' lang='lat' dir='ltr'>ibi</span> <span class='ocrx_word' id='word_1_93' title='bbox 557 2383 737 2470; x_wconf 79' lang='lat' dir='ltr'>Episcopus</span> <span class='ocrx_word' id='word_1_94' title='bbox 755 2383 789 2449; x_wconf 89' lang='lat' dir='ltr'>in</span> <span class='ocrx_word' id='word_1_95' title='bbox 804 2383 937 2451; x_wconf 82' lang='lat' dir='ltr'>eivitate</span> <span class='ocrx_word' id='word_1_96' title='bbox 952 2403 1016 2450; x_wconf 89' lang='lat' dir='ltr'>non</span> <span class='ocrx_word' id='word_1_97' title='bbox 1034 2381 1141 2468; x_wconf 86' lang='lat' dir='ltr'>feerit,</span> <span class='ocrx_word' id='word_1_98' title='bbox 1157 2383 1242 2448; x_wconf 82' lang='lat' dir='ltr'><strong>hene</strong></span> 
     </span>
     <span class='ocr_line' id='line_1_14' title="bbox 114 2489 1241 2579; baseline -0.004 -20"><span class='ocrx_word' id='word_1_99' title='bbox 114 2498 310 2579; x_wconf 82' lang='lat' dir='ltr'>potestatem</span> <span class='ocrx_word' id='word_1_100' title='bbox 336 2490 595 2559; x_wconf 80' lang='lat' dir='ltr'>Arehidieoonus</span> <span class='ocrx_word' id='word_1_101' title='bbox 619 2489 758 2578; x_wconf 83' lang='lat' dir='ltr'><strong>hebeat,</strong></span> <span class='ocrx_word' id='word_1_102' title='bbox 792 2492 927 2559; x_wconf 86' lang='lat' dir='ltr'>tollendi</span> <span class='ocrx_word' id='word_1_103' title='bbox 961 2490 1113 2578; x_wconf 77' lang='lat' dir='ltr'>apisgies</span> <span class='ocrx_word' id='word_1_104' title='bbox 1144 2510 1241 2578; x_wconf 86' lang='lat' dir='ltr'>snper</span> 
     </span>
     <span class='ocr_line' id='line_1_15' title="bbox 114 2599 1240 2686; baseline -0.004 -18"><span class='ocrx_word' id='word_1_105' title='bbox 114 2601 294 2684; x_wconf 85' lang='lat' dir='ltr'><strong>quemlibet</strong></span> <span class='ocrx_word' id='word_1_106' title='bbox 310 2600 473 2668; x_wconf 84' lang='lat' dir='ltr'><strong>elerieum.</strong></span> <span class='ocrx_word' id='word_1_107' title='bbox 499 2599 636 2686; x_wconf 85' lang='lat' dir='ltr'>Seripsit</span> <span class='ocrx_word' id='word_1_108' title='bbox 662 2601 722 2666; x_wconf 89' lang='lat' dir='ltr'>hoe</span> <span class='ocrx_word' id='word_1_109' title='bbox 738 2599 856 2669; x_wconf 86' lang='lat' dir='ltr'>Junius</span> <span class='ocrx_word' id='word_1_110' title='bbox 872 2600 1058 2670; x_wconf 80' lang='lat' dir='ltr'>Communis</span> <span class='ocrx_word' id='word_1_111' title='bbox 1078 2599 1240 2668; x_wconf 78' lang='lat' dir='ltr'>Notarius.</span> 
     </span>
    </p>
   </div>
   <div class='ocr_carea' id='block_1_4' title="bbox 350 2794 1004 2866">
    <p class='ocr_par' dir='ltr' id='par_1_4' title="bbox 350 2794 1004 2866">
     <span class='ocr_line' id='line_1_16' title="bbox 350 2794 1004 2866; baseline -0.002 -16"><span class='ocrx_word' id='word_1_112' title='bbox 350 2799 475 2864; x_wconf 65' lang='lat' dir='ltr'>(sarlati,</span> <span class='ocrx_word' id='word_1_113' title='bbox 489 2799 628 2865; x_wconf 81' lang='lat' dir='ltr'><strong>Illyrieum</strong></span> <span class='ocrx_word' id='word_1_114' title='bbox 641 2799 753 2851; x_wconf 80' lang='lat' dir='ltr'><strong>Sacrum</strong></span> <span class='ocrx_word' id='word_1_115' title='bbox 766 2799 812 2852; x_wconf 85' lang='lat' dir='ltr'>Vi.</span> <span class='ocrx_word' id='word_1_116' title='bbox 827 2801 883 2851; x_wconf 68' lang='lat' dir='ltr'>kei.</span> <span class='ocrx_word' id='word_1_117' title='bbox 898 2799 958 2851; x_wconf 69' lang='lat'>436.</span> <span class='ocrx_word' id='word_1_118' title='bbox 974 2794 1004 2866; x_wconf 92' lang='grc' dir='ltr'>Ι.)</span> 
     </span>
    </p>
   </div>
   <div class='ocr_carea' id='block_1_5' title="bbox 640 3551 717 3616">
    <p class='ocr_par' dir='ltr' id='par_1_5' title="bbox 640 3551 717 3616">
     <span class='ocr_line' id='line_1_17' title="bbox 640 3551 717 3616; baseline -0.026 0"><span class='ocrx_word' id='word_1_119' title='bbox 640 3551 717 3616; x_wconf 81' lang='grc'><strong>230.</strong></span> 
     </span>
    </p>
   </div>
   <div class='ocr_carea' id='block_1_6' title="bbox 119 3729 1244 3927">
    <p class='ocr_par' dir='ltr' id='par_1_6' title="bbox 119 3729 1244 3927">
     <span class='ocr_line' id='line_1_18' title="bbox 119 3729 1244 3818; baseline 0 -22"><span class='ocrx_word' id='word_1_120' title='bbox 119 3732 182 3798; x_wconf 83' lang='grc' dir='ltr'>ΙΙΙ.</span> <span class='ocrx_word' id='word_1_121' title='bbox 201 3730 291 3795; x_wconf 73' lang='lat' dir='ltr'><strong>Ieeze</strong></span> <span class='ocrx_word' id='word_1_122' title='bbox 303 3730 460 3816; x_wconf 78' lang='lat' dir='ltr'>pdpcinaie</span> <span class='ocrx_word' id='word_1_123' title='bbox 475 3729 667 3796; x_wconf 68' lang='lat' dir='ltr'>intezieedese</span> <span class='ocrx_word' id='word_1_124' title='bbox 683 3752 703 3793; x_wconf 86' lang='lat' dir='ltr'><em>a</em></span> <span class='ocrx_word' id='word_1_125' title='bbox 716 3730 949 3816; x_wconf 75' lang='lat' dir='ltr'>paonooialmi</span> <span class='ocrx_word' id='word_1_126' title='bbox 967 3734 1101 3818; x_wconf 74' lang='lat' dir='ltr'>apdlsdp</span> <span class='ocrx_word' id='word_1_127' title='bbox 1119 3731 1244 3798; x_wconf 74' lang='lat' dir='ltr'>tizedei·</span> 
     </span>
     <span class='ocr_line' id='line_1_19' title="bbox 494 3839 869 3927; baseline 0.005 -23"><span class='ocrx_word' id='word_1_128' title='bbox 494 3841 553 3906; x_wconf 71' lang='lat' dir='ltr'>oseis</span> <span class='ocrx_word' id='word_1_129' title='bbox 570 3839 754 3927; x_wconf 72' lang='lat' dir='ltr'>idryydhan.</span> <span class='ocrx_word' id='word_1_130' title='bbox 770 3841 869 3906; x_wconf 81' lang='grc'><strong>1216.</strong></span> 
     </span>
    </p>
   </div>
   <div class='ocr_carea' id='block_1_7' title="bbox 118 4035 1246 4766">
    <p class='ocr_par' dir='ltr' id='par_1_7' title="bbox 118 4035 1246 4766">
     <span class='ocr_line' id='line_1_20' title="bbox 226 4035 1245 4124; baseline -0.002 -22"><span class='ocrx_word' id='word_1_131' title='bbox 226 4036 435 4106; x_wconf 82' lang='lat' dir='ltr'>Innoeentius</span> <span class='ocrx_word' id='word_1_132' title='bbox 451 4037 635 4124; x_wconf 78' lang='lat' dir='ltr'>Episcopus</span> <span class='ocrx_word' id='word_1_133' title='bbox 660 4056 773 4105; x_wconf 85' lang='lat' dir='ltr'>seruus</span> <span class='ocrx_word' id='word_1_134' title='bbox 800 4056 965 4105; x_wconf 83' lang='lat' dir='ltr'>seruorum</span> <span class='ocrx_word' id='word_1_135' title='bbox 986 4037 1048 4104; x_wconf 88' lang='lat' dir='ltr'>Dei</span> <span class='ocrx_word' id='word_1_136' title='bbox 1064 4035 1245 4104; x_wconf 82' lang='lat' dir='ltr'>venerabili</span> 
     </span>
     <span class='ocr_line' id='line_1_21' title="bbox 118 4140 1246 4230; baseline 0.003 -23"><span class='ocrx_word' id='word_1_137' title='bbox 118 4141 212 4210; x_wconf 70' lang='lat' dir='ltr'>frain·</span> <span class='ocrx_word' id='word_1_138' title='bbox 229 4189 277 4208; x_wconf 89' lang='lat'>...</span> <span class='ocrx_word' id='word_1_139' title='bbox 294 4143 458 4230; x_wconf 79' lang='lat' dir='ltr'>Episeopo</span> <span class='ocrx_word' id='word_1_140' title='bbox 477 4143 664 4228; x_wconf 80' lang='lat' dir='ltr'>Jauriensi,</span> <span class='ocrx_word' id='word_1_141' title='bbox 686 4151 719 4211; x_wconf 79' lang='lat' dir='ltr'>ei</span> <span class='ocrx_word' id='word_1_142' title='bbox 734 4143 863 4212; x_wconf 73' lang='lat' dir='ltr'>dileetio</span> <span class='ocrx_word' id='word_1_143' title='bbox 879 4143 955 4211; x_wconf 90' lang='lat' dir='ltr'>filiis</span> <span class='ocrx_word' id='word_1_144' title='bbox 1037 4140 1246 4210; x_wconf 78' lang='lat' dir='ltr'>Arohidieeo·</span> 
     </span>
     <span class='ocr_line' id='line_1_22' title="bbox 120 4247 1246 4338; baseline 0.001 -23"><span class='ocrx_word' id='word_1_145' title='bbox 120 4270 162 4316; x_wconf 86' lang='lat' dir='ltr'>no</span> <span class='ocrx_word' id='word_1_146' title='bbox 175 4301 182 4316; x_wconf 94' lang='lat'><strong><em>.</em></strong></span> <span class='ocrx_word' id='word_1_147' title='bbox 195 4250 402 4336; x_wconf 73' lang='lat' dir='ltr'>..Nitriensi</span> <span class='ocrx_word' id='word_1_148' title='bbox 414 4258 446 4318; x_wconf 80' lang='lat' dir='ltr'>et-</span> <span class='ocrx_word' id='word_1_149' title='bbox 509 4247 1246 4338; x_wconf 82' lang='lat' dir='ltr'>PrepesitoAlbensiVesprimiensisDiooesis</span> 
     </span>
     <span class='ocr_line' id='line_1_23' title="bbox 118 4356 1244 4446; baseline 0 -23"><span class='ocrx_word' id='word_1_150' title='bbox 118 4357 256 4426; x_wconf 85' lang='lat' dir='ltr'>seietom</span> <span class='ocrx_word' id='word_1_151' title='bbox 272 4366 305 4426; x_wconf 88' lang='lat' dir='ltr'>et</span> <span class='ocrx_word' id='word_1_152' title='bbox 319 4359 543 4446; x_wconf 82' lang='lat' dir='ltr'>Apestoiieom</span> <span class='ocrx_word' id='word_1_153' title='bbox 569 4359 840 4428; x_wconf 84' lang='lat' dir='ltr'>benedietionem.</span> <span class='ocrx_word' id='word_1_154' title='bbox 864 4358 1003 4428; x_wconf 82' lang='lat' dir='ltr'>Dileetis</span> <span class='ocrx_word' id='word_1_155' title='bbox 1022 4357 1100 4426; x_wconf 86' lang='lat' dir='ltr'>filiis</span> <span class='ocrx_word' id='word_1_156' title='bbox 1180 4356 1244 4424; x_wconf 86' lang='lat' dir='ltr'>Ab·</span> 
     </span>
     <span class='ocr_line' id='line_1_24' title="bbox 120 4462 1245 4538; baseline -0.001 -7"><span class='ocrx_word' id='word_1_157' title='bbox 120 4464 186 4538; x_wconf 74' lang='lat' dir='ltr'>soti</span> <span class='ocrx_word' id='word_1_158' title='bbox 203 4465 316 4532; x_wconf 78' lang='lat' dir='ltr'>Sancti</span> <span class='ocrx_word' id='word_1_159' title='bbox 329 4465 463 4538; x_wconf 75' lang='lat' dir='ltr'>Martini</span> <span class='ocrx_word' id='word_1_160' title='bbox 479 4465 520 4534; x_wconf 80' lang='lat' dir='ltr'>de</span> <span class='ocrx_word' id='word_1_161' title='bbox 536 4466 706 4535; x_wconf 74' lang='lat' dir='ltr'>Pannonio</span> <span class='ocrx_word' id='word_1_162' title='bbox 722 4473 754 4533; x_wconf 84' lang='lat' dir='ltr'>et</span> <span class='ocrx_word' id='word_1_163' title='bbox 771 4465 810 4532; x_wconf 90' lang='lat' dir='ltr'>B.</span> <span class='ocrx_word' id='word_1_164' title='bbox 827 4465 1032 4534; x_wconf 75' lang='lat' dir='ltr'>Proenretori</span> <span class='ocrx_word' id='word_1_165' title='bbox 1048 4462 1245 4532; x_wconf 75' lang='lat' dir='ltr'>ierosolimi-</span> 
     </span>
     <span class='ocr_line' id='line_1_25' title="bbox 118 4573 1245 4661; baseline -0.001 -21"><span class='ocrx_word' id='word_1_166' title='bbox 118 4577 196 4642; x_wconf 73' lang='lat' dir='ltr'>teno</span> <span class='ocrx_word' id='word_1_167' title='bbox 210 4573 507 4660; x_wconf 80' lang='lat' dir='ltr'>Hospiteleriorem</span> <span class='ocrx_word' id='word_1_168' title='bbox 532 4575 566 4642; x_wconf 87' lang='lat' dir='ltr'>in</span> <span class='ocrx_word' id='word_1_169' title='bbox 583 4575 751 4661; x_wconf 77' lang='lat' dir='ltr'>Hegesia,</span> <span class='ocrx_word' id='word_1_170' title='bbox 776 4576 811 4642; x_wconf 87' lang='lat' dir='ltr'>in</span> <span class='ocrx_word' id='word_1_171' title='bbox 829 4574 931 4646; x_wconf 82' lang='lat' dir='ltr'>nostri</span> <span class='ocrx_word' id='word_1_172' title='bbox 947 4573 1115 4660; x_wconf 74' lang='lat' dir='ltr'>presentia</span> <span class='ocrx_word' id='word_1_173' title='bbox 1129 4574 1245 4641; x_wconf 85' lang='lat' dir='ltr'>eonsti-</span> 
     </span>
     <span class='ocr_line' id='line_1_26' title="bbox 120 4678 1244 4766; baseline -0.008 -15"><span class='ocrx_word' id='word_1_174' title='bbox 120 4680 197 4752; x_wconf 78' lang='lat' dir='ltr'>tutis</span> <span class='ocrx_word' id='word_1_175' title='bbox 221 4678 375 4752; x_wconf 84' lang='lat' dir='ltr'>dileetum</span> <span class='ocrx_word' id='word_1_176' title='bbox 395 4683 496 4754; x_wconf 85' lang='lat' dir='ltr'>filium</span> <span class='ocrx_word' id='word_1_177' title='bbox 522 4691 667 4756; x_wconf 81' lang='lat' dir='ltr'>nostrum</span> <span class='ocrx_word' id='word_1_178' title='bbox 684 4684 721 4758; x_wconf 77' lang='lat' dir='ltr'>L.</span> <span class='ocrx_word' id='word_1_179' title='bbox 738 4682 823 4758; x_wconf 80' lang='lat' dir='ltr'>tituli</span> <span class='ocrx_word' id='word_1_180' title='bbox 838 4685 957 4756; x_wconf 76' lang='lat' dir='ltr'><strong>Saoce</strong></span> <span class='ocrx_word' id='word_1_181' title='bbox 974 4681 1086 4754; x_wconf 80' lang='lat' dir='ltr'>Orueis</span> <span class='ocrx_word' id='word_1_182' title='bbox 1108 4681 1244 4766; x_wconf 82' lang='lat' dir='ltr'>Presby-¹</span> 
     </span>
    </p>
   </div>
   <div class='ocr_carea' id='block_1_8' title="bbox 0 0 1614 5190">
    <p class='ocr_par' dir='ltr' id='par_1_8' title="bbox 0 0 1614 5190">
     <span class='ocr_line' id='line_1_27' title="bbox 0 0 1614 5190; baseline 0 0"><span class='ocrx_word' id='word_1_183' title='bbox 0 0 1614 5190; x_wconf 95' lang='lat' dir='ltr'> </span> 
     </span>
    </p>
   </div>
  </div>
 </body>
</html>
