3200 5182
335 537 456 604 debent
470 535 578 602 iacere
595 551 797 602 communem
814 537 989 618 araturam,
1008 552 1070 616 quc
1085 533 1203 599 dicitur
1222 557 1306 618 anca,
1333 535 1375 601 de
1390 557 1464 604 vno-

337 663 467 732 qnoquc
482 661 594 709 mense
610 641 722 706 dcccm
735 642 865 724 jugera,
890 647 922 705 ct
936 660 978 706 ca
995 641 1157 707 seminare
1172 661 1213 706 cx
1238 661 1341 725 grano
1357 643 1465 709 Eccle-

338 754 395 820 sie.
414 751 496 816 Item
512 749 556 832 hi,
585 750 640 832 qui
657 752 795 834 pascunt
822 767 975 830 mensem,
1002 749 1121 815 debent
1146 747 1225 815 darc
1240 770 1369 816 currum
1394 771 1465 816 cum

337 861 486 946 jumento
503 857 545 923 ad
562 854 740 942 portandos
758 875 860 940 panes
878 855 1028 938 lllsbatis,
1054 875 1246 942 quocunque
1262 857 1367 924 inerit.
1392 860 1467 924 Prc-

341 975 433 1034 tcrea
458 985 570 1034 omnes
586 963 753 1031 uduornici
771 965 983 1028 communiter
1004 964 1124 1030 debent
1149 963 1229 1030 dare
1257 985 1369 1033 currus
1396 987 1468 1032 cnm

343 1075 541 1142 animalibus
567 1073 609 1137 ad
626 1071 765 1138 lamnam
791 1071 985 1156 portandam
1002 1071 1122 1137 Abbati
1145 1081 1177 1138 et
1200 1074 1369 1139 monachis
1395 1093 1469 1157 qno

344 1199 612 1267 cunquenecesse
629 1179 725 1245 luerit
737 1178 782 1244 irc
798 1201 857 1264 pro
870 1179 1017 1264 negocijs
1033 1179 1189 1264 Ecclesia,
1214 1179 1283 1244 siue
1294 1180 1471 1247 adcuriam
1568 1223 1569 1258 ,

343 1291 454 1374 Regis,
476 1289 546 1354 siue
572 1287 666 1352 alias.
694 1287 848 1352 Similiter
874 1308 985 1354 omnes
1012 1289 1110 1353 ceteri
1136 1289 1247 1374 populi
1270 1289 1469 1370 seruiciales,

346 1397 470 1464 scilicet
486 1394 659 1481 pelliparii,
678 1401 814 1478 sutores,
831 1395 926 1476 labri,
937 1403 939 1408 '
951 1395 1113 1480 ceterique
1130 1415 1241 1462 omncs
1258 1397 1327 1479 alij,
1345 1396 1400 1479 qui
1417 1416 1471 1461 no-

346 1503 511 1570 minantur
527 1503 558 1568 in
584 1503 758 1589 priuilegio
774 1503 885 1568 Sancti
901 1501 1059 1586 Ladislai,
1081 1502 1123 1568 ad
1140 1503 1249 1569 omnia
1264 1523 1387 1585 genera
1404 1502 1469 1572 olfi-

347 1611 470 1679 ciorum
486 1611 606 1676 debent
622 1610 700 1676 dare
726 1599 838 1676 currus
855 1632 926 1676 cum
944 1611 1139 1678 animalibus
1162 1611 1205 1677 ad
1219 1605 1414 1697 portandum
1429 1609 1471 1674 vi-

347 1739 425 1784 num
442 1717 573 1802 Abbati,
601 1723 632 1782 et
649 1717 825 1801 monachia,
842 1736 1032 1803 quocunque
1055 1736 1188 1783 necesse
1202 1717 1299 1783 fucrit
1322 1719 1381 1783 ire.
1397 1718 1471 1782 Prc-

348 1837 439 1893 tcrea
455 1825 624 1892 uduornici
641 1825 759 1891 debent
784 1825 1012 1891 administrare
1036 1825 1128 1909 ligna
1151 1833 1183 1891 et
1204 1845 1323 1909 aquam
1339 1825 1383 1891 ad
1411 1825 1472 1890 fur-

351 1953 426 1999 num
443 1933 534 1998 etad
550 1933 731 2018 coquinam,
751 1939 858 2016 preter
875 1933 1004 2016 balnea,
1025 1937 1057 1997 ct
1073 1930 1168 1998 datur
1184 1933 1231 2000 eia
1251 1931 1419 2019 prebenda
1434 1951 1473 1996 cr

350 2049 446 2126 parte
462 2041 609 2106 Ecclesia
625 2059 684 2125 per
694 2061 848 2124 mensem,
865 2041 898 2106 in
909 2062 971 2124 quo
984 2043 1139 2107 seruiunt.
1166 2044 1246 2108 Item
1257 2041 1290 2108 bi
1300 2047 1474 2126 pascentes

350 2169 496 2215 mensem
522 2156 671 2216 tenentur
696 2149 775 2215 dare
798 2149 838 2214 de
854 2148 993 2234 singulis
1019 2150 1212 2235 septimanis
1238 2147 1305 2216 tres
1332 2155 1474 2216 carratas

351 2258 525 2342 lignorum,
551 2277 592 2323 ne
608 2255 691 2322 lortc
707 2257 816 2338 aliquo
840 2275 918 2322 casu
944 2257 1096 2323 deficiant
1112 2259 1203 2343 ligna
1219 2258 1262 2323 ad
1280 2257 1408 2324 furnum
1422 2257 1474 2322 vel

354 2363 398 2430 ad
414 2363 596 2446 coquinam.
617 2361 698 2426 ltcrn
714 2361 882 2428 uduornici
894 2369 1043 2430 tenentur
1059 2383 1218 2430 renouare
1239 2365 1365 2430 curiam
1382 2363 1474 2444 lurni,

353 2491 426 2540 cunr
442 2468 627 2550 veterascit,
654 2477 685 2533 ct
701 2477 829 2554 portam
854 2471 998 2537 eiusdem
1022 2473 1108 2538 curie
1125 2473 1297 2539 custodire.
1323 2471 1476 2540 Similiter

355 2587 503 2650 tenentur
529 2595 689 2644 renouare
705 2583 808 2644 ortum
824 2581 1092 2647 Pannonicnscrn.
1119 2581 1171 2646 Ad
1186 2601 1313 2648 omnem
1338 2600 1415 2647 vcro
1431 2577 1476 2642 la-

355 2688 462 2756 ninam
478 2684 662 2752 faciendam
673 2687 823 2753 Ecclesia
838 2693 963 2758 tenetur
980 2690 1058 2755 darc
1078 2690 1265 2758 vduornicis
1283 2688 1477 2757 molendina.

356 2797 439 2864 Item
455 2792 624 2862 vduornici
649 2799 800 2862 tenentur
824 2796 866 2862 ad
883 2796 1000 2864 festum
1022 2799 1133 2864 Sancti
1158 2799 1291 2866 Martini
1316 2797 1358 2865 dc
1384 2804 1479 2884 pastu

358 2905 513 2988 cuiusque
540 2903 660 2970 mensis
689 2905 768 2970 dare
785 2905 810 2971 O
827 2926 899 2992 oua,
917 2908 981 2973 IIII
998 2909 1153 2993 gallinas,
1171 2917 1203 2975 et
1218 2909 1251 2973 Il
1271 2926 1423 2990 anseres;
1448 2910 1480 2968 ct

361 3013 404 3080 acl
429 3011 661 3098 carnipri'uium
688 3010 855 3096 similiter,
880 3013 913 3078 in
930 3016 1053 3100 pascha
1078 3036 1155 3082 vero
1173 3015 1198 3081 C
1214 3035 1278 3080 oua
1301 3021 1335 3079 et
1361 3033 1481 3097 agnum

359 3142 467 3188 vnum.
494 3123 575 3186 Item
602 3127 752 3186 tenentur
778 3121 911 3188 infesto
936 3125 1046 3190 Sancti
1069 3123 1210 3206 Martini,
1235 3131 1267 3190 ct
1283 3123 1315 3188 in
1340 3123 1482 3188 aduentu

359 3229 471 3314 Regis,
488 3229 529 3294 de
546 3247 738 3312 vnoquoque
753 3247 862 3296 mense
874 3231 923 3297 Ill
943 3239 1089 3299 carratas
1101 3233 1273 3317 lignorum,
1291 3249 1354 3314 qne
1367 3249 1483 3294 vocan-

360 3345 412 3403 tur
428 3338 528 3424 calfo.
547 3337 627 3401 Item
643 3341 792 3403 tenentur
809 3337 887 3404 (lare
903 3340 1045 3424 plebano
1056 3361 1113 3407 suo
1131 3341 1171 3406 de
1190 3339 1328 3423 singulis
1345 3337 1484 3404 mansio·

360 3445 458 3510 nibus
474 3446 506 3509 ΙΙ
528 3444 652 3510 hidriae
677 3463 814 3511 annone.
843 3447 997 3512 Prctcrea
1022 3447 1167 3531 quelibet
1191 3447 1273 3512 villa
1298 3443 1341 3510 ad
1367 3443 1484 3510 festum

363 3553 473 3621 Sancti
490 3551 621 3618 Martini
636 3558 763 3619 tenetur
789 3553 868 3619 dare
885 3556 1001 3621 bouem
1018 3555 1202 3638 triberbem,
1229 3560 1261 3619 et
1278 3553 1318 3618 dc
1342 3551 1487 3635 quolibet

364 3661 434 3725 loco
451 3679 548 3724 unam
564 3659 681 3726 idriam
699 3680 837 3745 annone,
863 3669 894 3727 ct
911 3683 1008 3729 vnam
1025 3663 1136 3747 brasij.
1160 3664 1241 3728 ltem
1257 3659 1428 3727 uduornici
1443 3666 1487 3724 tc-

363 3773 479 3834 ncntur
494 3767 575 3833 darc
591 3767 633 3834 ad
649 3767 767 3834 festum
790 3771 901 3836 Sancti
918 3771 1048 3836 Martini
1064 3771 1159 3836 XXX
1184 3790 1304 3854 panem
1332 3774 1366 3835 et
1381 3774 1488 3834 tenen-

364 3882 416 3942 tur
441 3875 521 3942 darc
538 3877 578 3942 de
593 3897 786 3962 unoquoque
813 3897 924 3946 mense
950 3879 1118 3945 annuatim
1134 3879 1222 3944 lilmn
1247 3877 1290 3943 ad
1305 3897 1405 3942 vnum
1421 3883 1488 3944 rete

363 3986 509 4070 hunonis,
536 3993 567 4052 et
583 3995 713 4074 portare
739 3989 783 4053 ad
800 3989 1048 4073 monasterium
1076 3994 1107 4054 ct
1123 3989 1240 4054 debent
1266 3986 1344 4053 dare
1368 4007 1487 4073 panem

364 4096 494 4162 interim
519 4094 597 4179 illis,
625 4095 680 4177 qui
696 4103 814 4180 parant
829 4097 928 4164 recia.
956 4100 1109 4164 Prctcrea
1133 4095 1237 4164 omnis
1253 4095 1394 4181 populus
1421 4101 1488 4160 tam

366 4203 625 4288 uduornicorum,
644 4225 741 4290 quam
758 4207 868 4291 ctalij,
886 4212 1034 4273 tenentur
1044 4205 1197 4290 colligere
1214 4203 1333 4287 lenum,
1351 4203 1489 4286 quilibet

367 4331 479 4380 corum
494 4332 559 4378 vna
576 4312 647 4398 dic,
667 4312 815 4380 similiter
832 4323 864 4381 et
879 4333 944 4380 vna
955 4314 1007 4380 die
1024 4321 1154 4399 portare
1170 4312 1290 4396 lenum,
1308 4315 1339 4375 ct
1355 4330 1421 4376 rna
1437 4310 1489 4375 (lic

368 4426 498 4486 metere.
515 4421 615 4487 Fabri
631 4441 707 4486 vero
731 4441 771 4488 cx
788 4423 911 4489 eisdem
927 4422 1058 4508 populis
1084 4426 1234 4486 tenentur
1250 4417 1378 4504 operari
1403 4416 1490 4502 apud

370 4529 605 4595 monasterium
630 4529 664 4594 in
683 4550 748 4595 vna
764 4530 899 4615 incudc;
925 4551 989 4598 non
1004 4535 1115 4595 tamen
1130 4527 1194 4613 ipsi
1218 4527 1336 4594 debent
1359 4529 1490 4611 portare

370 4635 499 4724 ferrum,
517 4635 575 4709 scd
590 4656 673 4706 rnus
689 4636 781 4706 faber
798 4659 838 4704 ex
854 4639 937 4726 ipsis
954 4639 1045 4706 vadit
1061 4639 1104 4705 ad
1120 4637 1260 4708 ferreum
1275 4643 1418 4703 castrum
1433 4654 1490 4721 pro
