3164 5192
617 953 693 1025 lte.

86 1153 153 1222 111.
174 1155 267 1221 lucae
278 1153 435 1242 pdpduok
461 1154 552 1222 leoele
567 1178 588 1219 a
597 1155 754 1242 seconcia
778 1155 1020 1225 kerceatccekdez
1037 1180 1224 1250 upyuouzcn

514 1267 681 1354 tdrpybun.
704 1269 801 1334 1203.
902 1334 906 1345 ,

189 1463 406 1533 ‘Innocentius
433 1463 615 1554 Episcopus
639 1472 698 1534 etc.
727 1467 975 1554 crucesignatis.
1001 1469 1035 1535 Si
1061 1487 1137 1537 vere
1163 1487 1222 1538 vos

86 1575 236 1666 poenitet
253 1575 295 1642 de
311 1569 505 1660 commisso,
522 1581 556 1641 et
571 1575 667 1661 plene
683 1577 864 1664 proponitis
881 1577 1073 1646 satisfacere
1094 1578 1134 1646 de
1149 1599 1222 1668 pec·

86 1692 173 1770 cato,
190 1683 367 1752 Dominum
382 1683 480 1751 vobis
506 1683 687 1769 credimus,
715 1686 780 1754 imo
796 1685 944 1754 novimus
955 1687 1027 1771 jam
1042 1689 1218 1774 placatum.

86 1793 122 1860 Si
139 1795 220 1878 er‘go
236 1795 349 1860 Veneti
376 1792 542 1880 potuerint
559 1793 602 1859 ud
619 1793 876 1862 satisfactionem
892 1794 1020 1880 induci,
1045 1803 1077 1862 et
1093 1797 1219 1865 absolu·

83 1902 186 1970 tionis
203 1901 394 1968 beneficium
412 1901 586 1968 meruerint
602 1903 759 1986 obtinere,
783 1922 896 1970 secure
911 1921 983 1970 cum
999 1905 1046 1970 eis
1062 1903 1220 1990 navigare

84 2010 239 2100 poteritis
255 2017 287 2077 et
302 2010 463 2097 praelium
473 2011 604 2079 Domini
621 2011 786 2099 praeliari.
804 2011 899 2092 Quod
910 2013 937 2079 si
953 2033 1012 2080 nec
1028 2012 1219 2082 satisfacere

83 2119 169 2186 forte
186 2119 349 2186 voluerint
365 2139 424 2186 nec
441 2103 579 2203 absolvi,
595 2125 707 2206 utpote
722 2119 777 2204 qui
793 2140 858 2186 non
874 2121 985 2189 dolere
999 2121 1057 2189 sed
1073 2122 1218 2207 gaudere
1266 2165 1274 2174 -

84 2228 240 2294 dicuntur
256 2227 366 2313 potius
383 2227 422 2294 de
440 2227 623 2311 commisso,
640 2229 857 2315 permittimus
874 2229 978 2314 vobis,
995 2237 1031 2296 ut
1046 2249 1118 2297 cum
1134 2229 1217 2316 ipsis

81 2354 190 2418 usquc
206 2334 240 2399 in
257 2341 378 2401 terram
394 2337 650 2417 Saracenorum,
671 2335 723 2401 vel
738 2335 1073 2421 Hierosolymitanam
1087 2339 1217 2424 provin·

81 2443 180 2526 ciam,
205 2444 302 2527 juxta
318 2443 404 2528 quod
420 2444 505 2508 inter
521 2461 580 2511 vos
597 2447 629 2508 ct
645 2443 735 2529 ipsos
752 2445 904 2511 convenit
919 2447 972 2512 vel
994 2445 1129 2514 honeste
1145 2467 1218 2515 oon-

81 2551 223 2634 venerit,
239 2549 374 2633 navigio
385 2549 571 2633 transeatis,
589 2549 827 2632 quantominus
844 2551 1002 2637 poteritis,
1020 2553 1214 2622 cumdolore

80 2665 194 2723 tamen
212 2661 245 2722 ct
261 2655 479 2722 amaritudine
495 2655 612 2740 cordis,
637 2663 669 2723 ct
685 2657 746 2724 sub
763 2677 821 2744 spe
837 2658 963 2744 veniae,
981 2661 1215 2727 communican-

79 2771 130 2832 tes
149 2763 287 2832 cisdem.
314 2761 395 2830 Cum
411 2763 496 2830 enim
508 2765 580 2850 jam
597 2786 617 2831 a
632 2765 726 2832 vobis
751 2767 908 2859 majorem
924 2767 1016 2833 nauli
1036 2770 1217 2853 receperint

79 2871 311 2957 quantitatem,
323 2893 384 2938 nec
395 2871 437 2938 ad
448 2892 520 2938 eam
531 2873 659 2959 possint
669 2873 904 2942 restituendam
916 2873 1035 2959 induci,
1047 2877 1212 2942 autetiam

79 2979 255 3064 coarctari,
273 2981 302 3046 si
313 2979 409 3047 aliter
425 2981 524 3065 ficret,
542 2980 734 3048 videremini
748 3003 806 3050 vos
822 2983 977 3050 damnum
994 3003 1035 3049 ex
1050 2985 1215 3070 poeniten-

78 3090 147 3172 tia,
176 3087 242 3174 ipsi
259 3095 366 3155 antem
383 3089 565 3175 praemium
582 3110 623 3155 ex
639 3092 853 3175 contumacia,
870 3097 1055 3176 reportare;
1083 3111 1155 3157 cum
1172 3089 1215 3156 ad

78 3197 143 3264 hoc
162 3195 308 3262 debitum
333 3196 568 3264 exsolvendum
583 3197 648 3284 ipsi
664 3199 758 3265 vobis
774 3205 928 3265 maneant
947 3197 1096 3283 obligati,
1124 3205 1156 3264 et
1172 3199 1214 3264 ab

79 3303 374 3370 excommunicatis
384 3305 472 3390 exigi
482 3306 588 3392 possit
601 3311 632 3370 et
647 3305 759 3391 recipi,
778 3305 865 3390 qnod
876 3305 1020 3372 debetur.
1036 3299 1214 3372 Estuutem

78 3413 214 3476 cantum
224 3411 258 3476 in
270 3411 354 3496 juro,
371 3410 469 3496 quod,
485 3411 514 3479 si
524 3413 696 3496 quisquam
708 3429 767 3499 per
777 3419 896 3479 terram
906 3410 1142 3480 haereticorum
1158 3421 1215 3480 aut

78 3519 301 3602 quorumlibet
326 3519 878 3604 excommunicatorumtransierit,
902 3521 1091 3588 necessaria
1106 3540 1213 3588 emera

77 3647 117 3693 ac
135 3626 286 3712 recipere
301 3627 423 3713 poterit
438 3627 480 3693 ab
497 3625 630 3695 eisdem.
647 3629 831 3710 Praeterea,
857 3627 884 3694 si
904 3625 1142 3713 paterfamilias
1159 3629 1210 3696 do·

78 3753 152 3803 mus
168 3734 513 3802 excommunicationis
531 3736 696 3802 sententia
717 3734 815 3802 fuerit
830 3735 1024 3821 innodatus,
1049 3757 1070 3803 a
1085 3736 1214 3822 partici-

77 3842 215 3929 patioue
230 3840 335 3927 ipsius
360 3841 487 3909 familia
502 3849 687 3910 excusatur.
713 3842 805 3908 Licet
830 3861 910 3927 ergo
927 3843 1002 3908 Dux
1017 3843 1213 3911 Venetorum

77 3950 233 4018 dominus
248 3947 391 4036 navium,
417 3955 574 4035 tanquam
590 3949 830 4037 paterfamilias
847 3947 962 4017 domus
982 3949 1016 4016 in
1031 3969 1214 4018 excommu-

77 4056 246 4124 nicatione
261 4059 438 4143 persistat,
465 4077 523 4125 vos
539 4065 659 4142 tumen,
680 4063 837 4143 tanquam
853 4057 958 4143 ipsius
972 4055 1110 4142 familia,
1138 4057 1215 4124 dum

76 4166 111 4231 in
128 4165 271 4232 navibus
288 4167 360 4251 ejus
376 4163 512 4250 fueritis,
529 4165 632 4252 ipsius
645 4165 936 4234 excommunicatio
953 4183 1018 4230 non
1034 4165 1209 4249 continget,

76 4281 108 4338 ct
124 4273 336 4342 excusabiles
351 4273 442 4342 eritis
467 4273 557 4364 apud
572 4275 698 4359 Deum,
724 4273 773 4359 si,
799 4274 833 4340 in
857 4271 1210 4339 excommunicatorum

77 4383 221 4450 navibus
247 4384 446 4467 existentes,
474 4403 546 4451 cum
562 4383 675 4452 dolore
691 4383 797 4452 cordis
820 4381 881 4450 sub
906 4400 965 4468 spe
989 4378 1210 4468 poenitentiae

76 4491 368 4561 excommunicatis
383 4491 464 4577 ipsis
481 4491 807 4575 communicaveritis,
824 4490 857 4556 in
879 4487 998 4573 quibus
1015 4487 1209 4557 communio·

77 4619 152 4667 ncm
180 4619 293 4668 eorum
319 4597 529 4682 nequiveritis
555 4601 687 4668 evitare.
705 4601 845 4683 Verum,
872 4617 945 4664 cum
964 4595 1017 4663 vol
1032 4596 1066 4663 in
1090 4599 1210 4663 terram

76 4709 315 4780 Saracenorum
339 4707 392 4776 vel
418 4705 752 4803 Hierosolymitanam
775 4703 984 4800 provinciam
1010 4703 1051 4775 de
1074 4701 1214 4776 navibus
