3200 5182
592 296 749 400 Ar„

101 493 255 580 superius
281 499 444 578 annotate,
472 492 555 560 sicut
571 515 592 558 a
607 493 733 578 prefato
760 494 889 560 homine
914 502 1024 562 nostro
1051 503 1083 564 et
1100 500 1238 584 prefatis

104 604 257 688 partibus
281 603 376 670 nobis
393 603 583 670 constiterat
607 603 831 688 referentibus,
856 604 971 690 incipit
996 605 1038 672 ab
1063 609 1185 674 oriente
1203 610 1237 675 in

102 719 195 778 meta
210 719 306 798 terre,
327 712 381 778 vbi
398 710 532 796 quidam
548 712 662 778 alueus
679 711 765 778 Saue
781 713 932 778 Stwdech
949 722 1081 782 vocatus
1098 715 1187 782 cedit
1203 717 1236 782 in

103 820 212 905 ipsam
227 809 368 904 Sanam,
394 841 563 906 perquem
580 819 734 886 thdech
752 820 844 886 vadit
868 828 899 888 et
914 822 1063 906 peruenit
1080 822 1123 889 ad
1139 845 1237 890 vnum

103 924 233 1014 chresh,
258 925 293 992 in
311 948 374 1010 quo
390 927 483 994 vadit
499 935 532 994 et
549 928 697 1013 peruenit
721 925 764 992 ad
779 927 913 994 fluuium
929 927 1046 996 (lorice
1066 937 1235 1014 vocatum3

104 1033 184 1100 inde
200 1033 407 1121 procedendo
423 1034 515 1101 venit
540 1032 584 1100 ad
601 1034 764 1119 quoddam
774 1035 855 1119 jun;
879 1035 954 1101 indo
970 1037 1063 1104 vadit
1078 1044 1111 1106 ct
1126 1056 1236 1124 perne-

105 1144 157 1208 nit
172 1141 216 1208 ad
233 1161 329 1208 vnum
347 1143 451 1208 locum
461 1141 648 1227 Pyarichna
664 1151 834 1226 vocatum,
854 1142 930 1210 inde
945 1143 1150 1230 procedendo
1166 1167 1236 1232 per-

104 1251 196 1316 uenit
213 1249 256 1316 ad
272 1270 370 1317 vnum
386 1249 531 1332 fluuium,
557 1250 591 1314 in
608 1267 671 1331 qno
688 1249 721 1314 in
738 1255 925 1318 transuerso
942 1259 1068 1319 meatus
1089 1253 1236 1321 eiusdem

103 1357 198 1442 fluuij
209 1357 300 1424 redit
317 1357 360 1424 ad
371 1377 468 1424 vnam
483 1357 613 1442 siluam,
630 1377 692 1441 que
703 1377 824 1440 magna
839 1359 927 1426 knea
939 1360 1141 1445 nominatum
1159 1360 1236 1427 inde

102 1465 253 1554 procedit
269 1474 301 1532 et
311 1465 461 1550 peruenit
476 1465 520 1530 ad
536 1464 672 1530 fluuium
685 1464 912 1531 Ohcrenchina
928 1474 1097 1550 vocatum;
1115 1466 1156 1532 de
1172 1487 1237 1550 quo

103 1574 221 1640 exiens
246 1571 336 1640 eadit
352 1571 499 1639 adriam
525 1593 631 1658 mam,
657 1571 690 1638 in
706 1592 771 1655 qua
786 1571 992 1658 procedendo
1018 1576 1165 1659 peruenit
1193 1572 1237 1640 ad

105 1681 191 1749 duas
203 1686 307 1748 metas
323 1687 467 1765 terreas3
486 1680 561 1746 hine
571 1680 710 1747 flectitur
719 1699 833 1746 versos
850 1679 1061 1765 occidentem,
1078 1690 1110 1749 ct
1121 1681 1237 1748 transit

104 1811 206 1858 roam
222 1791 320 1875 viam,
336 1797 368 1856 ct
384 1809 442 1875 per
457 1795 561 1856 metas
579 1808 674 1855 eruce
689 1789 838 1873 signatas
848 1787 940 1854 vadit
955 1809 1013 1875 per
1029 1809 1128 1856 vnum
1143 1791 1237 1875 inger

107 1901 197 1967 bona
221 1897 435 1980 longitndine,
462 1901 495 1961 et
509 1896 658 1983 peruenit
673 1895 717 1962 ad
732 1898 821 1962 viam
838 1897 1005 1981 antiquam
1030 1917 1143 1964 versus
1167 1919 1236 1984 sep·

104 2005 322 2089 temtrionem,
349 2023 521 2090 perquam
547 2003 695 2090 procedit
712 2005 814 2070 nimia
835 2005 1048 2092 longitudine,
1067 2007 1237 2072 asinistra

105 2119 202 2202 parte
229 2121 317 2179 terra
334 2111 473 2180 Abbatis
498 2111 540 2180 de
555 2111 703 2198 Toplioa,
730 2118 762 2178 et
778 2133 799 2177 a
815 2112 932 2180 dextra
956 2120 1050 2198 parte
1075 2122 1162 2181 terra
1177 2117 1236 2181 Ro-

107 2221 194 2290 berti
210 2221 344 2287 Comitis
372 2225 579 2305 remanente,
606 2241 666 2306 per
681 2219 819 2286 eandem
835 2220 922 2286 viam
945 2218 1152 2306 procedendo
1168 2241 1237 2306 per-

107 2331 200 2396 uenit
216 2327 259 2393 ad
275 2349 373 2394 vnum
390 2329 506 2411 riuum,
532 2327 588 2412 qni
603 2329 738 2414 Slepeht
756 2329 951 2412 nominatur,
975 2335 1008 2393 et
1023 2349 1082 2415 per
1100 2327 1237 2394 eundem

107 2435 198 2502 cadit
213 2435 247 2502 in
262 2436 396 2502 fluuium
413 2436 652 2521 Moschenieha,
674 2456 844 2522 perquem
860 2437 993 2503 fluuium
1009 2438 1238 2505 Moschenicha

107 2542 200 2611 cadit
215 2544 249 2609 in
267 2544 424 2630 Culpam
451 2542 526 2610 hinc
543 2543 633 2610 vadit
658 2545 792 2611 inferius
809 2565 867 2632 per
882 2546 1019 2612 eandem
1039 2547 1188 2633 Culpam,
1205 2553 1239 2612 et

109 2653 180 2719 exit
196 2650 319 2719 directe
335 2652 420 2718 inter
437 2653 555 2718 Rakon
570 2660 603 2718 et
619 2653 776 2739 Gonicha,
803 2661 834 2721 et
849 2655 997 2741 peruenit
1020 2652 1064 2720 ad
1079 2675 1177 2721 vnum
1193 2654 1237 2719 lo-

107 2781 192 2845 cnm,
211 2762 267 2844 qui
279 2761 379 2826 Wrist
394 2760 599 2845 nominetur,
616 2761 691 2826 inde
702 2759 826 2827 directe
836 2761 1019 2827 ascendens
1029 2761 1128 2827 intrat
1138 2782 1236 2845 quan-

108 2869 301 2953 damviam,
328 2889 390 2953 que
416 2867 524 2955 pergit
549 2887 663 2934 versus
679 2867 822 2953 Sticeht;
850 2875 883 2934 et
902 2889 959 2954 per
985 2867 1122 2935 eandem
1150 2870 1237 2934 viam

109 2975 258 3063 procedit
274 2996 387 3043 versus
404 2977 602 3062 aquilonem,
628 2982 660 3042 et
677 2976 709 3042 in
726 2976 841 3044 eadem
858 2978 911 3042 via
925 2977 1024 3043 intrat
1039 2998 1137 3044 vnum
1153 2978 1237 3043 riun-

107 3085 176 3150 lnm
194 3083 340 3169 Conopcr
364 3085 577 3169 nominatum,
604 3085 659 3169 qni
676 3085 798 3152 riunlus
825 3085 914 3152 cadit
930 3085 964 3150 in
982 3085 1115 3151 fluuium
1131 3084 1238 3171 Culpa

107 3192 308 3280 predictum
336 3199 367 3259 et
392 3193 425 3258 in
442 3193 556 3260 eodem
572 3193 671 3260 fluuio
698 3192 805 3280 Culpa
829 3193 1007 3276 descendit,
1034 3199 1065 3258 et
1089 3195 1237 3278 peruenit

109 3300 166 3368 vbi
184 3321 270 3386 aqua
282 3303 369 3368 Saue
395 3302 522 3389 prefate
537 3308 570 3370 et
586 3322 672 3387 aqua
691 3299 793 3388 Calpe
818 3301 1055 3386 coniunguntur
1079 3321 1136 3370 sen
1156 3322 1237 3368 com-

110 3415 304 3494 miscentur,
331 3411 406 3476 inde
431 3411 579 3495 procedit
603 3430 716 3478 uersus
742 3411 1005 3498 septemtrionem
1031 3431 1090 3496 per
1118 3429 1239 3492 aquam

109 3523 198 3588 Saue
215 3541 273 3606 per
289 3539 444 3604 magnum
460 3519 625 3605 spacium,
648 3519 689 3584 de
705 3538 768 3602 quo
785 3519 898 3585 exiens
914 3519 1064 3605 peruenit
1079 3517 1123 3584 ad
1139 3537 1239 3602 qnan-

110 3630 186 3696 dam
206 3627 395 3712 indaginem
421 3627 464 3694 ad
481 3634 601 3694 metam
616 3633 755 3694 terream
774 3647 888 3694 versus
908 3627 1063 3694 orientem
1080 3625 1240 3693 flectendo

109 3737 260 3824 procedit
274 3757 332 3822 per
359 3736 496 3804 eandem
512 3737 711 3820 indaginem,
739 3745 772 3802 et
787 3737 938 3822 peruenit
960 3737 1004 3803 ad
1020 3757 1116 3802 vnum
1132 3737 1240 3803 laeum

112 3849 146 3914 in
163 3846 228 3912 tine
245 3842 392 3912 eiusdem
414 3843 581 3927 indaginis
607 3845 809 3929 existentem,
836 3844 891 3927 qui
908 3845 1017 3910 Locou
1033 3845 1238 3926 nominatur;

110 3963 144 4021 et
159 3975 219 4041 per
234 3954 377 4022 medium
393 3953 538 4020 ciusdem
553 3953 645 4020 lacus
661 3953 753 4020 vadit
770 3954 802 4020 in
818 3973 941 4039 magna
957 3952 1176 4036 longitudine,
1208 3958 1241 4017 ct

109 4064 187 4130 inde
204 4064 316 4130 exiens
328 4062 420 4130 vadit
437 4061 480 4128 ad
491 4064 626 4129 erbores
643 4063 702 4128 ecit
712 4069 846 4128 vocatas
863 4081 922 4147 per
941 4067 1189 4140 metasterreas‚
1208 4065 1240 4126 et

112 4173 248 4242 arbores
264 4193 359 4240 cruce
384 4173 546 4261 signatas,
570 4179 603 4238 et
618 4171 767 4257 peruenit
784 4171 827 4236 ad
842 4189 939 4236 vnum
963 4170 1070 4236 lacum
1090 4168 1240 4254 Krepohe

111 4289 274 4364 vceotnm,
300 4281 466 4366 peronius
492 4280 634 4346 medium
650 4279 754 4363 vadit,
772 4286 803 4344 ct
819 4279 888 4343 exit
903 4276 947 4342 ad
966 4295 1062 4342 rnam
1079 4276 1239 4358 arborem,

111 4389 280 4473 quewlgo
298 4389 374 4456 doct
391 4397 526 4456 vocatur
550 4405 644 4454 crnee
667 4387 850 4470 signatam3
877 4384 951 4450 hino
966 4382 1112 4470 procedit
1127 4401 1240 4450 versus

113 4493 282 4562 meridiem
299 4515 358 4582 per
372 4495 505 4562 arbores
521 4494 588 4561 sitil
599 4495 632 4558 in
648 4513 771 4576 magno
781 4490 951 4558 latitudine
961 4509 1054 4556 eruce
1070 4490 1237 4575 signatas3

112 4604 154 4670 de
170 4603 288 4687 quibus
304 4601 453 4671 exeundo
464 4602 612 4689 peruenit
628 4600 672 4667 ad
688 4601 888 4668 finemvnius
908 4607 990 4665 terre
1007 4599 1095 4664 Loca
1112 4606 1238 4685 vocate,

158 4739 260 4776 nonan.
277 4741 358 4776 nnnc.
374 4739 445 4777 sicr.
460 4747 495 4758 -
509 4739 579 4774 niro.
607 4731 639 4768 11·
1040 4719 1079 4772 30
