3200 5182
607 353 761 456 ..su

117 551 262 614 futurum
289 551 416 617 soluent
440 549 559 635 prefati
576 551 663 616 eiures
681 550 721 616 de
744 550 859 616 iisdem
882 550 1055 618 montibus.
1085 554 1126 617 ut
1142 558 1176 618 ut
1192 554 1251 619 hec

118 663 234 724 nostre
250 657 460 742 benignitatis
478 657 610 726 donatio
634 660 732 724 robur
748 659 781 723 iu
799 664 990 744 perpetuum
1007 659 1180 725 valiturum
1197 661 1250 727 ob-

115 764 232 850 tineat,
259 765 447 832 carissimus
463 767 598 831 maritus
624 775 733 834 noster
760 766 909 832 dominus
931 765 1118 851 Otokarus‚
1145 769 1248 852 quiet

114 873 267 956 Premizl,
286 873 346 939 Dei
372 873 485 956 gracia
501 875 571 940 Rex
589 875 802 942 Bohemorum
820 879 851 939 et
868 875 942 940 Dux
963 875 1180 959 Morauorum,
1208 877 1248 942 si-

113 979 188 1064 gilii
205 1002 335 1066 quoque
361 983 411 1049 sni
428 983 602 1049 munimine
628 984 711 1050 hanc
728 988 872 1049 nostram
889 983 1043 1070 paginam
1070 985 1246 1050 roborauit.

112 1089 235 1157 Actum
260 1091 293 1156 in
311 1091 463 1175 Godingc
489 1111 600 1158 mense
616 1091 733 1159 Martio
759 1111 845 1158 anno
861 1092 972 1175 gracie
994 1091 1166 1158 millesimo
1192 1091 1247 1158 du-

112 1199 294 1266 centesimo
311 1199 470 1284 vigesimo
486 1199 601 1284 terti03
619 1218 728 1267 coram
743 1199 881 1265 testibus
897 1199 1091 1296 subnotatis,
1110 1219 1246 1282 quorum

111 1311 190 1371 sunt
206 1307 265 1372 hec
281 1308 431 1374 nomina:
449 1307 607 1374 Bawarus
624 1306 850 1374 Olomucensis
873 1304 1090 1391 Camerarius,
1108 1306 1243 1393 Stepha-

110 1433 177 1479 nus
194 1413 235 1479 de
249 1413 408 1498 Medione,
435 1412 564 1482 Ostibor
582 1413 790 1482 Castellanus
808 1415 1031 1499 Proroucnsis‚
1056 1415 1244 1483 Ratiborius

111 1521 223 1587 ¹iudeu
247 1521 435 1606 Brunousis‚
452 1521 625 1588 Ounradus
650 1523 766 1589 Scriba
782 1517 970 1606 Bruneusis‚
999 1522 1088 1589 Onso
1106 1523 1240 1606 Burgra·

109 1629 187 1696 nius
203 1630 244 1697 de
261 1631 411 1715 Podinin,
439 1637 471 1696 ct
487 1630 544 1696 aiii
561 1651 657 1715 quam
675 1631 793 1716 plures.
822 1631 941 1696 Datum
958 1629 1079 1697 ibidem
1104 1649 1162 1715 per
1178 1651 1243 1696 ma-

109 1758 175 1804 nus
191 1737 285 1805 Jaros
303 1736 475 1823 Capeliani
494 1737 606 1804 nostri.

110 1939 232 2002 (Bouzeis
246 1937 337 2001 Antal,
348 1937 437 1989 Codex
446 1938 644 2004 Diplomaticus
655 1941 681 1987 et
691 1935 853 2002 Epistolaris
863 1935 1010 1998 Moravias,
1024 1936 1061 1986 11.
1072 1934 1126 1988 keu
1142 1935 1200 1986 148.
1211 1937 1219 1987 Ι
1230 1936 1240 2000 i
1296 1987 1300 1992 ,

634 2667 711 2734 266.

104 2854 131 2918 l.
150 2851 275 2916 Otulcur·
293 2849 360 2914 eceb
371 2848 487 2934 tir-cty,
503 2852 572 2932 rrcje
585 2849 796 2913 Koustoueziu
815 2847 962 2932 kirrilyoe'
977 2848 1232 2932 bozza'jdrulodo,

106 2957 315 3023 Breoaislave
341 2959 452 3042 vugyis
478 2954 687 3040 Lundeubury
713 2954 868 3020 surmont
891 2955 1156 3038 vumererrtesseqet
1180 2955 1231 3022 ud.

621 3064 719 3126 1223.

213 3261 353 3327 Premirl
369 3261 431 3328 Dei
456 3261 569 3347 gracia
586 3259 801 3328 Bobemorum
818 3261 886 3326 Rex
911 3265 944 3327 et
960 3259 1104 3325 Marchio
1129 3259 1231 3324 Mora-

102 3369 167 3452 uie,
185 3368 337 3436 omuibus
352 3367 544 3436 thelonariis
561 3387 619 3452 per
630 3368 779 3452 Regnum
795 3373 940 3433 nostrum
953 3365 1107 3433 Bohemie
1122 3374 1155 3433 et
1167 3366 1230 3433 Μο-

101 3477 198 3544 rauie
226 3475 420 3560 constitutis,
446 3481 559 3542 notum
585 3480 617 3540 et
637 3473 826 3540 mandatum
853 3492 927 3540 esse
950 3473 1118 3558 uolumus;
1144 3474 1232 3558 quod

101 3605 164 3652 uos
183 3583 227 3649 ad
252 3583 427 3650 instantem
455 3583 718 3649 intercessionem
744 3581 918 3648 karissime
943 3582 1091 3667 coniugis
1121 3590 1230 3650 nostre

100 3691 310 3774 constancia,
322 3691 448 3758 ciuibus
458 3691 600 3758 ciuitatis
616 3691 731 3777 ipsius,
752 3711 814 3774 que
824 3691 941 3757 dicitur
952 3689 1152 3774 Brecizlava,
1169 3692 1230 3757 site

98 3800 134 3866 in
150 3797 298 3866 terminis
314 3798 456 3884 Austrie,
472 3799 557 3865 hauc
573 3800 791 3867 concessimus
808 3798 959 3884 graciose
974 3797 1167 3886 libertatem,
1195 3807 1230 3867 ut

98 3909 167 3974 sint
183 3926 241 3993 per
257 3905 428 3974 continuos
446 3906 556 3973 decem
585 3927 687 3974 anuos
705 3908 747 3974 ab
764 3908 851 3974 omni
876 3907 1069 3974 tributorum
1085 3913 1118 3974 et
1134 3907 1229 3974 vecti·

100 4013 227 4100 galium
243 4014 414 4081 exactione
431 4015 525 4082 liberi
542 4021 574 4080 et
590 4016 742 4101 exempti,
759 4019 790 4080 et
806 4015 937 4082 telonea
962 4035 1020 4100 per
1036 4021 1140 4081 terras
1159 4035 1228 4099 pre·

98 4121 189 4188 fatas
205 4120 309 4189 libere
320 4127 499 4207 transeant,
516 4123 670 4204 quatinus
682 4123 730 4188 sic
746 4121 888 4188 ciuitatis
905 4141 963 4188 sue
973 4122 1227 4190 meliorationem

96 4249 159 4298 uos
176 4229 365 4298 omnimoda
380 4229 578 4296 iiberalitate
594 4249 784 4316 promouere
801 4229 954 4295 sentiant.
978 4228 1099 4296 Datum
1114 4227 1148 4293 in
1164 4229 1227 4294 Ho-

96 4339 197 4404 doniu
213 4359 301 4408 anno
318 4339 429 4424 gracie
445 4333 655 4405 uccxxlrl.

440 4520 566 4586 (Bouzeis,
581 4535 606 4572 u.
621 4537 645 4572 o.
659 4521 696 4570 11.
710 4522 765 4573 ket.
783 4521 843 4571 150.
858 4518 885 4584 l.)
