3218 5192
910 1017 966 1086 52.

368 1220 397 1284 1.
414 1217 546 1304 steppo
561 1217 773 1282 educi-adoret
798 1218 945 1295 csdszdr,
971 1238 992 1278 a
1016 1211 1077 1280 IV.
1103 1213 1251 1301 Adorp'da
1270 1218 1363 1300 pdpo
1388 1211 1501 1280 laldta

373 1331 451 1391 oron
466 1349 505 1389 aa
520 1328 558 1411 rtj
571 1328 658 1411 pdpo
670 1321 885 1389 odluaztrtandl
896 1321 990 1387 bccttlt
1005 1321 1274 1408 cqyccetleosdpalr
1282 1322 1502 1407 aeyysntcae

372 1437 469 1520 odpctt
489 1431 654 1497 Pdoictboc
668 1432 802 1496 asinatot
821 1431 972 1495 tumendo
979 1480 990 1510 ,
1013 1429 1148 1495 eczdlra
1164 1454 1186 1494 a
1199 1428 1372 1515 frascata,
1395 1429 1501 1515 aoqol,

372 1541 504 1629 aponyot
514 1541 545 1605 do
554 1562 686 1626 mappae·
696 1537 845 1625 kirolyot
854 1537 1151 1602 kdzrornunkdldartt
1163 1536 1379 1622 ratesponae
1388 1541 1501 1624 torlja.

887 1648 985 1710 1159.

479 1845 665 1912 Eridericus
681 1843 743 1910 Dei
758 1841 866 1928 gratia
882 1843 1102 1908 Romanorum
1125 1841 1306 1924 Imperator
1324 1847 1355 1906 et
1371 1860 1503 1926 semper

373 1958 558 2041 Augustus,
585 1955 787 2019 Hartmanuo
811 1949 999 2016 Brixinensi
1017 1949 1182 2036 Episcopo
1205 1951 1343 2014 salutem
1359 1957 1391 2014 et
1407 1970 1504 2016 omne

372 2065 501 2131 bonum.
520 2059 615 2140 Quod
631 2060 660 2126 si
675 2059 709 2124 in
725 2063 880 2142 passione
898 2077 958 2123 sua
977 2055 1124 2122 Christus
1149 2057 1275 2123 duobus
1292 2056 1412 2142 gladiis
1430 2078 1504 2126 con·

371 2181 479 2242 tentus
495 2173 574 2256 fait,
601 2173 662 2240 hoc
678 2171 710 2236 iu
736 2171 886 2236 Romana
907 2168 1057 2234 Ecclesia
1083 2175 1116 2235 et
1131 2167 1163 2232 in
1190 2161 1329 2254 Imperio
1353 2171 1503 2236 Romano

373 2283 534 2348 credimus
560 2277 701 2344 mirabili
719 2277 925 2363 providentia
940 2276 1146 2360 declarasse,
1174 2295 1247 2341 cum
1263 2297 1320 2362 per
1340 2278 1422 2343 baec
1439 2277 1504 2344 duc

372 2410 479 2456 rerum
506 2385 617 2472 capita
633 2391 665 2450 et
680 2385 843 2471 principia
866 2391 953 2450 totus
970 2383 1109 2450 mundus
1126 2389 1193 2448 tam
1209 2386 1242 2450 iu
1258 2383 1387 2452 Diuinis
1404 2407 1504 2470 quam

371 2495 570 2564 inhumanis
596 2492 769 2559 ordinetur.
786 2493 931 2576 Cumque
955 2512 1038 2557 uuus
1056 2493 1163 2575 Dens,
1190 2512 1273 2560 unus
1289 2495 1392 2578 Papa,
1418 2513 1504 2560 unus

372 2605 554 2689 imperator
569 2597 721 2683 sufficiat,
739 2605 772 2664 et
788 2619 855 2666 una
871 2600 1020 2665 Ecclesia
1035 2601 1098 2666 Dei
1114 2619 1187 2665 esse
1206 2601 1342 2684 debeat;
1360 2602 1450 2684 quod
1465 2602 1504 2667 si·

372 2731 413 2778 ne
430 2709 541 2777 dolore
557 2708 665 2773 dicere
684 2729 749 2775 uon
765 2728 959 2792 possumus,
985 2707 1065 2775 duos
1082 2707 1289 2793 apostolicos
1305 2709 1338 2772 in
1354 2710 1505 2774 Romana

372 2817 520 2885 Ecclesia
543 2817 664 2882 habere
679 2814 836 2880 videmur.
864 2815 1024 2882 Defuncto
1045 2815 1155 2898 itaque
1174 2815 1321 2882 Adriano
1340 2816 1445 2902 Papa,
1473 2817 1506 2882 in

372 2925 525 2992 kalendis
539 2921 739 3008 Septembris
750 2920 956 3006 cardinales,
972 2922 1028 3007 qui
1045 2924 1215 2989 columnae
1231 2923 1415 2990 immobiles
1430 2943 1506 2990 csse

372 3030 576 3114 videbantur,
596 3029 716 3113 quibus
727 3030 851 3096 Sancta
867 3035 899 3094 et
914 3030 1107 3097 universalis
1118 3030 1302 3096 firmissime
1314 3029 1506 3097 inniteretur

373 3137 530 3222 Ecclesia,
547 3157 612 3205 non
628 3156 711 3222 quac
727 3135 790 3202 Dei
807 3143 894 3221 sunt,
915 3137 973 3204 sed
989 3157 1051 3204 sua
1069 3143 1274 3223 quaerentes,
1298 3144 1330 3204 et
1347 3139 1505 3205 unitatem

373 3247 541 3316 Ecclesiae
557 3245 755 3329 scindentes,
768 3245 849 3311 duos
866 3245 1039 3311 Pontifices
1056 3246 1234 3330 elegerunt,
1256 3251 1288 3312 ct
1303 3246 1417 3312 ambos
1434 3267 1506 3314 con-

374 3360 593 3426 secraverunt.
621 3354 685 3420 Pro
714 3359 807 3420 tanta
830 3373 971 3437 namque
987 3357 1020 3418 et
1035 3358 1102 3418 tam
1128 3353 1314 3437 perniciosa
1338 3353 1507 3421 Ecclesiae

373 3466 510 3547 iactura,
535 3468 605 3530 tota
620 3461 773 3527 nimirum
789 3460 906 3526 Italica
922 3460 1072 3528 Ecclesia
1089 3463 1308 3545 conturbatur,
1334 3467 1367 3526 et
1382 3461 1507 3529 dissen-

374 3571 474 3640 sionis
491 3570 667 3638 schismate
683 3575 756 3636 orto
773 3569 807 3635 in
824 3569 932 3654 capito
942 3620 950 3653 ,
976 3568 1041 3634 iam
1057 3569 1091 3634 in
1112 3567 1269 3634 inferiora
1292 3569 1438 3636 membra
1455 3570 1506 3636 de-

374 3679 530 3762 fluxisset,
548 3683 581 3742 et
596 3683 699 3743 totum
715 3677 885 3743 Ecclesiae
900 3697 1019 3762 corpus
1039 3676 1260 3760 defoedasset,
1278 3677 1341 3742 uisi
1356 3699 1417 3744 nos
1433 3699 1506 3746 cou-

374 3787 448 3856 silio
465 3791 497 3850 et
512 3784 634 3850 auxilio
651 3783 880 3867 religiosorum
896 3785 1050 3868 virorum,
1068 3785 1123 3868 qui
1141 3784 1256 3868 spiritu
1276 3785 1338 3850 Dei
1353 3793 1506 3870 aguntur,

374 3905 443 3963 tarn
458 3890 642 3978 impudicae
659 3892 822 3976 iniquitati
837 3892 982 3960 iustitiae
998 3892 1139 3977 rigorem
1153 3893 1430 3976 opposuissemus.
1455 3896 1507 3960 Ne

373 4005 485 4088 itaque
499 4001 533 4067 in
548 4006 659 4068 tantae
672 4001 858 4068 discrimine
874 4001 1059 4070 discordiae
1072 4001 1274 4068 Universalis
1285 4001 1436 4068 Ecclesia
1451 4023 1506 4087 pe·

374 4111 512 4178 riclitari
528 4109 642 4194 possit,
659 4110 841 4177 Romanum
857 4110 1054 4194 Imperium,
1080 4110 1167 4194 quod
1184 4109 1227 4175 ad
1246 4107 1423 4176 remedium
1438 4116 1508 4177 tam

374 4216 550 4306 perniciosi
574 4216 678 4283 morbi
694 4217 817 4284 Divina
842 4217 1018 4287 clementia
1033 4218 1192 4305 providit,
1218 4218 1440 4285 universorum
1458 4240 1508 4286 sa·

374 4327 435 4398 luti
450 4327 548 4393 debet
564 4324 705 4392 sollicite
720 4325 903 4412 providere,
924 4335 957 4395 et
972 4347 1013 4394 ne
1028 4333 1122 4394 tanta
1137 4327 1227 4394 mala
1241 4328 1275 4392 in
1284 4327 1435 4393 Ecclesia
1444 4328 1509 4394 Dei

375 4433 609 4519 praemineant,
627 4430 744 4498 futuris
760 4432 894 4500 casibus
910 4435 1049 4501 solerter
1064 4433 1207 4500 obviare.
1234 4430 1433 4499 coadunatis
1449 4435 1510 4502 ita-

375 4560 439 4626 que
454 4539 488 4605 in
504 4559 602 4607 uuum
619 4540 768 4607 omnibus
790 4541 963 4628 Episcopis
977 4548 1046 4608 tam
1060 4541 1184 4608 Italicis
1202 4560 1299 4624 quam
1309 4541 1509 4627 Teutonicis,

376 4647 578 4731 caeterisque
593 4645 802 4732 Principibus
829 4668 869 4714 sc
887 4649 965 4715 viris
990 4651 1171 4736 religiosis,
1198 4649 1253 4734 qui
1277 4650 1379 4716 zelum
1395 4650 1459 4717 Dei
1476 4659 1510 4718 et
