3200 5182
616 885 692 954 246.

85 1077 335 1164 Adomdayoko
361 1095 403 1137 aa.
421 1071 539 1136 irtaco
563 1069 700 1154 apdtsdp
724 1065 872 1128 ειάτηάνα
889 1058 1085 1146 sponsores
1114 1062 1211 1125 1218.

192 1277 231 1341 In
249 1269 378 1338 nomine
395 1265 526 1333 Christi.
544 1264 638 1330 Anno
655 1257 891 1326 incarnationis
911 1257 1007 1322 1218.
1030 1254 1213 1322 lndlctione

83 1385 138 1451 VI.
161 1379 350 1450 Venerabili
376 1375 507 1444 domino
533 1371 663 1438 Slavico
690 1369 793 1435 electo
820 1363 1073 1450 Arcbiepiseopo
1098 1361 1213 1448 Spala-

82 1492 191 1576 tensi‚
216 1483 377 1556 Domaldo
402 1482 525 1565 inclyto
551 1478 677 1546 Gemite
681 1527 696 1564 ,
722 1476 883 1558 Meugaza
907 1475 1026 1556 nepote
1050 1469 1213 1536 Mararini

83 1599 216 1666 l’icario
232 1604 292 1663 etc.
319 1589 504 1682 (Possessio
528 1587 677 1670 legitima
693 1579 862 1649 cuiusdam
886 1575 1088 1658 moletrinae,
1114 1594 1212 1658 qnam

85 1709 164 1776 olim
180 1706 323 1792 Lapsius
340 1700 506 1768 Goenobio
531 1695 645 1762 Sancti
660 1690 817 1777 Stephani
838 1689 1035 1769 donaverat,
1063 1682 1213 1750 testifica·

83 1819 174 1885 tione
186 1813 329 1900 juridica
346 1803 515 1893 firmatur.)

195 1923 232 1988 In
249 1919 377 1987 namne
392 1916 523 1984 Christi.
547 1913 641 1979 Anno
661 1905 902 1976 Incarnationis
920 1903 1016 1970 1218.
1034 1897 1213 1966 Indictione

83 2036 139 2100 ll.
153 2027 340 2098 Venerabili
366 2025 496 2094 domino
520 2023 649 2088 Slarico
667 2013 924 2102 Archiepiscopo
940 2009 1062 2090 eleeto,
1088 2003 1213 2071 Gemite

84 2149 115 2209 et
132 2137 264 2206 Vicario
281 2141 440 2220 utsupra.
464 2131 535 2214 Ego
553 2127 732 2211 Gregorius
748 2123 884 2190 Villicus
900 2117 1022 2202 Regius
1038 2121 1098 2181 etc.

331 2331 455 2398 (Farlati
468 2329 605 2394 Illyricum
618 2326 728 2377 Sacrum
742 2323 794 2373 111.
807 2321 863 2372 kbt.
877 2319 938 2368 illl.
950 2315 979 2384 l.)

518 2606 783 2622 Μ

610 3068 688 3139 247.

87 3295 107 3359 I
109 3297 131 3359 l.
150 3287 261 3358 Euda-e
277 3279 384 3367 kirtly
399 3280 502 3347 Jdnos
519 3269 701 3357 eaztapurm'
716 3263 812 3348 erret,
837 3264 868 3327 έε
882 3283 921 3324 aa
937 3257 1038 3324 ottoni
1056 3253 1212 3342 kriptulca

132 3401 257 3485 bilaepet
279 3391 374 3459 Vinea
390 3385 512 3472 helysep
528 3373 761 3464 orlomciayrioul
776 3367 1043 3456 ruspjclalmuzzo.
1069 3368 1086 3428 Ι
1091 3366 1167 3430 219.

196 3597 235 3660 ln
250 3589 380 3659 nomine
404 3585 524 3650 Sancte
548 3572 717 3642 Trinitatis
741 3577 773 3636 et
790 3565 961 3634 individue
976 3559 1127 3628 Vnitatis.
1152 3559 1214 3622 An-

86 3706 183 3772 dreas
198 3702 262 3768 Dei
278 3695 392 3782 gracia
405 3687 582 3772 Hungarie,
600 3677 777 3763 Dalmaeie‚
797 3673 942 3758 Croaoie‚
960 3673 1070 3752 Rame,
1091 3667 1214 3750 Seruis,

88 3809 239 3892 Gallicis,
265 3799 521 3881 Lodomerieque
537 3794 606 3860 Rex
622 3789 654 3854 in
672 3791 873 3872 perpetuum.
903 3777 984 3844 Cum
1001 3779 1127 3860 Regum
1151 3795 1214 3840 om·
1295 3841 1304 3854 ⁸

88 3921 177 3986 nium
194 3922 227 3982 et
241 3915 425 3998 Regnorum
441 3898 615 3990 potencia,
640 3915 706 3980 pax
722 3897 754 3957 et
769 3885 929 3956 securitas
945 3885 979 3950 in
995 3883 1067 3949 sola
1083 3899 1215 3946 suorum

89 4027 246 4095 fidelitate
263 4019 461 4097 consistant;
479 4007 593 4076 merito
610 4001 697 4090 apud
712 3997 814 4083 Regis
831 3989 1024 4060 serenitatis
1044 3986 1215 4075 prouiden-

89 4135 172 4200 ciam
188 4124 356 4196 fidelitatis
382 4119 517 4186 firmitas
541 4109 658 4178 ceteris
675 4113 725 4174 est
741 4101 915 4170 uirtutibus
941 4093 1085 4182 politicis
1111 4091 1214 4175 prele-

64 4239 202 4322 'rencla
229 4242 262 4301 et
278 4237 399 4316 quanto
427 4243 512 4292 nunc
536 4218 739 4299 bominibus,
767 4232 808 4277 ex
832 4201 1017 4289 corruptela
1042 4198 1143 4265 seculi
1167 4217 1215 4262 se·

90 4344 253 4416 noscentis
269 4337 417 4420 infectis,
444 4333 526 4399 etin
540 4329 659 4395 malum
675 4321 787 4410 pronis
804 4310 1029 4392 existentibus,
1056 4325 1096 4371 ea
1111 4303 1215 4369 rarior

89 4453 253 4521 inuenitur
280 4449 312 4514 in
328 4443 442 4526 terris;
469 4445 560 4506 tanto
577 4433 684 4500 carior
699 4435 749 4495 est
763 4423 916 4494 habenda
939 4426 971 4484 et
995 4412 1127 4502 premiis
1150 4428 1214 4474 am·

91 4561 251 4649 plioribus
267 4547 519 4640 compensanda.
536 4543 620 4608 Hinc
635 4545 694 4622 est,
712 4534 799 4621 quod
815 4551 874 4598 nos
892 4529 1056 4594 inventam
1072 4520 1106 4584 in
1122 4533 1214 4584 vene-

91 4670 186 4740 rabili
212 4672 306 4756 patrc
332 4663 483 4730 Jobanne
500 4647 715 4738 Strigorriensl
732 4640 987 4726 Arobiepiseopo
1013 4635 1044 4697 et
1070 4625 1213 4694 eiusdem
