3200 5182
845 297 998 398 Qn-

355 517 474 586 super‚
499 503 534 564 vt
548 494 659 562 omnia
673 493 790 581 predia
809 493 957 562 Ecclesie
977 494 1141 580 eiusdem,
1168 502 1202 564 et
1219 516 1334 565 omues
1358 497 1483 584 ducas,

354 606 509 694 piscinas,
531 611 566 672 et
589 601 786 686 molendina,
803 607 836 668 et
851 602 964 686 siluas,
983 607 1173 688 ceterasque
1198 605 1427 692 possessiones
1442 605 1485 670 vl·

354 721 406 780 tra
428 719 462 780 et
477 711 561 780 citra
576 711 694 778 siluam
710 708 836 777 Rabam
862 707 968 775 eidem
996 709 1143 777 Ecclesia
1169 711 1372 797 pertinencia
1385 713 1485 780 uomi-

354 822 468 906 natim,
485 827 518 887 et
533 820 607 888 loca
630 818 796 886 unaarum
822 823 854 884 et
879 816 1147 904 molendinorum,
1170 819 1370 905 piscinarum
1386 827 1421 886 et
1435 820 1486 884 sil·

353 949 470 998 uarum
486 927 658 1016 priuilegio
675 931 786 992 nostro
802 925 910 994 notari
928 925 1119 993 faceremus.
1141 927 1211 994 Nos
1227 949 1303 996 reru
1320 928 1486 1016 peticioni.

354 1021 415 1104 bus
432 1035 536 1122 ipsius
552 1034 608 1121 pio
625 1033 771 1100 volentes
789 1052 957 1100 occurrere
974 1054 1109 1102 assensu
1126 1038 1236 1103 omnia
1251 1033 1368 1123 predia
1378 1037 1487 1103 Eccle-

353 1146 403 1214 sic
428 1164 502 1212 cum
526 1141 676 1210 omuibus
702 1141 979 1227 supranominatis
1006 1142 1269 1227 possessionibus
1294 1144 1487 1230 singillatim

352 1252 525 1340 priuilegio
541 1257 652 1318 nostru
668 1249 906 1335 expressimus;
931 1254 963 1315 et
979 1249 1023 1316 ad
1038 1253 1229 1337 populorum
1256 1253 1486 1341 hospitumque

353 1359 500 1428 Ecclesia
516 1357 691 1426 tuicionem
707 1355 835 1424 fidelem
845 1364 990 1424 nostrum
1007 1359 1095 1424 Pocir
1113 1359 1308 1444 Palatinum,
1320 1369 1398 1428 tuuc
1408 1367 1486 1427 tem-

353 1469 444 1556 poris
462 1487 539 1534 vero
555 1463 716 1532 Comitem
732 1465 979 1549 Musonianum,
998 1471 1110 1532 nostra
1120 1465 1267 1534 dedimus
1279 1469 1486 1536 anctoritate.

353 1580 434 1645 Sunt
450 1581 559 1642 autem
575 1574 634 1640 hee
650 1573 783 1639 uomina
808 1571 1011 1658 prediorum:
1036 1572 1187 1640 Predium
1212 1573 1327 1658 Mylyk
1354 1575 1486 1641 nomine

353 1707 426 1754 eum
441 1683 537 1750 domo
555 1677 814 1766 molendinario,
847 1681 880 1747 in
895 1701 961 1764 qua
978 1679 1041 1747 duc
1057 1687 1126 1748 rote
1143 1682 1274 1768 molant,
1303 1682 1399 1748 euius
1415 1702 1484 1767 pre-

353 1793 400 1878 dij
415 1801 501 1860 terra
518 1797 567 1859 est
584 1796 704 1858 menta
720 1810 760 1856 ex
778 1797 872 1876 parte
897 1811 964 1857 unu
989 1811 1103 1858 versus
1129 1791 1242 1858 viliam
1266 1790 1484 1858 castrensium

353 1903 469 1968 Thana
484 1899 623 1984 nominc,
639 1904 671 1965 et
687 1917 727 1964 ex
744 1904 838 1984 parte
855 1901 959 1965 altera
989 1918 1104 1966 versus
1131 1899 1244 1964 villam
1269 1898 1484 1964 castrensium

354 2005 470 2094 Mylyk
485 2008 625 2092 nourriue,
642 2011 674 2072 ct
689 2005 892 2092 protenditur
909 2026 1011 2092 usqne
1028 2006 1070 2072 ad
1086 2014 1205 2074 metam
1231 2013 1318 2072 terre
1344 2001 1486 2089 Vyudor

354 2123 386 2182 ct
401 2113 535 2182 fratrum
560 2134 701 2180 suornm.
733 2111 885 2180 Predium
911 2111 1019 2198 Kynih
1046 2111 1176 2180 nomine
1201 2130 1273 2177 eum
1297 2109 1398 2178 domo
1424 2133 1485 2176 mo·

355 2219 539 2290 lendiuaria
553 2239 650 2307 snper
665 2239 784 2304 aquam
800 2217 916 2304 Saard,
933 2225 965 2286 et
981 2218 1077 2303 silua,
1096 2218 1187 2284 euius
1204 2223 1288 2284 mete
1304 2218 1485 2303 procedunt

354 2349 452 2416 super
471 2329 569 2414 uiam,
585 2325 725 2395 tenendo
744 2336 849 2395 metas
864 2348 937 2394 cnm
953 2327 1078 2396 Gemite
1099 2327 1188 2394 Baas
1203 2323 1412 2412 procedendo
1437 2344 1483 2391 ns·

354 2457 416 2521 qne
431 2437 475 2502 ad
492 2437 638 2518 Gnngys.
656 2433 808 2500 Predium
825 2435 938 2502 Musca
957 2435 1087 2502 nemine
1114 2453 1187 2502 cum
1212 2453 1277 2502 vna
1298 2431 1398 2500 domo
1424 2451 1484 2498 mo

355 2541 539 2612 leudiuaria
554 2541 637 2608 duas
653 2546 742 2608 rotas
758 2541 943 2608 continente
960 2561 1057 2628 super
1074 2544 1220 2626 uungys,
1238 2547 1271 2608 et
1281 2563 1346 2608 vua
1356 2540 1484 2626 piscina

355 2651 507 2720 distincta
522 2649 619 2716 certis
636 2649 730 2716 metis
757 2667 872 2717 versus
897 2651 1008 2718 villam
1035 2649 1294 2718 uduornicorum
1310 2650 1416 2734 chp
1432 2667 1483 2714 no·

352 2759 451 2828 mine.
468 2754 619 2824 Predium
635 2755 787 2840 Megchid
803 2756 933 2824 nomine
945 2778 1018 2824 eum
1034 2756 1161 2826 duobus
1187 2758 1268 2825 iocis
1285 2756 1483 2824 molendinu-

355 2885 445 2950 rum,
471 2863 563 2932 euius
588 2861 692 2949 predij
718 2863 825 2950 prima
850 2873 937 2932 meta
962 2865 1075 2951 incipit
1092 2886 1114 2932 a
1129 2866 1267 2951 Gungys
1283 2873 1316 2932 et
1333 2862 1428 2932 vadit
1442 2863 1483 2930 ad

354 2975 504 3042 arbmern
521 2973 593 3052 ecit,
609 2979 642 3038 et
658 2971 733 3040 inde
750 2971 793 3038 ad
809 2973 921 3040 uillam
936 2965 1107 3040 cuiusdam
1120 2973 1378 3040 Fauianumine
1395 2973 1484 3038 iuxn

355 3101 475 3168 aquam
489 3079 573 3147 Sard
589 3079 728 3166 nominc,
743 3079 867 3148 atinde
882 3080 926 3148 ad
941 3081 1079 3150 eandem
1095 3102 1226 3168 aquarn.
1253 3079 1346 3147 Vnde
1370 3081 1484 3166 incipit

355 3187 503 3276 predium
518 3183 648 3272 Zyluag
664 3187 803 3272 nomine,
829 3188 920 3256 euius
936 3194 1024 3256 terra
1040 3188 1200 3256 distincta
1215 3197 1248 3254 et
1264 3197 1421 3274 separata
1436 3195 1484 3252 est

353 3296 451 3364 rectis
467 3293 563 3362 metis
580 3294 621 3362 de
636 3302 724 3362 terra
749 3295 942 3383 populorum
968 3295 1010 3364 de
1033 3298 1193 3382 Sueiluag.
1221 3298 1263 3363 nt
1279 3295 1345 3362 ista
1369 3295 1484 3382 predia

353 3405 462 3472 iucem
478 3403 562 3470 vitra
578 3403 695 3469 siluam
711 3403 804 3470 Baba
821 3403 969 3488 numiue5
999 3405 1081 3472 citra
1097 3425 1174 3472 vero
1200 3401 1339 3470 eandem
1364 3404 1483 3470 siluam

352 3519 448 3578 snut:
464 3513 571 3578 Primo
587 3519 676 3579 terra
690 3512 779 3578 circa
788 3513 1018 3582 monasterium
1028 3515 1123 3582 Beati
1133 3512 1314 3600 Michaelis,
1329 3513 1386 3580 rbi
1399 3531 1484 3579 nuuc

352 3619 498 3706 hospites
514 3619 658 3687 eiusdem
676 3621 864 3706 monasterij
882 3621 1142 3710 superhabitaut,
1160 3641 1233 3690 eum
1251 3620 1371 3690 eadem
1388 3622 1483 3688 liber·

351 3734 419 3796 tate
436 3729 470 3794 in
485 3727 645 3815 omnibus,
663 3750 729 3814 qua
744 3735 776 3798 et
791 3729 971 3816 burgenses
988 3731 1138 3798 eiusdem
1154 3732 1272 3816 castri;
1289 3732 1385 3798 cuins
1402 3739 1484 3798 terre
1572 3779 1578 3792 .

352 3836 466 3924 incipit
482 3858 545 3904 vna
561 3845 647 3906 meta
663 3839 704 3906 de
721 3840 839 3908 arbore
855 3842 924 3928 κομί
941 3861 1040 3928 super
1055 3839 1225 3908 materiam
1242 3837 1290 3927 (i)
1316 3859 1482 3926 magnam,

351 3953 384 4014 et
400 3944 491 4014 vadit
505 3967 563 4033 per
585 3947 672 4014 viam
688 3947 862 4034 publicam,
888 3957 920 4016 ct
945 3951 1152 4018 continuatur
1168 3947 1253 4037 (tgy)
1274 3949 1373 4014 metis
1398 3954 1483 4012 terre

351 4052 474 4140 Vukov,
491 4074 588 4140 quam
604 4063 723 4122 terram
732 4053 940 4126 considerata
956 4063 1150 4143 paupertate
1160 4053 1307 4126 eiusdem
1323 4059 1483 4120 monaste-

349 4161 390 4246 rij
406 4169 595 4230 antecessor
619 4169 728 4230 uester
752 4163 807 4250 pie
830 4163 1071 4233 recordacionis
1096 4165 1177 4232 Bela
1204 4166 1274 4234 Rex
1299 4161 1483 4230 contulerat

349 4269 505 4336 Ecclesia.
522 4269 630 4338 Habet
645 4270 779 4358 insuper
793 4272 858 4339 due
873 4273 947 4340 loca
962 4273 1222 4342 molendinorum
1246 4291 1345 4358 super
1361 4291 1482 4355 aquam

348 4375 452 4462 Baba,
470 4387 502 4444 ct
517 4379 678 4463 piscinam
694 4399 790 4446 unam
808 4399 881 4446 cum
897 4378 1025 4448 duabus
1042 4380 1145 4449 vincis
1162 4381 1195 4448 iu
1211 4379 1300 4445 exitu
1330 4383 1424 4462 perte
1441 4376 1481 4440 ci-

350 4483 473 4568 uitatis,
491 4485 582 4552 iuxta
598 4486 684 4552 viam
700 4507 764 4570 qua
781 4488 927 4573 pergitur
943 4489 987 4556 ad
1000 4491 1155 4556 Sanctum
1174 4484 1390 4554 Gothardum.
1408 4487 1481 4554 Pre-

349 4588 438 4656 dium
462 4591 574 4678 Lapsa
594 4595 724 4660 uomine
748 4592 891 4680 rudique
908 4597 1004 4662 certis
1019 4596 1113 4664 metis
1140 4596 1295 4662 clasuum.
1322 4591 1475 4660 Predium
