3200 5182
611 367 678 434 403

78 577 149 624 rem
167 559 283 626 locum.
309 561 408 627 Porro
424 582 484 630 nos
499 562 609 630 fratris
625 565 727 631 nostri
743 562 953 633 donacionem
972 569 1120 635 nolentes
1136 567 1204 634 irri-

78 671 165 753 tare,
191 669 471 754 sepenominatum
486 670 527 736 Η.
543 671 577 738 in
592 673 688 739 buius
703 679 787 739 terre
802 676 1041 761 possessionem
1056 695 1115 762 per
1127 673 1203 742 fide·

76 774 146 840 lem
165 781 317 844 'nostrum
342 777 430 845 Chao
454 778 612 846 Comitem
636 782 906 868 confirmauimus‚
939 790 972 850 et
1001 783 1202 851 auctoritatis

76 888 192 950 nostre
207 883 384 952 karalrtere
408 887 641 974 perpetualiter
661 889 896 975 insigniuimus.
918 893 1039 958 Datum
1063 912 1122 978 per
1136 911 1202 956 ma-

76 1011 141 1059 nus
166 993 304 1078 Hugrini
330 993 538 1063 Colochensis
564 998 669 1065 Electi
695 1006 728 1065 et
758 1001 831 1066 aule
855 1001 957 1085 Regio
989 999 1203 1083 Cancellarii,

76 1119 168 1168 anno
179 1101 221 1167 ab
230 1103 464 1173 Inoamacioue
473 1107 604 1174 Domini
620 1108 666 1172 M?
678 1106 743 1173 OG?
755 1108 799 1173 X?
811 1109 873 1176 ΠΕ
891 1110 997 1193 Regni
1006 1108 1108 1176 nostri
1117 1129 1202 1176 anno

75 1208 196 1292 quinto
210 1207 346 1280 decimo.

243 1389 293 1456 (Aa
307 1393 407 1445 eredsti
416 1391 483 1446 nttn
493 1396 596 1459 hauc,
605 1397 721 1464 Magyar
733 1397 797 1450 Sion
809 1401 847 1452 11.
860 1400 916 1452 lrbt.
930 1403 991 1452 209.
1006 1400 1035 1467 l.)

607 2133 685 2201 249.
710 2185 711 2188 ,

77 2310 109 2376 A
125 2311 249 2399 istaut
263 2315 463 2400 apdtucpcck
479 2313 755 2402 neapoteponta,
780 2315 859 2403 bopy
876 2339 916 2382 aa
943 2316 1035 2402 oppila
1058 2329 1203 2386 emutat

213 2420 298 2488 Bake
313 2425 478 2510 saolpdjdt,
495 2423 596 2490 Boset
609 2423 768 2490 saebadon
780 2423 957 2492 boosdtotta.
976 2427 1071 2492 1219.

391 2584 890 2652 ABGDE

191 2747 222 2827 †.
246 2749 413 2816 Vniuersis
430 2746 549 2814 Christi
567 2745 727 2830 fidelibus,
754 2745 797 2813 ad
812 2767 893 2830 quos
909 2753 1077 2833 presentes
1097 2749 1201 2814 littere

79 2857 292 2944 peruenerint
305 2859 342 2922 L.
358 2856 473 2922 Abbas
488 2853 634 2921 Ecclesia
648 2853 758 2920 Sancti
774 2852 891 2921 Jacobi
906 2853 946 2920 de
962 2855 1067 2940 Lybin
1083 2857 1201 2925 eteius

79 2965 146 3032 loci
155 2963 305 3031 Fratrum
315 2963 522 3030 Uninersitas
538 2961 708 3029 oraciones
723 2963 757 3028 in
768 2963 917 3030 Domino.
936 2963 1097 3041 Quoniam
1107 2983 1200 3030 omne

78 3072 168 3159 qnod
184 3073 248 3140 fine
263 3072 442 3158 clauditur,
470 3071 626 3138 mutabile
642 3077 692 3137 est
701 3121 710 3154 ,
738 3077 771 3136 et
786 3071 917 3137 labente
939 3079 1119 3157 temporum
1135 3091 1201 3138 our-

77 3183 185 3249 rionlo
211 3183 367 3250 memoria
391 3183 590 3267 inposterum
616 3178 817 3264 eradicetur;
842 3178 962 3247 idcirco
985 3180 1072 3263 qnod
1096 3179 1202 3279 inpre3

79 3291 268 3357 sauciatum
284 3289 391 3376 agitur
400 3341 409 3375 ,
438 3289 596 3377 scripture
610 3288 796 3356 testimonio
812 3287 961 3355 duximus
977 3287 1201 3355 commendan-

80 3399 168 3465 dum.
196 3397 337 3484 Ideoque
353 3405 463 3466 notum
487 3399 558 3465 fieri
573 3396 722 3464 uolumus
738 3403 805 3462 tam
819 3395 934 3462 futuris
958 3415 1055 3479 quam
1071 3415 1202 3482 presen-

80 3507 191 3591 tibus,
218 3506 305 3591 quod
319 3505 409 3573 Boke
435 3505 595 3574 confrater
619 3511 730 3572 noster
754 3503 927 3590 quemdam
953 3523 1082 3570 seruum
1108 3524 1201 3571 sunm

78 3615 215 3682 nomine
230 3613 317 3680 Buce
326 3664 336 3698 ,
361 3612 416 3698 qni
431 3613 463 3679 ci
477 3633 499 3678 a
513 3611 777 3698 progenitoribus
802 3611 869 3678 suis
885 3612 918 3676 in
934 3611 1047 3679 seruili
1072 3613 1201 3682 tenebc·

82 3734 135 3790 tnr
151 3721 352 3806 condicione,
369 3741 428 3807 pro
444 3720 585 3788 remedio
602 3721 709 3786 anime
724 3739 792 3804 sue,
817 3740 889 3786 eum
906 3741 927 3786 a
941 3721 1018 3806 iugo
1034 3722 1200 3790 seruitutis

82 3831 235 3917 excepit,
262 3837 295 3896 et
309 3837 500 3917 perpetuam
516 3829 579 3895 sibi
595 3828 730 3896 contulit
746 3827 949 3914 libertatem,
977 3829 1036 3896 tali
1051 3830 1203 3898 videlicet

82 3949 208 4023 tenore,
223 3943 259 4002 ut
274 3937 456 4022 ubicunque
472 3937 619 4020 uoluerit,
645 3935 783 4002 liberam
799 3936 920 4004 habeat
936 3937 1088 4004 manendi
1103 3936 1202 4004 facul·

81 4055 205 4131 tatem,
230 4053 263 4111 et
278 4064 337 4110 nec
353 4065 374 4110 a
389 4045 466 4130 filijs
492 4045 580 4131 suis,
604 4063 664 4109 neo
685 4063 705 4108 a
727 4044 968 4111 successoribus
993 4045 1080 4128 suis,
1106 4065 1202 4110 neca

80 4173 250 4241 quoquam
276 4153 440 4220 bominum
456 4153 525 4220 eius
551 4153 686 4220 libertas
702 4153 812 4218 ualeat
835 4150 1000 4218 infirmari.
1027 4151 1069 4216 llt
1083 4159 1118 4219 ut
1141 4153 1203 4220 boc

83 4266 212 4332 firmum
227 4269 260 4328 et
275 4261 394 4330 stabile
409 4269 618 4349 permaneat,
644 4268 677 4328 et
692 4282 713 4327 a
728 4260 816 4328 nullo
833 4259 936 4345 possit
951 4259 1103 4347 infringi,
1131 4280 1203 4347 pre-

5 4431 6 4434 ,
83 4379 211 4440 sentem
237 4371 394 4458 paginam
418 4370 565 4456 predicto
580 4369 665 4435 Bure
680 4368 715 4433 in
739 4367 957 4435 testimouium
982 4368 1083 4454 sigilli
1099 4367 1202 4435 nostri

88 4481 267 4550 munimine
291 4477 525 4549 roborauimus.
549 4477 684 4545 Factum
709 4485 759 4546 est
774 4479 835 4545 boc
854 4497 939 4544 anno
958 4477 1128 4545 Dominioe
1153 4477 1203 4542 ln-

5 4633 6 4676 ἢ
85 4588 290 4656 carnacionis
314 4591 360 4655 M⁰
375 4585 440 4654 00⁰
457 4585 632 4672 xv⁰111103
657 4587 861 4675 presentibus
877 4588 1023 4655 Ecclesie
1048 4586 1202 4654 fratribus

5 4713 6 4754 t
82 4695 220 4764 Andrus
230 4697 400 4783 Magistro,
410 4695 582 4764 Valentino
598 4697 740 4786 Decano,
757 4696 920 4766 Demodio
937 4697 1111 4782 Celerario,
1129 4694 1200 4764 Bla-

985 4815 1043 4872 26*
