3164 5192
875 973 951 1044 112.

345 1177 455 1244 Jctdra
470 1181 561 1244 odros
577 1178 609 1240 ts
621 1173 701 1240 Arta
712 1175 809 1260 ratpot
823 1171 908 1238 kdatt‘
919 1171 1110 1260 epyetkeddq
1122 1192 1162 1236 aa
1171 1173 1300 1260 t'poardq
1314 1170 1480 1238 monos

705 1278 989 1365 ewtpdttatctecrdt
1014 1280 1113 1345 1190.

454 1479 549 1545 Anno
574 1477 766 1545 Dominioae
793 1473 1031 1541 lucarnatiouis
1060 1473 1154 1538 1190.
1172 1492 1283 1540 meuse
1307 1472 1397 1540 Junii
1422 1474 1481 1540 die

347 1586 538 1652 Sanctorum
554 1583 695 1651 Joannis
712 1587 743 1648 et
759 1581 872 1664 Pauli,
899 1581 1080 1647 Indictione
1097 1586 1214 1646 octava
1231 1579 1363 1646 Jadrae.
1380 1581 1481 1646 Tem-

348 1691 481 1778 poribus
498 1691 619 1758 domini
640 1691 742 1757 nostri
758 1688 858 1756 Betae
874 1689 936 1754 Dei
951 1689 1059 1774 gratio
1075 1687 1280 1754 invictissimi
1295 1690 1395 1773 Regis
1412 1689 1481 1756 Un-

348 1799 472 1886 gariue,
488 1799 685 1882 Dalmatiae,
703 1795 865 1880 Oroatiae,
883 1799 1007 1864 Ramce
1017 1848 1025 1882 ,
1050 1816 1108 1863 nec
1124 1817 1189 1864 non
1205 1795 1353 1863 Calatiae
1371 1793 1481 1882 (Gali-

349 1905 452 1994 ciae);
479 1915 510 1972 et
525 1905 614 1972 Petri
639 1905 829 1972 Jadertinae
853 1903 948 1970 Sedis
974 1903 1170 1971 venerabilis
1197 1904 1400 1971 Archieleeti.
1428 1906 1482 1970 In·

349 2019 580 2096 strumentum,
609 2034 667 2099 per
693 2013 781 2097 quod
795 2013 978 2080 Damianos
1002 2012 1126 2080 Jadrae
1151 2010 1288 2098 Comes,
1314 2033 1379 2078 uua
1404 2032 1482 2078 cum

351 2124 511 2206 Gregorio
527 2123 656 2208 Suppe,
683 2121 773 2186 Biste
789 2121 830 2188 de
846 2121 953 2206 Juda,
979 2127 1012 2187 et
1027 2121 1123 2188 Petro
1148 2121 1280 2188 Sluradi
1294 2119 1481 2202 torticium,

350 2237 508 2296 renovant
532 2251 647 2316 paoem
673 2231 755 2296 inter
771 2229 886 2296 ambus
912 2229 1062 2296 civitates
1082 2250 1153 2297 oum
1179 2229 1312 2296 Andrea
1336 2228 1481 2294 Arbensi

350 2337 525 2422 Episcopo,
542 2337 675 2404 Andrea
691 2337 798 2422 Surre,
816 2337 982 2422 Stephano
998 2339 1130 2406 Martini
1145 2338 1271 2422 Judioe,
1288 2337 1394 2404 Fusco
1410 2336 1482 2401 Ma·

350 2442 467 2526 marini,
485 2441 683 2512 christoforo
701 2443 892 2527 Calderarii,
910 2445 966 2527 Ve,
984 2444 1150 2528 Kiedrago
1167 2453 1199 2512 et
1215 2442 1403 2512 Petroniolu
1419 2444 1481 2506 Ar·

352 2549 506 2616 bessibus
531 2550 565 2616 in
581 2550 662 2616 haee
684 2556 793 2639 pecta.
821 2550 856 2616 Si
873 2551 1037 2638 quispiam
1062 2552 1229 2636 utriusque
1252 2549 1396 2617 civitatis
1422 2549 1482 2614 ali-

351 2678 448 2744 quam
473 2657 571 2724 alicui
588 2659 759 2744 pecuniam
775 2659 959 2744 crediderit,
978 2667 1011 2726 et
1026 2678 1099 2724 eam
1115 2658 1271 2726 rehabere
1287 2657 1481 2741 nequiverit,

352 2767 460 2852 ipsum
477 2765 655 2833 debitorem
672 2787 776 2852 suum,
793 2775 826 2833 et
840 2788 905 2835 non
922 2767 1023 2834 alium
1039 2773 1178 2851 quaerat
1192 2767 1225 2832 in
1244 2770 1381 2852 aspectu
1392 2763 1481 2848 judi-

352 2893 423 2938 eum
441 2873 607 2960 debitoris,
633 2881 666 2940 et
681 2880 801 2960 cogant
816 2893 889 2942 eum
905 2875 1041 2942 reddere
1057 2873 1229 2958 universa;
1254 2879 1286 2939 et
1302 2873 1331 2938 si
1346 2871 1428 2938 nibil
1446 2872 1481 2938 in

352 2979 484 3047 civitate
499 2982 658 3066 habuerit,
675 3003 740 3050 non
757 2983 853 3049 debet
870 2983 957 3048 iutra
972 2985 1101 3050 moenia
1117 2984 1210 3068 oapi,
1232 2980 1292 3048 sed
1311 2987 1406 3048 extra
1422 2978 1482 3046 ubi

352 3088 487 3173 reperiri
503 3090 638 3175 poterit,
667 3098 702 3157 ut
718 3089 853 3158 libertas
869 3092 1038 3158 civitatum
1065 3091 1183 3156 illaesa
1208 3095 1408 3175 permaneat.
1434 3087 1482 3152 At

353 3217 451 3281 vero,
477 3199 506 3264 si
522 3200 593 3280 quis
609 3198 727 3265 nobilis
743 3199 795 3266 vel
811 3199 964 3284 ignobilis
980 3199 1015 3266 in
1032 3197 1200 3265 latrocinio
1225 3215 1283 3262 seu
1299 3197 1415 3282 rapina
1429 3213 1480 3258 re·

353 3310 465 3389 pertus
480 3303 597 3390 fuerit,
622 3327 681 3392 pro
698 3305 868 3374 duodecim
884 3305 1076 3372 Romanatis
1100 3301 1253 3391 (excepta
1268 3303 1379 3370 damni
1395 3321 1481 3370 com·

356 3411 528 3496 positione,
554 3432 638 3496 quae
655 3433 695 3479 ex
711 3415 837 3498 integro
859 3414 931 3480 dari
946 3411 1057 3500 debet)
1076 3413 1254 3498 vendatur3
1280 3413 1308 3480 si
1323 3412 1367 3497 id,
1393 3409 1480 3476 unde

353 3517 488 3585 reddere
504 3540 568 3586 nou
583 3521 751 3605 habuerit,
777 3541 919 3608 persona
938 3521 1009 3588 eius
1024 3520 1110 3592 iufra
1134 3522 1245 3588 urbem
1270 3539 1329 3608 per
1348 3538 1480 3586 manum

354 3623 472 3691 Curiae
487 3625 645 3712 capiatur,
667 3637 699 3695 et
714 3631 839 3696 tamdiu
853 3631 886 3695 in
902 3636 1065 3716 potestate
1080 3629 1253 3715 perditoris
1269 3633 1399 3694 maneat
1415 3627 1480 3692 rin·

353 3731 490 3814 eulaius,
508 3731 609 3798 donec
625 3737 742 3803 reddat
756 3737 941 3806 universum
957 3737 1112 3804 debitum.

409 3927 521 3995 (Lucius
533 3927 628 3994 stnos,
640 3933 673 3983 de
686 3933 780 3999 Regno
792 3934 947 3988 Dalmatiae
960 3943 987 3987 et
999 3935 1126 3986 croatiae
1139 3933 1191 3985 ΙΙΙ.
1205 3933 1296 3998 ironyv
1317 3935 1357 3984 tn.
1371 3931 1431 3998 iej.)
