3200 5182
632 389 697 452 439

98 585 250 669 eligendo
279 584 384 667 ferr0;
412 583 560 648 similiter
584 590 732 650 tenentur
757 584 865 650 facere
890 585 1088 652 ferramenta
1111 595 1143 651 et
1160 587 1228 651 alia

96 694 299 774 necessaria,
317 697 425 777 preter
442 689 561 754 dictam
579 711 676 756 vnam
688 691 846 755 incudem.
863 690 1069 757 Pretereade
1086 691 1226 776 singulis

96 799 188 865 villis
205 797 237 863 in
253 797 428 884 priuilegio
445 797 593 863 Ladislai
610 798 784 863 nominatis
801 798 1011 881 vnaquelibe‘t
1038 798 1166 865 mansio
1183 807 1226 865 te-

96 914 193 973 netur
219 909 252 973 in
268 929 327 974 suo
344 927 439 973 curru
465 915 496 972 et
513 907 647 972 animali
665 913 794 992 portare
819 907 974 973 tunellam
1000 907 1068 973 vini
1090 907 1132 974 de
1151 908 1225 973 vinc

97 1017 248 1082 Ecclesie
264 1017 335 1082 siue
351 1015 392 1080 de
402 1013 561 1098 Symigiu,
577 1015 647 1082 sine
660 1015 701 1081 de
711 1017 790 1081 Sala
805 1036 907 1099 vsque
924 1016 1103 1082 Ecclesiam
1120 1017 1226 1102 ipsam

95 1125 195 1190 Beati
211 1124 351 1191 Martini.
380 1121 529 1189 Ceterum
546 1143 659 1190 omncs
675 1123 853 1206 uduornici‚
870 1124 1081 1207 vnaquelibet
1100 1125 1226 1190 mansio

97 1240 229 1298 tenetur
246 1235 354 1298 facere
370 1231 516 1296 brasium
534 1229 711 1297 dehordeo
736 1231 939 1315 provenienti
954 1231 1098 1297 Ecclesia
1115 1251 1156 1297 er
1172 1231 1224 1296 de-

96 1341 193 1406 cimis
211 1340 253 1405 ad
270 1340 352 1406 duos
369 1340 504 1406 akcnes.
532 1339 734 1404 llxaccicnes
750 1359 828 1404 uero
846 1345 877 1404 et
894 1339 1015 1422 debita,
1039 1359 1102 1424 que
1118 1340 1165 1406 eis
1182 1341 1227 1405 la-

96 1447 261 1530 xauimus,
279 1448 337 1512 hec
354 1455 430 1512 sunt
447 1473 454 1514 :
473 1446 627 1513 Decimus
643 1445 796 1512 videlicet
812 1445 853 1511 dc
872 1446 956 1530 vino,
976 1448 1082 1531 agnis,
1100 1447 1141 1513 de
1158 1449 1225 1534 api·

96 1557 159 1621 bus
185 1556 413 1640 prevenientes
441 1575 506 1622 non
523 1554 668 1638 soluere;
696 1562 728 1620 et
749 1554 913 1620 residuum
928 1555 1039 1620 vinum
1065 1575 1129 1619 nen
1155 1577 1225 1641 por·

95 1673 180 1746 tare,
198 1683 261 1746 que
286 1663 445 1729 hactenus
470 1661 579 1728 lacere
596 1669 853 1746 consueuerunt;
880 1661 943 1729 duc
954 1663 1074 1747 jugera
1099 1662 1141 1728 de
1157 1683 1225 1726 ara-

96 1780 181 1856 tura,
207 1791 269 1855 que
286 1777 420 1836 vocatur
439 1771 525 1836 lruen
537 1769 592 1856 (l),
610 1777 643 1836 et
658 1769 748 1834 LXX
764 1789 877 1855 panes,
894 1789 975 1854 quos
1001 1770 1163 1835 (lebcbant
1182 1771 1227 1835 ad

96 1879 219 1945 festum
235 1879 346 1946 Sancti
364 1879 494 1944 llartini
521 1898 578 1964 per
594 1879 742 1962 singulos
774 1899 877 1944 annos
887 1931 895 1964 ,
921 1898 961 1943 ex
977 1879 1143 1944 voluntate
1159 1883 1226 1944 tam

97 1987 239 2054 Abbatis
250 2008 347 2072 quam
358 1995 390 2052 et
399 1987 632 2055 monachorum
644 1987 692 2053 eis
702 1987 907 2053 indulsimus.
923 1987 1100 2053 statuimus
1111 1987 1224 2070 eciam,

98 2095 187 2178 quod
204 2093 317 2160 Abbas
333 2115 411 2179 sepe
431 2101 608 2162 memorate
625 2095 771 2161 Ecclesia
788 2095 979 2161 descensum
996 2083 1095 2160 wsuum
1111 2094 1225 2160 ecdem

100 2203 207 2288 modo,
235 2204 317 2270 sicut
333 2205 446 2271 Abbas
462 2203 686 2288 Varadiensis‚
707 2205 759 2270 vel
775 2204 1012 2289 Simighiensis,
1040 2209 1097 2269 aut
1112 2203 1225 2268 Senar-

102 2311 228 2378 diensis
245 2317 395 2376 tenentur
410 2310 550 2395 exigere.
578 2311 620 2376 Vt
635 2317 744 2376 autem
760 2311 819 2377 hec
834 2311 943 2377 omnia
963 2311 1155 2376 auctoritate
1171 2307 1225 2375 do-

100 2418 178 2484 mini
195 2418 295 2502 Regis
312 2439 333 2483 a
350 2418 442 2484 nobis
469 2423 593 2484 statuta
608 2416 879 2502 irrefragabiliter
903 2417 1080 2504 perdurent
1103 2418 1136 2482 in
1156 2435 1225 2501 per-

98 2533 242 2612 petuum,
267 2532 451 2610 presentem
470 2525 628 2611 paginam
654 2546 753 2611 snper
768 2527 820 2594 his
837 2547 1027 2595 concessam
1052 2525 1153 2612 sigilli
1173 2545 1225 2591 nc-

99 2633 157 2700 stri
175 2631 351 2700 munimine
370 2631 521 2700 duximus
538 2633 759 2702 corroborare.

98 2830 237 2892 (Ercdetie
255 2827 429 2896 bd'rhdrtyan,
449 2833 561 2898 melyrlll
581 2829 695 2885 anddor
713 2831 819 2899 peesdte
841 2830 898 2883 mair
918 2833 1056 2902 elvssactt,
1075 2849 1091 2882 a
1105 2811 1235 2898 pannon-¹

98 2919 181 2970 halmi
192 2917 336 2986 illapr'utsdg
346 2918 539 2973 tevelttrtuan.
551 2924 587 2974 11.
599 2923 690 2974 lindre
704 2920 793 2989 kirdly
806 2920 873 2974 altal
889 2925 965 2972 1233.
980 2920 1224 2988 megeruslaetelt.)
