3164 5192
609 372 766 473 -Q

124 565 311 648 aquilonari
336 573 430 652 parte
446 568 585 633 ecclesie
610 574 680 634 tota
694 569 753 634 illa
769 575 856 635 terra
865 621 873 654 ‚
901 570 933 635 in
951 591 1016 654 qua
1031 573 1146 640 dividit
1163 595 1250 660 aqua

118 693 177 758 per
193 676 346 741 medinm.
373 676 486 760 Usque
503 676 546 740 ad
562 675 726 741 Stenizam
752 682 802 742 est
817 683 904 742 terra
926 679 1045 745 Sancte
1061 682 1182 767 Μανῆς
1207 702 1247 746 ex

117 779 271 848 orientali
296 789 390 868 parte
413 783 524 864 lacus,
551 782 605 864 qui
622 787 671 847 ost
693 802 797 868 prope
822 785 930 870 viam,
955 805 1017 869 que
1043 787 1134 852 vadit
1158 789 1248 875 apud

117 886 275 954 Sanctum
292 887 478 975 Georgium,
496 895 546 955 cst
562 896 652 954 terra
667 889 786 956 Sancte
799 892 912 957 Marie.
930 893 1035 960 Dictis
1052 903 1084 961 et
1100 914 1248 964 numera-

117 1000 161 1065 tis
176 999 363 1064 nominibus
377 1007 553 1082 terrarum,
570 998 735 1082 opportuit
750 999 849 1064 scribi
865 1001 999 1066 nomina
1015 1021 1121 1068 rerum
1138 1003 1247 1069 Eccle-

116 1107 177 1172 sie.
195 1109 234 1172 ln
250 1107 365 1193 primis
382 1112 543 1172 estunam
560 1105 693 1171 missale
710 1108 908 1192 continuum,
935 1130 1034 1175 unum
1050 1113 1245 1196 ymerium,

116 1221 149 1280 et
172 1215 344 1300 ymnarius
369 1213 489 1279 mixtus
505 1233 577 1278 cum
602 1213 780 1298 psalterio,
810 1235 875 1281 una
891 1217 1035 1301 cortina,
1061 1225 1092 1283 et
1118 1239 1246 1303 pannus

116 1341 218 1405 super
235 1323 341 1388 altare
358 1327 419 1388 etc.

362 1519 485 1584 (Farlati,
498 1521 636 1586 illyricum
648 1519 761 1570 Sacrum
773 1519 821 1570 1v.
836 1521 892 1572 lot.
910 1521 1014 1587 3321.)

642 2273 717 2340 lll.

114 2470 145 2532 A
155 2468 298 2555 Diepolcl
308 2471 445 2555 posnani
455 2470 582 2556 pupule
592 2472 623 2535 6³
638 2472 760 2536 Hearilc
769 2471 953 2556 soraubucli
962 2477 1040 2558 april
1049 2474 1133 2537 locati
1142 2497 1246 2560 epycu-

571 2579 672 2644 kedec.
699 2583 794 2644 1189.

226 2773 369 2860 Diepold
384 2774 520 2860 paueaui
544 2775 675 2861 pltspok
696 2775 828 2840 minden
840 2776 966 2860 jogait,
993 2777 1181 2862 melyekkel
1206 2801 1244 2846 an

114 2881 390 2964 Engersdorfban
402 2888 492 2948 nuent
501 2882 556 2948 Vit
565 2884 763 2950 tiuzteleterc
772 2883 952 2950 leluzentelt
961 2885 1157 2970 templomra
1172 2891 1243 2952 nez-

115 3009 157 3055 ve
175 2989 249 3072 biri,
278 2988 496 3056 alormbaohi
511 2991 745 3058 monostornalr
764 2990 928 3075 atengedi.
959 2993 1094 3076 „Actum
1110 2992 1247 3059 feliciter

116 3097 149 3161 in
167 3096 310 3162 Patavia
325 3117 410 3164 anno
427 3098 470 3162 ab
486 3097 714 3164 Incarnatione
729 3099 860 3165 Domini
876 3101 920 3164 Μο
932 3098 969 3162 0⁰
979 3099 1115 3164 LXXX⁰
1128 3097 1245 3182 VIIII⁰,

114 3203 300 3272 indictione
324 3225 412 3272 nona
427 3205 539 3272 idibus
554 3206 666 3290 Maji.“
694 3205 723 3268 A
739 3208 842 3272 tanuk
858 3207 934 3272 kent
958 3205 1132 3272 emllttetik
1151 3208 1245 3290 „Pcr-

115 3309 237 3377 noldus
254 3311 331 3376 Dux
350 3311 566 3378 Dalmntiae.“

113 3507 291 3582 (Hanswirth
303 3513 395 3572 Eruli,
414 3510 564 3562 Urlrundcn
577 3510 623 3561 dor
635 3511 920 3562 Benedilrtinor·Abtei
933 3525 1014 3562 unser
1026 3512 1134 3562 Frauon
1148 3525 1181 3561 zu
1195 3509 1246 3561 den

405 3601 533 3652 Schotteu
546 3603 574 3652 in
588 3599 677 3665 Wien,
691 3597 759 3652 Becs
775 3603 851 3652 1859.
868 3604 909 3651 14.
923 3599 952 3669 l.)

563 3887 817 3898 η--η-

160 4822 265 4868 neuun.
282 4825 364 4867 mu.
381 4823 450 4867 niun.
470 4841 507 4852 -
525 4821 596 4866 prun.
616 4817 647 4860 11.
