3238 5184
839 273 1002 377 „⁵2⁸-

357 477 461 540 metas
487 471 576 536 venit
590 469 634 536 ad
659 469 821 556 quendam
845 491 982 558 paruum
1008 471 1227 557 monticulum,
1252 478 1285 536 ct
1307 471 1340 536 in
1365 467 1483 536 eodem

356 579 531 649 monticulo
547 579 662 666 incipit
676 585 788 648 tenere
804 588 908 648 metas
930 601 1002 648 cum
1019 581 1099 646 villa
1115 582 1203 650 Luaz
1220 577 1377 663 (thonale,
1404 575 1482 642 inde

356 688 461 756 tendit
476 707 589 756 versus
606 688 800 773 aquilonem,
825 694 857 755 et
873 709 931 775 per
947 694 1050 755 metas
1077 689 1109 756 in
1127 695 1216 756 terra
1231 687 1351 756 arabili
1366 706 1482 773 perue-

358 799 406 866 nit
422 797 465 865 ad
481 796 645 882 quoddam
661 799 754 883 relat,
774 804 806 866 et
820 798 985 866 transiens
1001 817 1060 884 per
1077 796 1217 865 medium
1238 797 1329 864 telulr
1347 796 1481 862 descen-

356 905 403 973 dit
417 906 460 974 ad
476 905 571 972 finem
587 905 704 993 prefati
715 906 910 994 arundineti,
926 915 959 974 et
973 905 1136 974 transiens
1147 904 1372 974 arundinetum
1387 904 1481 970 venit

356 1035 414 1103 per
428 1021 533 1082 terras
557 1014 699 1081 arabiles
724 1013 767 1081 ad
782 1015 897 1102 locum,
923 1015 978 1081 vbi
1003 1021 1077 1082 sunt
1102 1013 1226 1084 fossata
1251 1013 1420 1096 limornm;
1445 1013 1481 1078 in

356 1123 450 1192 metis
465 1122 666 1208 interpositis
682 1142 741 1209 per
768 1129 872 1191 terras
897 1125 1038 1192 arabiles
1063 1123 1232 1192 descendit
1257 1122 1301 1189 ad
1324 1140 1481 1205 magnum

355 1231 601 1314 arundinetum
625 1229 700 1296 inde
716 1229 831 1317 incipit
845 1239 955 1298 tenere
972 1239 1075 1299 metas
1092 1251 1164 1299 eum
1180 1237 1268 1298 terra
1282 1230 1389 1314 Wata,
1414 1249 1481 1314 qne

355 1347 406 1406 cst
429 1336 583 1425 emptieia
612 1343 698 1404 terra
723 1339 867 1406 eiusdem
893 1339 1022 1408 Andree
1047 1339 1200 1426 Comitis3
1233 1337 1351 1405 exinde
1373 1335 1483 1403 tendit

354 1467 468 1516 uersus
485 1445 652 1534 orientem,
679 1451 712 1512 ct
728 1447 875 1532 peruenit
890 1449 933 1514 ad
948 1449 1084 1516 eandem
1103 1469 1257 1533 magnam
1272 1447 1370 1530 viam,
1390 1444 1482 1512 unde

355 1556 444 1643 prius
460 1555 644 1640 inceperat;
661 1559 692 1620 et
708 1553 755 1622 sie
770 1556 969 1622 terminatur.
991 1557 1034 1624 Vt
1049 1563 1156 1624 antem
1167 1557 1227 1623 heo
1242 1575 1264 1621 a
1278 1555 1373 1622 nobis
1388 1553 1481 1620 iacta

355 1663 491 1731 donacio
514 1669 582 1730 tam
605 1663 734 1748 nostris,
761 1683 858 1750 quam
875 1671 1055 1732 nostrorum
1082 1683 1304 1733 successorum
1326 1663 1478 1749 tempori-

354 1773 414 1839 bus
430 1773 525 1839 salua
549 1791 678 1858 semper
693 1779 727 1838 et
752 1773 946 1840 inconeussa
971 1781 1171 1861 permaneat,
1196 1777 1379 1862 presentem
1403 1791 1478 1838 con-

249 1880 259 1899 '
353 1881 510 1947 cessimus
535 1881 690 1966 paginam
715 1879 955 1965 priuilegiantis
987 1881 1087 1966 sigilli
1111 1883 1214 1950 nostri
1240 1881 1416 1948 munimine
1441 1879 1477 1944 in

353 1995 546 2076 perpetuum
571 1987 768 2054 roboratam.
794 1991 915 2056 Datum
940 2011 999 2077 per
1016 1989 1159 2077 (manus)
1176 1989 1307 2074 Vgnlini
1323 1985 1477 2055 Goleeeu-

353 2095 399 2164 sis
426 2093 672 2182 Arebiepiscopi
697 2101 730 2162 et
755 2097 830 2163 aule
856 2099 958 2184 Regio
983 2096 1177 2184 Cancellarij
1203 2117 1287 2165 anno
1304 2095 1477 2164 Dominioe

352 2203 594 2273 lncamacionis
619 2203 921 2274 M⁰OG⁰XXX⁰V⁰.
948 2207 1135 2275 Venerabili
1155 2205 1295 2275 Roberto
1319 2204 1475 2288 Strigcni·

352 2314 421 2380 ensi
446 2313 700 2401 Arcbiepiscopo
724 2315 894 2401 existente,
921 2317 1011 2386 Cleto
1028 2315 1187 2401 Agriensi,
1215 2311 1374 2397 Gregorio
1390 2315 1473 2381 Geu-

349 2421 460 2506 riensi,
486 2419 661 2500 Benedicto
676 2423 852 2508 Waeiensi,
879 2425 1109 2493 Bartholomeo
1133 2422 1377 2510 vesprimiensi,
1404 2422 1474 2489 Ste-

348 2530 459 2616 phano
476 2530 703 2618 Zagrabiensi‚
721 2531 950 2600 Bartholomeo
966 2531 1313 2618 Quinqucecclcsiensi,
1333 2531 1472 2614 Regnat-

349 2636 390 2705 do
408 2637 706 2724 Transsiluanensi,
732 2639 857 2708 Bulehu
874 2641 1101 2725 thnadiensi,
1126 2639 1304 2708 Benedicta
1319 2639 1470 2705 Waradi-

348 2745 419 2812 ensi
445 2745 619 2833 Episcopis
644 2745 811 2814 Ecclesiae
828 2748 890 2815 Dei
914 2749 1053 2816 feliciter
1068 2749 1333 2835 gubernantibus,
1349 2747 1470 2832 Dyoni-

347 2854 396 2920 sio
412 2853 478 2922 lilio
491 2853 641 2940 Dyonisii
658 2854 783 2922 Gemite
798 2855 960 2941 Palatino,
971 2859 1126 2924 Ladizlao
1139 2857 1215 2924 aule
1228 2863 1338 2923 nostre
1346 2853 1469 2922 (luriali

346 2959 472 3029 comite
497 2967 529 3028 et
554 2961 760 3046 Baaehiensi,
786 2963 876 3029 Luca
900 2965 1112 3050 Posoniensi,
1140 2963 1198 3032 Osl
1221 2963 1470 3050 Suppruniensi,

346 3069 491 3136 Rameno
517 3068 694 3153 Nitriensi,
720 3071 837 3155 Bagyn
861 3070 1078 3139 blussuniensi
1107 3071 1304 3156 Oomitibus3
1329 3071 1469 3138 Nieolao

345 3175 502 3262 Magistro
532 3177 788 3244 Teuarnicorum
799 3230 808 3263 ,
840 3177 1010 3265 Mychaele
1040 3179 1197 3266 Magistro
1228 3179 1470 3267 Dapiierorum,

343 3283 508 3370 Stephano
533 3285 691 3370 Magistro
718 3286 946 3354 Pincernarum
974 3295 1007 3354 et
1022 3287 1146 3356 Comite
1170 3287 1370 3374 Byeoriensi,
1399 3288 1471 3356 Ale-

343 3392 470 3460 xandro
487 3395 645 3478 Magistro
655 3395 904 3481 Agauenum,·et
918 3397 994 3482 alijs
1010 3417 1106 3482 qnam
1129 3399 1278 3484 pluribus
1290 3398 1470 3466 Comitatus

343 3501 540 3588 tenentibus,
557 3503 662 3588 Regni
678 3506 779 3573 nostri
795 3526 882 3572 auno
896 3505 1061 3575 tricesimo
1077 3507 1229 3578 secundo.

341 3697 376 3780 (Δ
389 3702 466 3766 gyb'rl
482 3698 668 3770 kdptalanualr
683 3706 795 3757 rtis-ki
815 3703 968 3769 atiratdbdl,
987 3709 1058 3774 moly
1071 3724 1089 3759 a
1106 3708 1190 3762 budai
1202 3709 1229 3760 lr.
1245 3709 1367 3760 kamarai
1386 3705 1468 3758 level-

772 3793 874 3850 tdrhan
886 3797 1031 3864 drictetilr.)

772 4085 1035 4102 —Qu—
