3218 5192
581 329 737 437 ffi-

88 520 182 590 Sedis
198 526 412 613 Apostolicae
428 530 546 596 curetis
571 531 706 598 honeste
722 531 885 618 recipere,
910 539 941 600 et
958 536 999 602 sd
1015 534 1220 605 vocationem

87 633 190 718 ipsius
201 635 368 702 humiliter
379 637 581 722 accedentes,
599 659 682 722 quae
692 659 751 725 pro
763 646 849 707 statu
860 642 1036 728 Ecclesiae,
1047 644 1100 710 vel
1113 643 1219 709 salute

87 739 232 807 fidelium
248 743 442 812 auctoritate
456 751 572 812 nostra
587 745 778 832 decreverit,
805 747 1003 836 suscipiatis,
1021 750 1217 833 firmiterque

87 848 237 914 servetis.
255 848 410 932 Alioquin
427 851 456 916 si
472 851 545 935 quis
561 853 753 920 inobediens
769 853 818 920 illi
834 854 986 941 extiterit,
1013 856 1220 940 sententium,

86 971 185 1035 quam
202 957 360 1024 canonice
376 957 462 1024 idem
478 960 626 1043 Legatus
642 961 823 1046 dictaverit,
849 983 909 1030 nos
926 969 1058 1030 auctore
1077 965 1217 1032 Domino

86 1069 192 1127 ratam
220 1063 413 1133 habebimus
424 1119 433 1152 ,
460 1087 519 1133 nec
535 1069 697 1153 patiemur
721 1071 854 1138 levitate
871 1071 1017 1156 qualibet
1040 1072 1216 1140 immutari.

11 1201 15 1206 ·
87 1170 210 1236 Datum
224 1171 403 1242 Tusculani
424 1176 478 1242 lv.
495 1175 610 1245 Nonas
627 1177 787 1248 Octobris.

324 1391 448 1456 (Fau-lati,
461 1393 602 1462 Illyricum
615 1395 727 1448 Sacrum
740 1397 792 1448 ΠΙ.
807 1396 862 1449 ket.
877 1397 938 1448 211.
951 1397 980 1462 l.)

525 1679 787 1691 Ἣ-

628 2182 683 2248 94.

87 2377 215 2466 Miha'ly
229 2378 402 2444 sarr-domi
411 2379 539 2464 pilspdlt
561 2380 593 2444 ds
609 2379 847 2446 btrdtdraoiaolt
862 2379 971 2464 ite'lcte,
996 2379 1218 2448 Bouiani-baa

89 2484 156 2550 leet
171 2485 335 2569 birtoltrdl,
350 2509 372 2550 a
387 2483 597 2554 Scardoadba
612 2485 810 2572 dttclepcdett
830 2485 975 2572 belprddi
993 2486 1218 2575 (teneor-feta.

380 2593 468 2680 adn)
485 2596 628 2682 apdoadk
644 2599 800 2662 szdmdro.
826 2597 924 2660 1181.

195 2790 235 2855 In
252 2791 383 2857 nomine
408 2790 533 2858 aeterni
546 2791 628 2875 Dei,
656 2811 741 2860 anuo
763 2793 1002 2859 Incamationis
1030 2794 1100 2878 ejus
1120 2795 1215 2861 1181.

87 2917 201 2964 mense
216 2898 346 2982 Martio,
363 2891 543 2965 indictione
559 2903 676 2982 quarta
692 2899 838 2983 decima,
856 2900 989 2984 Jadrae,
1013 2901 1215 2987 temporibus

88 3005 214 3071 domini
223 3005 384 3073 Thebaidi
394 3005 590 3073 venerabilis
600 3005 1028 3092 Jadrensishrchiepiscopi
1038 3007 1099 3074 hoe
1109 3015 1216 3075 actum

86 3117 145 3177 est.
173 3113 247 3196 Ego
273 3113 307 3178 in
323 3114 442 3181 Christi
459 3114 590 3182 nomine
614 3113 755 3180 Michael
771 3115 1005 3182 Scardonensis
1021 3115 1216 3202 Episcopus,

87 3219 306 3286 residentibus
323 3241 448 3288 mecum
465 3221 639 3306 magnifico
649 3221 775 3323 Marino
785 3223 963 3308 Ragusino,
973 3222 1215 3290 NicolaoSanc-

84 3328 109 3392 ti
124 3327 217 3394 Petri
233 3328 390 3412 Plebano,
408 3331 515 3396 Drase
534 3333 567 3394 et
582 3329 722 3395 Martino
739 3327 928 3415 Capellanis
945 3328 1045 3413 meis,
1065 3329 1214 3396 Reinerio

86 3433 431 3522 Quinquecelesicnsi,
458 3436 633 3520 magnifico
649 3436 836 3517 Laurentio,
860 3437 973 3520 Purce,
993 3435 1150 3504 Bratonia
1165 3455 1214 3502 sa-

85 3543 283 3629 cerdotibus,
295 3545 478 3613 Votchania
487 3544 508 3610 J
510 3545 612 3628 udice,
624 3543 762 3612 Nicolao
773 3545 909 3628 Molcac,
920 3542 1072 3616 Dimitrio
1086 3542 1214 3629 Selavo,

83 3652 182 3718 Petro
201 3649 332 3718 Sloradi
348 3651 510 3734 Consule,
534 3651 727 3718 Blaneulino
742 3702 750 3736 ,
768 3651 950 3718 Domachia
959 3701 968 3736 ,
992 3652 1140 3718 Streehia
1149 3703 1158 3737 ,
1184 3658 1216 3719 et

84 3756 217 3824 Gaudio
231 3759 441 3845 Mutagange,
452 3758 659 3844 Lampredio,
670 3757 794 3842 Vitaze,
812 3777 851 3824 ao
861 3757 977 3846 Botta5
995 3757 1083 3842 quod
1093 3760 1166 3844 jam
1181 3759 1215 3824 in

84 3886 158 3932 mea
182 3866 372 3952 praesentia
396 3871 504 3933 actum
520 3867 645 3952 luerat,
671 3865 822 3933 intimare
845 3866 976 3952 curavi3
1001 3867 1121 3952 quippe
1143 3887 1214 3933 eum

85 3995 150 4041 non
166 3973 275 4040 minus
292 3974 335 4042 sit
349 3980 521 4060 peecatum
535 3975 706 4048 veritatem
721 3980 838 4060 tacere,
855 3994 952 4059 quam
968 3973 1113 4060 proferre
1130 3995 1214 4040 men-

86 4082 229 4150 dacium.
255 4081 351 4149 Venit
367 4082 516 4168 equidem
531 4084 638 4150 Petriz
654 4082 740 4149 tilius
755 4083 924 4150 Michaelis
940 4083 1058 4165 Panee,
1084 4081 1215 4148 Sancto-

86 4210 157 4256 rum
174 4187 320 4255 Dimitrii
334 4189 489 4274 Martyris
506 4195 537 4255 et
553 4191 697 4257 Thomae
713 4189 862 4278 Apostoli
879 4187 1066 4255 advocatus
1082 4205 1214 4272 respon-

87 4298 166 4365 dere
183 4319 243 4383 pro
270 4297 394 4364 eisdem
409 4298 567 4365 Ecclesiis
584 4299 624 4365 de
640 4299 834 4382 quibusdam
849 4297 965 4380 terris,
992 4315 1075 4380 quse
1091 4295 1214 4362 suntin

88 4407 172 4490 loeo,
190 4403 248 4488 qui
264 4404 382 4472 dieitur
392 4405 565 4490 Bubniani,
583 4425 665 4491 quas
681 4407 895 4474 moliebantur
911 4403 1067 4469 invadere
1083 4405 1215 4469 Sarace-

88 4531 150 4578 nus
174 4511 263 4578 filius
279 4511 430 4578 Bessiani
456 4519 489 4580 et
507 4513 686 4598 Brueonia;
714 4511 855 4600 praefati
877 4531 955 4578 vero
977 4509 1159 4576 Saracenas
1185 4515 1217 4576 et

88 4620 254 4688 Bruconia
269 4619 304 4686 in
326 4627 440 4690 nostra
453 4622 643 4708 praesentia
658 4622 757 4706 positi
773 4627 848 4706 post
867 4619 933 4686 litis
950 4617 1217 4686 contestationem

133 4755 238 4796 nesus.
255 4753 338 4796 susc.
354 4755 423 4798 nisu.
442 4767 479 4781 -
498 4757 570 4798 nnn.
589 4747 621 4790 11.
1017 4736 1054 4800 10
