3200 5182
874 361 1028 464 „nom-

389 557 560 625 Benedioto
586 557 652 625 lilio
669 557 791 624 Samud
809 557 975 645 Nitriensi,
999 558 1149 627 Johanne
1164 557 1310 644 Albensi,
1335 558 1427 626 Batia
1442 561 1505 627 liu·

389 667 542 752 cuniensi,
569 668 750 754 Smaragdo
767 667 958 736 Posoniensi
982 675 1014 734 et
1029 668 1144 736 ceteris
1169 667 1351 736 Comitatus
1374 669 1507 738 tenenti-

390 777 460 860 bus,
486 777 588 860 Regni
606 775 706 844 nostri
723 797 807 842 anno
823 775 1051 844 sextodecimo.

392 975 440 1036 (Aa
454 977 553 1027 eredetl
566 972 631 1027 utin
645 977 756 1040 lineus,
778 975 893 1042 Magyar
904 975 969 1028 Sion
982 975 1019 1026 11.
1033 975 1088 1026 ket.
1103 977 1163 1026 206.
1177 971 1300 1027 Hibdsan
1314 975 1415 1028 lriadra
1432 975 1509 1042 Fajir

667 1065 1222 1134 mmmmmmmm

814 1371 1080 1384 ffi-

906 1819 984 1891 248.

390 2005 436 2070 ΙΙ.
452 2003 561 2070 Endre
576 2003 682 2091 tirou
699 2005 831 2090 acopo
837 2004 903 2089 ficit
918 2004 1053 2071 Haciut
1071 2003 1208 2072 Saedelad
1217 2003 1356 2091 fdldoek
1371 2003 1507 2073 birtcld·

761 2111 820 2178 buu
836 2115 1018 2201 maperdsile'.
1039 2115 1135 2179 1219.

497 2307 643 2375 Andreas
659 2309 719 2374 Dei
746 2309 859 2394 gracia
873 2309 1047 2396 Hungerie,
1071 2309 1249 2395 Dalmacie,
1275 2309 1425 2395 Groacie,
1449 2311 1503 2376 Ra-

394 2435 455 2501 me,
472 2416 596 2502 Seruie,
606 2415 742 2502 Galieie,
760 2417 1015 2503 Lodomerieque
1024 2421 1104 2504 Rex,
1122 2419 1269 2486 omnibus
1285 2420 1329 2487 ad
1344 2439 1427 2504 quos
1444 2438 1505 2507 pre-

394 2541 469 2590 sens
495 2523 649 2610 scriptum
665 2526 865 2610 peruenerit,
891 2525 1077 2594 salutemet
1095 2547 1187 2594 omne
1205 2527 1334 2596 bonum.
1360 2526 1445 2594 Cum
1459 2547 1501 2608 ea,

393 2651 456 2714 qne
470 2631 606 2715 Regalis
632 2632 774 2720 disponit
789 2633 985 2718 auotoritas,
1011 2633 1105 2701 salua
1128 2654 1253 2722 semper
1269 2641 1301 2702 et
1315 2635 1503 2702 inconeussa

392 2755 582 2824 permanere
608 2738 766 2826 debeant;
793 2740 1016 2806 modernorum
1040 2747 1137 2824 atque
1162 2747 1365 2828 posterorum
1390 2743 1503 2810 notieie

391 2845 570 2912 clarescere
584 2846 744 2934 uolumus,
770 2847 948 2932 quoddam
964 2845 1096 2932 qnidam
1120 2868 1159 2914 ex
1171 2848 1405 2933 jobagionibns
1420 2847 1502 2916 Hunt

392 2961 424 3019 et
439 2952 615 3040 Blondneh,
632 2953 818 3041 Heruynum
834 2955 934 3022 lilium
949 2953 1115 3040 Rudgueri
1131 2955 1275 3040 Comitis,
1295 2955 1412 3022 eodem
1430 2974 1504 3021 mor·

391 3069 455 3148 tuo,
483 3081 592 3128 coram
617 3063 710 3131 nobis
736 3069 946 3149 accusarent,
973 3071 1007 3129 nt
1022 3063 1181 3152 amplius,
1207 3083 1304 3148 quam
1329 3063 1373 3129 ad
1393 3061 1504 3147 uiginti

393 3177 504 3238 aratra
520 3170 561 3238 de
586 3176 673 3237 terra
688 3171 863 3258 Zuyhplip,
889 3170 1033 3258 expulsis
1049 3172 1287 3257 aconensibus,
1314 3177 1503 3238 memoratus

394 3281 430 3346 R.
441 3280 601 3348 uiolenter
615 3288 818 3368 occupassem
835 3280 1007 3348 iamdictus
1017 3279 1056 3347 H.
1073 3281 1273 3349 nominatam
1290 3289 1411 3348 terram
1421 3284 1503 3348 certo

395 3388 488 3454 titulo
504 3387 691 3455 donacionis
715 3388 824 3456 fratris
839 3389 941 3456 nostri
956 3389 1139 3475 Heymerioi
1154 3387 1252 3476 Regis
1271 3389 1376 3456 felicis
1392 3409 1504 3456 memo·

394 3495 439 3560 rie
456 3496 520 3560 iam
544 3495 641 3579 longo
667 3502 811 3582 tempore
835 3494 1040 3582 possedisse,
1067 3515 1191 3564 necnon
1215 3496 1299 3564 iuste
1320 3498 1504 3584 possidere,

392 3621 451 3666 nec
467 3601 562 3686 ultra,
589 3621 686 3688 quam
701 3602 745 3669 ad
760 3603 878 3686 uiginti
895 3611 1005 3669 aratra
1019 3611 1132 3672 eontra
1152 3611 1346 3674 memoratos
1363 3606 1505 3674 homines

396 3707 570 3793 allegabat.
596 3709 664 3776 Noe
688 3709 785 3796 igitur
799 3711 895 3778 huius
921 3712 967 3778 rei
992 3713 1137 3781 uolentes
1161 3713 1303 3798 experiri
1327 3715 1503 3794 ueritatem,

392 3815 583 3884 transmisso
609 3814 749 3903 quodam
765 3839 806 3885 ex
830 3817 950 3886 nostris
966 3818 1135 3906 fidelibus,
1152 3817 1276 3888 Comite
1296 3819 1385 3886 Ohac
1402 3821 1505 3903 dege

392 3943 467 3990 nere
483 3924 580 4010 Chao,
606 3945 716 3994 uerum
733 3947 805 3994 esse
820 3928 1040 4014 eognovimus,
1065 3928 1152 4013 quod
1171 3927 1356 4014 sepedictus
1371 3928 1504 4008 iuvenis,

394 4030 435 4098 Η.
452 4033 613 4122 uidelicet,
630 4035 810 4102 asserebat.
827 4035 930 4104 Huius
946 4045 1054 4105 autem
1070 4045 1154 4104 terre
1170 4041 1254 4102 mete
1269 4034 1316 4102 sio
1332 4034 1505 4121 distingun-

394 4149 464 4206 tur:
480 4140 590 4208 Prima
605 4149 693 4210 meta
707 4143 823 4232 incipit
839 4165 858 4212 a
875 4153 991 4230 monte,
1019 4144 1074 4229 qui
1091 4151 1224 4213 uocatur
1239 4145 1408 4230 Zeregna5
1436 4142 1505 4208 lrinc

392 4245 495 4314 tendit
511 4249 554 4315 ad
570 4249 721 4336 paludem
736 4250 865 4337 hubas,
889 4257 921 4318 et
936 4272 994 4338 per
1010 4251 1148 4319 eandem
1164 4251 1402 4335 descendendo,
1420 4247 1505 4316 uenit

393 4353 437 4422 ad
452 4357 615 4442 paludem,
632 4373 693 4438 que
709 4359 806 4442 uulgo
821 4355 938 4423 dicitur
953 4359 1064 4443 Meges
1080 4358 1222 4442 Potach;
1246 4366 1280 4425 et
1294 4378 1353 4444 per
1369 4357 1502 4424 eandem

392 4463 481 4529 uenit
496 4484 598 4550 usque
614 4463 657 4530 ad
667 4471 770 4532 ortum
786 4464 890 4554 ipsius
900 4464 1030 4554 paludis
1046 4465 1079 4533 in
1095 4465 1236 4534 medium
1247 4486 1417 4554 campum;
1433 4467 1502 4532 hino

395 4572 500 4638 tendit
515 4575 558 4639 ad
574 4573 708 4658 Lagku;
726 4573 801 4642 inde
817 4575 861 4642 ad
876 4585 1034 4661 montem,
1060 4577 1116 4660 qui
1133 4577 1231 4662 uulgo
1251 4575 1369 4643 dieitur
1389 4575 1501 4641 Zeoleo

390 4679 454 4745 mol
462 4704 476 4766 ,·
498 4679 572 4745 hine
589 4681 784 4748 transeundo
800 4703 858 4768 per
873 4683 1053 4770 crepidines
1074 4686 1243 4772 monoium,
1265 4683 1348 4749 redit
1364 4681 1407 4748 ad
1423 4679 1499 4766 prio·
