3200 5182
866 313 1023 412 EO.-

381 509 430 576 eio
456 509 500 577 ad
515 511 648 599 plagam
673 509 912 594 septemtrionis
939 509 1066 592 transit,
1092 507 1133 574 de
1156 527 1220 591 qua
1246 507 1368 575 direete
1397 527 1501 576 uersus

380 621 516 687 eandem
527 623 661 706 plagam
676 619 856 704 ingreditur
871 620 904 685 in
917 619 1035 687 uallem
1059 638 1273 702 nemorosam,
1284 626 1317 685 et
1332 617 1501 703 persinnm

379 728 523 798 eiusdem
540 729 637 796 uallis
653 728 826 795 deseendit
842 749 901 814 per
917 735 1059 794 meatum
1076 747 1159 812 aque
1177 727 1329 812 pluuialis
1347 726 1380 792 in
1398 726 1503 791 Wert

379 836 619 922 niohapothok5
638 836 753 902 iterum
764 835 944 921 ingreditur
961 835 993 900 in
1004 834 1137 901 tinuium
1147 833 1306 919 'Popiieha
1315 835 1502 919 predictum,

379 949 411 1010 et
423 962 482 1029 per
497 943 603 1030 ipsum
619 944 753 1011 fluuium
779 943 865 1012 inira
880 943 1107 1011 descendendo
1133 945 1281 1029 peruenit
1299 941 1342 1008 ad
1365 941 1503 1028 priorem

379 1057 508 1133 metam,
533 1051 642 1135 ibique
656 1051 858 1118 terminatur.
884 1051 977 1118 Dixit
999 1051 1105 1117 eniam
1130 1049 1216 1117 idem
1231 1048 1348 1146 Comes
1363 1049 1504 1127 Zoehnd,

376 1156 463 1241 quod
479 1157 607 1242 Woyna
631 1159 717 1228 tilius
735 1160 874 1245 Woyna,
891 1159 1059 1228 Johannes
1075 1159 1161 1225 filius
1177 1157 1312 1240 Fabiam,
1336 1156 1460 1222 Zazlau
1475 1164 1504 1222 et

377 1264 471 1331 Muri
495 1265 552 1351 filij
580 1266 690 1350 sza,
718 1267 775 1352 filij
801 1265 936 1333 Comitis
961 1266 1025 1334 Job
1051 1266 1092 1333 de
1118 1265 1266 1352 prodieta
1291 1266 1503 1348 generacione

378 1373 507 1458 Woyk3
533 1373 696 1440 Amoldns
713 1373 798 1440 filins
814 1372 943 1457 Petertl,
970 1373 1102 1440 Leuius
1118 1372 1204 1439 filius
1220 1372 1369 1438 Desehen
1395 1373 1438 1438 de
1453 1394 1503 1457 ge-

378 1503 456 1550 nere
467 1482 602 1550 Comitis
619 1480 708 1547 Petri
725 1479 894 1565 sepetaeti,
912 1500 983 1547 oum
1000 1481 1167 1566 Stephano
1183 1480 1313 1546 etlwan
1329 1479 1502 1564 degenere

378 1589 572 1676 rPholonygh
588 1608 686 1674 snper
711 1585 795 1652 faeie
812 1588 878 1654 iam
894 1587 979 1654 diote
996 1587 1074 1654 ville
1089 1587 1277 1654 Kerezthwr
1297 1586 1501 1672 presenciali-

381 1707 429 1765 ter
444 1703 679 1784 oomparentes,
697 1694 1013 1782 huiooomposioioni
1024 1713 1064 1760 ue
1079 1701 1237 1760 metarum
1249 1692 1500 1760 reambulaoioni

377 1808 593 1876 fauorabilem
617 1823 810 1874 eonsensum
827 1805 1033 1891 prebuerunt.
1061 1803 1111 1870 Ne
1127 1807 1235 1870 autem
1251 1801 1311 1868 heo
1326 1821 1434 1868 eoram
1450 1823 1499 1868 no

374 1918 426 1984 bis
443 1922 518 1982 sota
530 1914 595 1982 vlio
612 1934 751 2000 nmquam
768 1919 915 1998 tempore
931 1933 990 1999 per
1007 1911 1187 1996 aliquorum
1202 1910 1420 1994 calumpniam
1430 1931 1499 1996 poe-

375 2025 417 2092 sit
442 2023 623 2108 retraetari,
651 2022 693 2090 ad
709 2021 902 2090 instanciam
928 2027 961 2088 et
988 2020 1183 2108 peticionem
1208 2018 1311 2106 partis
1336 2019 1497 2104 utriusque

374 2138 557 2219 presentem
573 2132 730 2218 paginam
746 2131 847 2215 sigilli
858 2130 960 2198 nostri
976 2129 1153 2195 munimine
1172 2127 1400 2194 communitam
1415 2127 1497 2193 dedi-

374 2259 444 2306 mus
470 2239 676 2324 generneioni
693 2238 801 2323 Woyk
826 2237 984 2325 sepefato.
1012 2239 1133 2306 Datum
1158 2256 1216 2322 per
1241 2256 1357 2302 manus
1381 2233 1496 2301 Mathis

374 2347 476 2414 nostri
493 2347 621 2430 Notarij
638 2367 722 2414 anno
740 2347 911 2414 Dominiee
926 2345 1171 2414 Inearnaoionis
1196 2344 1368 2411 millesimo
1387 2343 1494 2409 dueen-

373 2455 487 2520 tesimo
516 2452 672 2536 vigesimo
698 2461 830 2539 oetano,
856 2454 992 2522 Andrea
1018 2451 1283 2522 vietoriosissimo
1310 2455 1398 2536 Rege
1422 2450 1494 2518 Belo

373 2560 463 2645 teroij
481 2559 547 2626 tilio
563 2565 730 2644 regnante.

373 2757 419 2824 (11.
433 2759 523 2810 Endre
535 2755 680 2826 kiriiynsk
695 2775 854 2825 ugyarnanon
870 2762 981 2812 ruse-ki
1002 2759 1162 2826 megero'sitii
1176 2755 1416 2827 privilegiumibol,
1441 2758 1492 2808 ien-

372 2850 435 2900 tebb
450 2851 511 2902 287.
529 2866 564 2900 sn.
579 2865 603 2899 a
623 2850 653 2900 V.
668 2847 952 2914 elr'ejercroatiaet
971 2850 1100 2902 Slavonis
1125 2851 1201 2901 Bndn
1217 2852 1294 2900 18³9.
1309 2853 1330 2901 t.
1346 2865 1366 2898 r.
1397 2845 1492 2907 teet.)

789 3139 1056 3151 m

899 3591 975 3656 292.

370 3765 417 3830 Ae
434 3771 616 3854 eszteryumi
632 3769 790 3856 inoptatae
809 3770 1078 3857 bizooysciplenele,
1102 3771 1180 3855 kopp
1197 3796 1218 3830 u
1234 3769 1320 3832 bur-si
1337 3775 1377 3832 oo
1388 3768 1489 3855 jobba'·

369 3876 448 3962 pyolc
471 3875 593 3940 Buioka
618 3881 650 3942 e'o
665 3879 746 3944 Be'lu
772 3879 952 3943 birtoknkut
976 3878 1179 3942 Letimockins·
1203 3877 1369 3955 eonruesuek,
1395 3875 1488 3941 Borcri

737 3986 854 4068 finiculo
869 3986 1006 4051 eludtcik.
1026 3987 1121 4049 1228.

739 4147 1124 4212 ABCD

475 4307 620 4372 Thomas
635 4306 823 4392 Prepositns
841 4307 1087 4392 strigoniensis,
1113 4315 1145 4374 et
1161 4304 1306 4373 eiusdem
1323 4309 1388 4374 loei
1404 4305 1491 4393 Capi·

368 4415 481 4497 tulum,
501 4413 662 4497 omnibus,
680 4412 723 4478 ad
739 4433 821 4497 quos
838 4413 944 4481 littere
960 4425 1128 4501 presentes
1142 4414 1361 4500 pervenerint,
1376 4413 1491 4483 oraoio-

368 4541 426 4585 nes
444 4521 477 4586 in
493 4521 644 4588 Domino.
670 4521 881 4588 Vniuersitati
899 4529 1004 4589 uestro
1021 4523 1253 4607 significamus,
1279 4523 1368 4606 quod
1382 4521 1490 4588 eonsti-

367 4625 445 4693 tntis
461 4625 495 4694 in
512 4631 684 4714 presencie
701 4631 1020 4699 nostraLeusteehio
1031 4629 1156 4700 Gemite
1173 4629 1239 4696 tilio
1250 4631 1355 4697 Boreh
1375 4633 1417 4696 ab
1435 4651 1492 4696 uns
