3218 5192
835 353 995 456 „aar”

351 565 510 642 nuemnt,
537 555 625 642 quod
640 553 850 640 Apostolicus
866 551 944 619 fecit
959 553 989 618 ei
1006 548 1222 638 privilegium,
1248 546 1335 634 qnod
1352 546 1395 612 de
1411 563 1482 610 cae-

351 677 422 736 tero
446 683 506 733 neo
531 666 572 732 de
595 664 742 746 decima,
772 682 832 729 neo
850 661 892 728 de
908 662 994 729 clero
1011 661 1101 726 illius
1126 659 1267 725 civitatis
1282 663 1483 744 potestatem

352 778 559 845 haberemus.
584 775 681 842 Unde
697 772 915 860 deprecando,
942 771 1025 838 siout
1044 771 1185 837 discreto
1201 789 1240 835 ac
1254 767 1411 853 religioso
1428 765 1484 830 tlo-

353 886 452 969 mino,
468 901 622 970 rogamus
638 881 732 948 vobis
750 899 861 959 amore
877 880 960 963 Dei,
988 887 1020 945 et
1036 885 1147 946 nostro
1163 897 1277 963 parvo,
1296 883 1330 942 et
1344 875 1484 940 fratrum

355 1002 537 1060 nostrorum
553 991 696 1073 servitio,
712 989 797 1056 utin
813 989 988 1056 constituto
1004 995 1150 1076 tempore
1162 986 1319 1052 auxilium
1338 991 1485 1050 vestrum

354 1101 448 1168 nobis
464 1099 661 1185 praebeatis.
679 1099 721 1163 Et
737 1097 876 1164 altemm
893 1097 1096 1163 notificamus
1110 1097 1215 1179 vobis,
1233 1093 1321 1177 quod
1338 1093 1485 1175 Legatus

355 1209 480 1274 domini
495 1209 608 1293 Papae
623 1207 713 1271 mala
736 1205 904 1271 voluntate
929 1205 1066 1271 recessit
1084 1225 1106 1270 a
1120 1202 1273 1270 Jadrensi
1297 1197 1485 1283 Arobiepis-

356 1337 456 1401 copo3
483 1313 770 1400 et=appellavimus
788 1313 831 1377 ad
845 1315 1026 1378 Romanam
1047 1313 1177 1379 Curiam
1193 1331 1252 1397 pro
1268 1311 1398 1378 Joanne
1417 1307 1484 1372 tillo

356 1420 534 1500 Bemardi,
567 1419 621 1503 qui
645 1417 721 1485 iecit
747 1418 1019 1486 Archidiaoonum
1046 1437 1119 1485 esse
1147 1419 1347 1486 voluntatem
1378 1433 1484 1496 suam,

358 1537 391 1596 et
405 1530 505 1598 totius
522 1527 608 1594 Cleri
625 1547 704 1594 suae
724 1528 876 1595 civitatis.
895 1529 1024 1614 Sciatis,
1041 1510 1127 1612 ouod
1143 1527 1298 1612 Magister
1313 1525 1349 1590 F.
1366 1523 1437 1606 ivit,
1455 1528 1489 1587 et

358 1639 396 1703 R.
414 1637 484 1703 vult
499 1635 547 1701 ire
569 1634 810 1702 Lombardiam.

718 1815 870 1884 (Ugyauott
884 1819 935 1869 111.
949 1819 1006 1870 ket.
1021 1817 1080 1868 lca.
1096 1812 1126 1884 l.)

899 2547 955 2615 85.

365 2745 499 2833 Herpelp
515 2747 659 2814 aatibam'
667 2747 763 2832 eraclo,
779 2771 801 2812 a
816 2749 957 2833 spolatoi
972 2747 1088 2833 coplae
1098 2718 1238 2834 primosi
1249 2745 1435 2834 fb'ablrse'qet
1452 2745 1495 2811 el·

808 2856 926 2920 temeri.
950 2857 1048 2920 1178.

473 3051 660 3117 Venerabili
685 3053 772 3138 patri
796 3071 873 3134 suo,
903 3057 935 3115 ct
960 3051 1090 3120 domino
1107 3049 1279 3140 R(ainero)
1298 3053 1361 3118 Dei
1386 3054 1499 3136 gratia

365 3159 505 3225 Sanctae
520 3160 731 3226 Salonitanae
748 3159 916 3224 Ecclesiae
934 3158 1199 3244 Arobiepisoopo,
1215 3159 1426 3244 Apostolicae
1439 3163 1499 3227 Se·

367 3267 419 3334 dis
434 3267 558 3351 Legato
576 3269 615 3334 G.
632 3267 862 3333 Antibarcnsis
889 3267 1038 3333 minister
1060 3267 1136 3334 licet
1153 3267 1332 3335 immeritus
1355 3271 1500 3336 salutem

370 3395 442 3440 cum
461 3376 654 3441 reverentia.
680 3377 730 3442 Ex
759 3376 903 3460 antiquis
927 3375 1094 3463 rescriptis
1119 3383 1151 3441 et
1174 3377 1391 3442 monumentis
1407 3383 1500 3443 ante·

367 3501 531 3547 cessurum
549 3501 703 3566 meorum,
728 3489 761 3548 et
778 3483 916 3548 diversis
933 3483 1007 3548 aliis
1024 3483 1218 3568 conjecturis
1237 3483 1408 3548 veritatem
1424 3503 1500 3568 per-

369 3587 526 3674 pendens,
553 3588 641 3672 quod
657 3588 851 3656 salonitana
867 3589 1016 3656 Ecclesia
1032 3591 1130 3657 totius
1147 3589 1334 3655 Dalmatiae
1351 3589 1499 3656 domina-

369 3702 437 3759 tum
453 3701 486 3760 et
497 3695 671 3779 primatum
680 3698 844 3780 quondam
857 3697 1014 3782 obtinuit;
1032 3697 1159 3780 etquod
1170 3696 1501 3764 Diocletianancle-

370 3801 420 3867 sla
429 3851 438 3884 ,
465 3801 558 3886 cujus
575 3801 680 3868 vicem
695 3803 925 3871 antibarensis
941 3803 1092 3870 Ecclesia
1115 3805 1148 3870 in
1165 3814 1305 3871 sarecto
1330 3803 1502 3871 transtulit

369 3909 526 3993 consilio,
552 3911 583 3975 in
601 3911 774 3996 Metropoli
799 3911 988 3997 praedictae
1003 3911 1216 3978 salonitanae
1236 3909 1408 3976 Ecclesiae
1424 3931 1501 3976 oon·

369 4035 467 4084 sensu
487 4035 523 4083 se
541 4017 706 4084 ordinavit
715 4069 724 4102 ,
751 4019 935 4085 reverentia
951 4037 1030 4083 suae
1045 4018 1172 4084 matrici
1188 4023 1339 4102 servata;
1367 4018 1449 4084 satis
1466 4025 1502 4084 et

370 4125 452 4190 satis
469 4143 592 4190 mecum
603 4132 770 4209 reputans,
788 4133 855 4190 tam
872 4125 1102 4207 gravissimum
1112 4143 1282 4191 excessum
1298 4123 1408 4210 potius
1425 4143 1502 4191 cum

369 4233 492 4300 bonore
516 4233 758 4316 sepeliendum,
790 4253 887 4316 quam
921 4229 1007 4316 quod
1033 4235 1068 4296 ut
1092 4231 1135 4296 ad
1166 4233 1436 4316 consequentiam
1467 4241 1503 4299 ct

370 4340 554 4425 exemplum
570 4341 771 4423 traheretur,
799 4347 835 4404 ut
849 4339 909 4405 illa
929 4339 1050 4404 nobilis
1066 4338 1233 4423 Ecclesia,
1259 4345 1327 4406 tam
1343 4339 1502 4406 nitidissi-

372 4449 435 4515 mis
451 4449 666 4515 monumentis
692 4447 847 4515 deoorata
856 4497 865 4531 ,
895 4447 1017 4513 diutius
1033 4447 1066 4512 in
1084 4451 1210 4512 tantum
1235 4465 1296 4512 sua
1314 4449 1505 4533 privaretur

372 4554 554 4622 nobilitate.
580 4553 664 4620 Hinc
680 4555 767 4620 enim
782 4573 911 4638 quoque
926 4555 1074 4622 curiosus
1094 4553 1176 4620 satis
1192 4555 1368 4638 permansi,
1387 4555 1502 4622 volens

373 4661 517 4729 debitam
542 4661 692 4752 decenter
715 4660 931 4730 reverentiam
951 4661 1112 4729 Dominae
1135 4679 1229 4730 meae
1252 4661 1387 4731 firmiter
1412 4663 1502 4733 exhi-
