3202 5190
851 874 928 944 aul.

321 1061 363 1128 II.
387 1061 491 1127 Eudre
516 1058 688 1144 kirdtynak
706 1055 794 1141 Otos
814 1059 894 1121 acnr'a'
917 1055 1069 1144 bclysdpct
1098 1058 1252 1142 empyreo
1276 1055 1452 1140 odontdrry-

481 1167 572 1230 leoeic
588 1166 687 1232 Potio
705 1165 845 1250 moaoapi
854 1163 989 1250 fliirprirr
1008 1167 1163 1228 ieamer-a.
1188 1167 1283 1232 1208.

430 1362 610 1428 innomine
633 1363 751 1428 Sancte
766 1358 936 1425 Trinitatis
962 1367 994 1424 et
1011 1355 1180 1424 individue
1205 1359 1358 1425 Unitutis.
1383 1361 1450 1426 An-

322 1471 419 1538 dreas
436 1471 496 1536 Dei
521 1469 630 1554 grutic
646 1467 807 1550 Vngarie‚
827 1466 999 1549 Dalmatio,
1016 1465 1165 1548 Oroatis,
1186 1469 1306 1548 Reme,
1324 1467 1450 1550 Seruie,

324 1579 482 1649 (tellicio,
501 1577 756 1658 bodomerieque
773 1579 840 1642 itex
858 1576 890 1640 in
908 1579 1108 1660 perpetuum.
1133 1573 1213 1639 Cum
1232 1575 1332 1656 Regio
1348 1575 1452 1640 Celsi-

324 1685 445 1753 tudinis
462 1685 680 1750 munificentia
697 1683 794 1748 nullis
811 1682 956 1748 terminis
973 1687 1173 1762 coarctetur,
1198 1681 1256 1746 sed
1276 1681 1400 1766 optima
1416 1683 1453 1748 in

324 1794 474 1878 Principe
490 1791 633 1860 donandi
650 1812 803 1858 mensura
819 1791 1011 1858 immensitas
1027 1789 1204 1874 iudicetur;
1229 1791 1389 1875 precipua
1403 1797 1454 1856 ta·

325 1921 397 1968 men
413 1907 461 1966 est
477 1919 555 1983 erge
582 1900 797 1965 benemeritos
814 1898 1061 1984 circumspectio
1087 1897 1294 1979 adhibenda,
1319 1901 1454 1982 nequis

325 2010 413 2096 apud
429 2009 521 2075 illum
537 2007 588 2073 sui
604 2007 726 2074 laboris
743 2007 867 2091 premio
884 2005 1104 2088 defraudetur,
1121 2006 1177 2089 qui
1193 2024 1251 2071 sue
1274 2005 1454 2072 liberalita-

325 2117 367 2184 tis
392 2115 549 2183 beneficia
572 2115 670 2180 etiam
697 2115 740 2180 ad
766 2121 938 2181 extrancos
965 2133 1067 2198 usque
1095 2113 1267 2198 protendit.
1295 2113 1375 2180 Inde
1390 2121 1454 2197 cst,

325 2225 412 2308 quod
427 2223 513 2290 fideli
539 2229 649 2290 nostro
666 2221 803 2289 Potboni
820 2223 937 2290 Oomiti
953 2221 1154 2288 Musunienei
1178 2227 1309 2306 propter
1327 2221 1452 2287 eximia

325 2353 383 2399 sue
399 2329 565 2396 fidelitatis
591 2331 706 2395 merite
722 2336 755 2394 et
774 2329 936 2396 indefesse
962 2329 1133 2414 probitatis
1149 2328 1376 2410 constantiam,
1394 2329 1455 2393 nil-

326 2441 391 2504 lum
417 2437 580 2520 quandam
608 2437 736 2503 nomine
763 2435 849 2504 Chos
872 2437 904 2501 in
929 2435 1091 2502 Comitetu
1118 2435 1317 2502 Musuniensi
1343 2437 1455 2514 sitnm,

326 2553 414 2613 terre
430 2545 533 2631 ipsius
549 2545 626 2611 uitle
642 2546 738 2612 certis
755 2566 796 2611 ex
812 2545 898 2611 omni
914 2553 1008 2630 perte
1025 2545 1118 2610 ruetis
1139 2543 1312 2628 distincta,
1340 2545 1456 2610 adiun-

207 2681 211 2688 ·
328 2653 388 2719 ctis
404 2653 503 2718 ctiam
529 2651 633 2718 eidem
649 2659 735 2717 terre
750 2652 903 2718 trecentis
921 2652 1087 2737 iugeribus
1107 2661 1191 2718 terre
1206 2650 1313 2718 Castri
1334 2652 1454 2737 Suprn-

327 2761 459 2846 niensis,
477 2779 549 2825 cnm
566 2759 690 2843 aliquot
705 2760 809 2826 uineis
826 2760 886 2825 sub
903 2759 1025 2826 eisdem
1043 2759 1137 2824 metis
1154 2759 1322 2842 inclusum,
1339 2759 1405 2826 sibi
1421 2767 1455 2825 et

327 2887 386 2953 per
411 2887 484 2932 eum
510 2866 578 2932 suis
595 2865 768 2932 heredibus
793 2867 863 2932 iure
883 2873 1041 2952 perpetuo
1067 2866 1260 2932 contulimus
1286 2867 1456 2952 possiden-

328 2976 423 3054 dam,
450 2979 483 3039 et
499 2993 572 3040 eum
588 2993 646 3058 per
672 2972 867 3059 pristaldum
891 2981 1037 3042 nostrum
1053 2973 1262 3040 'I'beodornm
1277 2973 1318 3039 de
1334 2993 1457 3058 genere

328 3085 429 3168 Opus,
445 3087 595 3166 presente
609 3081 708 3146 etiam
719 3081 877 3165 Gregorio
894 3081 960 3148 tilio
977 3082 1081 3166 ipsius
1093 3080 1266 3164 Theodori,
1284 3081 1316 3146 in
1328 3101 1458 3164 pusses-

329 3191 452 3256 sionem
479 3188 622 3254 eiusdem
642 3189 719 3256 uitie
735 3188 870 3255 fecimus
897 3189 1066 3256 introduci.
1095 3187 1147 3254 Ad
1174 3189 1329 3254 maiorem
1355 3189 1457 3255 etiem

328 3296 489 3362 cautelam
516 3300 619 3362 metae
646 3295 791 3362 eiusdem
816 3305 900 3361 terre
916 3296 958 3360 eb
986 3295 1058 3380 ipso
1082 3295 1241 3381 pristaldo
1264 3294 1457 3377 designatus

329 3403 470 3489 presenti
489 3404 610 3489 scripto
628 3404 780 3470 iussimus
796 3403 957 3471 annotari.
983 3404 1053 3481 Que
1068 3403 1129 3470 hoc
1146 3403 1259 3470 ordine
1280 3403 1457 3489 disponun-

329 3519 399 3575 tur:
416 3513 533 3596 Incipit
548 3529 628 3577 sane
644 3510 759 3576 eadem
775 3511 886 3578 totalis
902 3519 991 3576 terra
1007 3529 1028 3574 a
1044 3509 1143 3576 fluuio
1161 3513 1240 3592 Sar,
1268 3509 1323 3594 qui
1340 3510 1460 3577 diuidit

328 3625 449 3682 terram
464 3617 698 3684 'theutonicam
716 3619 758 3684 ab
775 3617 931 3702 Vngaria,
948 3626 981 3683 et
997 3616 1042 3682 ibi
1058 3626 1108 3682 est
1122 3623 1228 3702 meta;
1255 3616 1329 3682 inde
1345 3617 1459 3701 dirigi-

330 3733 381 3789 tur
396 3743 509 3790 uersue
533 3724 690 3792 orientem
707 3727 751 3790 ad
768 3726 908 3793 riuulunr
924 3724 1145 3810 Megapotok,
1171 3743 1265 3789 secus
1285 3725 1378 3793 cuius
1394 3727 1460 3812 rip-

330 3849 406 3916 pam
423 3831 514 3898 uadit
529 3832 573 3898 nd
590 3839 729 3900 montem
740 3831 901 3918 ebutium,
924 3839 955 3897 et
971 3831 1016 3897 ibi
1036 3837 1085 3896 est
1101 3831 1276 3914 terminus;
1294 3837 1326 3895 et
1342 3831 1388 3898 ibi
1405 3831 1457 3897 ad·

330 3937 472 4021 iungitur
488 3945 576 4005 terra
592 3939 670 4023 itta,
698 3960 795 4023 qnam
812 3939 1058 4026 supradiximus
1084 3937 1334 4022 aSupruniensi
1356 3939 1461 4005 Comi-

329 4051 399 4111 tatu
416 4046 595 4112 subiectam
612 4047 717 4112 eidem
734 4045 852 4114 Oomiti
869 4065 930 4112 nos
947 4045 1091 4126 dedisse,
1117 4065 1179 4129 que
1199 4045 1400 4130 protenditur
1415 4045 1459 4112 ad

331 4153 449 4218 uallem
458 4155 565 4238 Salcb,
583 4161 614 4220 et
630 4154 676 4220 ibi
689 4159 738 4220 est
754 4155 929 4239 terminus;
947 4154 1023 4220 inde
1035 4153 1185 4238 dirigitur
1195 4154 1238 4219 ad
1248 4153 1353 4219 Hidus
1369 4153 1459 4235 arob,

329 4259 421 4325 iuxta
438 4278 535 4340 quam
549 4265 599 4325 est
615 4259 770 4326 terminus
785 4285 792 4344 ;
819 4269 851 4326 et
867 4261 943 4326 inde
960 4261 1025 4326 itur
1041 4261 1085 4326 sd
1101 4281 1239 4346 paruum
1257 4267 1409 4345 montem,
1426 4269 1458 4326 et

329 4375 379 4434 est
395 4368 570 4452 terminus;
600 4388 699 4453 equo
723 4368 825 4434 tendit
850 4369 892 4435 ad
911 4369 1030 4436 uallem
1046 4369 1125 4453 Nir,
1154 4375 1187 4434 et
1206 4375 1258 4433 est
1281 4369 1458 4452 terminue3

331 4495 389 4562 per
405 4495 503 4558 quarn
518 4475 637 4542 uallem
663 4477 728 4542 itur
744 4476 788 4542 nd
804 4477 985 4562 predictum
1001 4487 1143 4546 montem
1161 4475 1334 4560 Oballurs,
1361 4481 1393 4541 et
1410 4485 1461 4542 eet

329 4583 505 4668 terminus3
531 4583 607 4650 inde
633 4583 676 4651 ad
700 4591 841 4652 montem
859 4586 957 4672 Lern,
984 4591 1016 4653 et
1040 4594 1091 4652 est
1115 4584 1290 4670 terminum
1318 4583 1461 4672 indeque
