3218 5192
841 339 998 442 ..Ψ-6*

360 535 429 600 stra
445 537 477 600 et
501 539 851 618 supramemoratorum
875 535 1053 604 illustrium
1078 535 1220 605 virorum
1246 539 1486 626 subscriptione

360 641 518 730 roborari,
533 643 699 728 nostrique
710 645 811 729 sigilli
822 645 1035 732 impressione
1046 646 1163 712 muniri
1175 646 1388 715 decrevimus.
1405 646 1487 714 Cum

359 748 469 832 itaque
490 753 560 836 jam
585 751 692 819 dictae
710 753 851 820 civitatis
867 754 994 821 nobiles
1015 752 1078 820 viri
1104 753 1254 820 Andreas
1280 754 1436 822 sacerdos
1454 761 1488 822 et

359 857 610 946 christophorus
627 869 660 929 et
676 863 794 930 Vitalis
810 859 1018 946 sacerdotes,
1034 862 1213 945 Dahregna
1222 912 1231 945 ,
1257 863 1485 929 Praestantius

358 964 508 1053 ludices,
528 971 919 1058 Lamprediuslupanus;
935 969 1100 1054 Albertns,
1111 969 1334 1038 Dobrosclavo
1346 969 1483 1052 Fuscus,

358 1076 552 1163 Stephanus,
578 1080 762 1164 Bertaldus,
788 1073 1103 1161 Nicolausftirube,
1129 1076 1285 1162 Dimigna
1315 1083 1348 1143 et
1373 1078 1484 1161 ceteri,

360 1185 503 1270 quicum
519 1189 731 1274 eisiucrunt,
758 1188 801 1254 ad
816 1185 1035 1274 praesentiam
1058 1191 1203 1252 nostram
1226 1185 1413 1267 venissent,
1439 1203 1487 1251 se·

359 1293 499 1362 cundum
530 1315 609 1363 suae
634 1297 838 1381 antiquitatis
868 1301 989 1362 statum
1014 1295 1151 1361 liberam
1182 1293 1324 1378 eligendi
1349 1292 1486 1360 Comitis

359 1397 545 1470 facultatem
568 1403 727 1472 instanter
750 1405 968 1490 requirebant.
999 1403 1069 1469 Nos
1091 1421 1168 1469 vero
1193 1401 1375 1483 contrario,
1407 1399 1485 1468 licet

360 1527 492 1596 prorsus
515 1509 580 1578 ista
602 1514 830 1596 annuerimus,
864 1512 897 1578 in
920 1515 1081 1598 potestate
1103 1515 1216 1576 nostra
1249 1527 1324 1576 csse
1347 1507 1488 1575 Comitis

361 1613 549 1684 electionem
580 1626 612 1686 ct
641 1621 712 1704 ejus
742 1619 1019 1687 confirmationem
1047 1623 1252 1700 asserentes,
1284 1633 1486 1701 praememo-

360 1723 422 1788 rati
451 1729 561 1792 tamen
584 1727 781 1794 venerabilis
811 1726 1032 1810 Patriarchae,
1056 1724 1206 1792 lodicum
1232 1731 1265 1792 et
1291 1723 1487 1809 Sapientum

361 1834 596 1903 communicato
620 1834 774 1918 oonsilio,
797 1835 935 1899 liberam
960 1832 1105 1918 eligendi
1129 1830 1265 1900 Comitis
1296 1831 1489 1898 facultatem

361 1940 548 2024 praedictae
571 1941 721 2010 Civitatis
754 1942 880 2008 civibus
903 1941 1036 2007 tandem
1058 1941 1118 2006 lali
1149 1941 1333 2009 conditione
1356 1954 1489 2007 conces·

361 2045 480 2132 simus;
506 2057 542 2115 ut
557 2049 621 2136 ipsi
637 2055 776 2135 quatuor
800 2049 841 2116 de
857 2049 1045 2117 concivibus
1062 2050 1129 2117 suis
1146 2047 1360 2117 nobilioribus
1376 2067 1487 2135 perso·

361 2172 421 2220 nas
447 2156 516 2222 sine
542 2158 712 2225 exactione
737 2157 848 2242 aliqua
874 2158 1017 2242 eligere,
1052 2163 1084 2223 et
1108 2164 1219 2224 nostro
1248 2157 1390 2223 debeant
1413 2177 1487 2224 con·

361 2263 487 2346 spectui
501 2269 731 2348 praesentare;
756 2283 816 2331 nos
832 2284 910 2332 vero
927 2283 968 2329 ex
982 2263 1033 2330 his
1049 2283 1167 2347 unum,
1191 2265 1247 2349 qui
1261 2265 1356 2331 nobis
1377 2264 1485 2350 aptior

361 2373 394 2432 et
417 2368 543 2435 fidelior
566 2371 657 2435 visus
682 2370 779 2437 luerit
803 2371 1008 2456 sapientum,
1034 2371 1090 2454 qui
1109 2377 1184 2436 tunc
1208 2370 1367 2456 religione
1387 2370 1487 2453 juris-

357 2473 490 2558 jurandi
515 2476 647 2542 honoris
664 2477 820 2543 Venetiae
843 2476 970 2544 astricti
995 2482 1098 2560 crunt,
1125 2475 1261 2544 consilio
1294 2475 1487 2542 confirmare

362 2580 548 2647 debeamus.
567 2582 661 2660 Quod
677 2583 705 2650 si
716 2583 800 2650 forte
815 2585 899 2650 inter
910 2603 946 2650 se
963 2583 1185 2667 dissenserint,
1202 2582 1291 2648 etde
1307 2584 1386 2667 suis,
1402 2583 1487 2649 siout

361 2690 617 2776 suprascriptum
637 2699 696 2774 est,
713 2690 916 2759 concorditer
932 2691 1053 2776 eligere
1077 2691 1250 2776 noluerint,
1274 2691 1316 2756 de
1338 2691 1486 2758 Venetiis

361 2797 453 2881 duos,
470 2819 552 2883 quos
568 2799 739 2883 voluerint,
756 2800 881 2882 absque
900 2800 1069 2866 exactione
1085 2799 1188 2864 bbere
1203 2798 1346 2882 eligant,
1373 2805 1407 2862 et
1421 2817 1486 2863 non

361 2905 402 2970 de
426 2906 562 2992 alienis;
589 2925 648 2973 nos
664 2926 742 2974 vero
767 2927 866 2973 unum
893 2926 934 2972 ex
951 2905 1037 2990 illis,
1064 2924 1159 2988 quem
1182 2905 1379 2972 voluerimus
1403 2924 1486 2971 conr-

362 3015 448 3079 muni
465 3015 602 3081 coneilio
627 3014 901 3082 confirmabimus.
925 3013 965 3078 In
981 3012 1239 3100 praesentiarum
1265 3031 1341 3078 vero
1368 3011 1411 3079 de
1426 3013 1487 3078 Ve-

360 3122 456 3189 netiis
475 3142 583 3206 unum,
610 3141 706 3208 quem
721 3121 890 3206 voluerint,
908 3122 1031 3206 eligere
1046 3121 1197 3188 debeant.
1223 3121 1340 3186 Actum
1355 3128 1407 3187 est
1422 3119 1484 3188 hoc

360 3231 391 3294 in
408 3229 535 3296 Palatio
561 3229 718 3298 Venetiae
742 3235 888 3314 tempore
912 3230 1059 3294 Ducatus
1083 3227 1202 3293 Vitalis
1226 3227 1397 3294 Michaelis
1422 3228 1487 3294 Dei

360 3337 466 3422 gratia
493 3336 689 3404 nobilissimi
721 3341 819 3420 atque
849 3334 1079 3420 gloriosissimi
1103 3333 1215 3416 Ducis,
1247 3353 1333 3401 anno
1353 3335 1487 3401 Domini

363 3445 457 3510 1166.
475 3445 655 3510 Indictione
674 3445 745 3528 14,
772 3450 887 3528 quarto
904 3442 1119 3507 kalendarum
1134 3441 1226 3507 Julii.
1243 3441 1420 3507 Praefatae
1439 3447 1486 3507 ta·

360 3571 433 3616 men
450 3553 617 3617 electionis
637 3552 752 3619 ordine
772 3553 842 3620 sine
858 3550 972 3617 fraude
992 3557 1132 3634 serrato,
1155 3549 1183 3616 si
1202 3550 1376 3632 noluerint,
1401 3555 1488 3635 post·

359 3677 494 3740 quomo
517 3657 611 3723 nobis
630 3659 824 3743 praemoniti
845 3657 975 3743 suerint,
991 3657 1115 3724 intrati
1138 3677 1266 3724 menses
1283 3657 1486 3738 electionem,

358 3765 441 3830 sicut
464 3765 738 3851 suprascriptum
755 3774 814 3850 est,
831 3765 959 3847 iacere,
983 3766 1017 3830 in
1042 3769 1204 3852 potestate
1230 3769 1344 3831 nostra
1368 3763 1487 3830 electio

359 3870 442 3937 sicut
457 3871 658 3941 confirmatio
675 3872 864 3955 remanebit,
880 3880 913 3938 et
928 3873 989 3938 hoc
1004 3873 1075 3938 sine
1090 3871 1153 3937 Dei
1172 3871 1416 3956 impedimento.

465 3979 536 4064 Ego
552 3981 669 4047 Vitalis
684 3979 824 4047 Michael
840 3979 902 4045 Dei
919 3981 1028 4064 gratia
1043 3981 1118 4045 Dux
1144 3999 1242 4046 manu
1266 3998 1340 4044 mea
1355 3975 1486 4062 scripsi.

463 4083 535 4172 Ego
551 4089 669 4156 Vitalis
685 4089 837 4155 Dandulo
854 4106 951 4154 manu
967 4107 1042 4154 mea
1061 4086 1190 4172 scripsi.

361 4191 579 4282 (Ktivetkezik
595 4199 671 4281 meg
686 4195 730 4261 30
747 4192 897 4280 alanos.)

411 4412 446 4474 (Α
458 4410 596 4465 velencaei
609 4408 787 4478 kcranastg
805 4410 905 4472 „Liber
917 4411 1077 4476 pactorum“
1091 4409 1180 4464 culmd
1194 4405 1431 4477 fflamkbnyvdbdl

812 4502 835 4552 1.
848 4501 905 4552 aas.
920 4502 982 4552 aaa.
994 4499 1024 4568 1.)

773 4717 1040 4732 m·-
