3202 5190
591 365 746 472 Q

89 565 156 614 suc
171 543 379 614 matrimonio
397 548 616 625 connectam,
632 543 812 612 invitantes
829 546 914 612 enim
937 547 1097 630 eumdem,
1116 553 1150 614 ut
1167 568 1234 613 una

90 654 270 722 nobiscum
287 650 331 718 ad
346 649 569 718 defensionem
585 649 713 717 Galicie
729 658 842 719 contra
863 653 1111 738 impugnatores
1128 655 1232 741 ipsius
1335 660 1337 666 '

92 765 141 830 sit
156 761 340 842 sollicitus,
357 757 500 826 maxime
516 777 588 824 cum
604 756 704 825 iidem
723 757 940 846 caltaionem,
968 762 1054 829 sicut
1073 763 1157 847 Regi
1173 783 1232 829 suo

92 891 158 939 suo
176 890 274 957 super
290 867 459 945 fidelitate,
475 867 523 933 ita
539 865 638 932 etiam
660 887 757 955 super
772 869 957 936 obediendo
968 872 1114 938 Romano
1126 873 1234 938 Eccle-

93 981 146 1046 sie
162 985 370 1046 sacramento
381 981 551 1044 teneantur
567 971 725 1042 adstricti.
743 977 975 1064 supplicamus
992 980 1233 1065 insuperSanc-

93 1085 188 1154 titali
204 1087 321 1153 Vestre
345 1084 500 1167 quatinus
524 1103 677 1152 coronam
704 1103 837 1152 auream
860 1086 963 1170 Regis
979 1086 1134 1172 dignitati
1159 1105 1230 1154 con-

93 1201 271 1279 gruentem
287 1193 354 1260 filio
370 1181 481 1260 nostro
498 1191 644 1259 conterre
660 1199 693 1258 et
709 1213 766 1279 per
781 1194 917 1262 latorem
940 1196 1139 1281 presentium
1154 1194 1231 1261 lide·

96 1304 167 1370 lem
184 1307 331 1368 noenum
347 1298 379 1366 in
395 1298 545 1386 proximo
562 1299 781 1367 transmittere
800 1300 990 1386 dignemini,
1007 1310 1042 1370 ut
1056 1302 1140 1369 sicut
1156 1323 1233 1370 unc-

99 1410 224 1476 tionem
235 1408 393 1494 Regalern
403 1405 724 1492 aSedeApostolica,
737 1408 785 1475 ita
796 1415 828 1476 et
840 1429 992 1478 coronam
1003 1431 1024 1476 a
1035 1410 1232 1477 liberalitate

94 1527 213 1586 vestra
229 1537 264 1584 se
280 1517 445 1604 recepisse
462 1513 613 1600 gaudeat,
634 1535 672 1582 ec
688 1535 747 1602 per
762 1518 822 1584 boo
842 1519 949 1602 magis
963 1519 1179 1586 favorabilem
1195 1539 1231 1585 se

94 1629 167 1694 suis
194 1625 317 1692 efficiat
341 1631 374 1690 et
398 1621 576 1690 convicinis
592 1623 697 1707 Regni
718 1625 768 1692 sui
794 1631 985 1712 perpetuam
1011 1625 1227 1693 stabilitatem

96 1733 284 1824 protendat.
304 1733 413 1801 Lateri
425 1733 740 1818 autempresentium
756 1735 789 1800 in
801 1735 917 1802 ceteris
928 1735 1095 1802 Sanctitas
1106 1735 1226 1800 Vestra

96 1846 185 1912 sicut
202 1851 235 1910 et
251 1843 347 1911 nobis
363 1841 460 1910 tidem
477 1841 609 1927 plenam
629 1839 796 1909 adhibeat

95 2038 399 2108 (Huillard-Brehollcs,
421 2041 541 2093 Examen
555 2041 602 2093 des
617 2042 724 2094 obantes
737 2041 769 2092 dc
783 2041 801 2092 l'
811 2042 914 2108 E'glise
927 2041 1058 2093 Bomaino
1077 2046 1225 2092 contcnuss

207 2131 275 2184 dans
287 2132 327 2183 les
339 2131 469 2184 rouleaux
483 2131 535 2184 dits
549 2132 678 2184 rouleaux
692 2133 725 2183 de
735 2131 833 2198 Cluny,
844 2133 923 2184 Paris
937 2132 1015 2184 sset.
1028 2131 1072 2180 84.
1085 2131 1115 2196 1.)

625 2883 703 2951 228.

94 3067 160 3132 111.
178 3067 269 3132 lucae
279 3069 371 3152 pdpu
398 3068 502 3152 dtirja
516 3076 602 3131 ssent
618 3066 728 3130 lstcdn
748 3064 920 3150 leirdlynak
936 3065 1022 3129 1001
1027 3065 1072 3128 -lcc'
1093 3063 1224 3149 priuile-

93 3175 239 3259 giumdt,
265 3169 407 3258 melylyel
428 3196 450 3236 a
471 3170 700 3258 pnnnonbalmi
723 3175 892 3259 cpdtrdpot
917 3171 1096 3257 alopttotla.
1124 3172 1221 3235 1215.

207 3366 413 3434 Innocentius
425 3367 607 3455 Episcopus
624 3387 738 3434 servus
748 3387 915 3435 servorum
925 3366 988 3433 Dei
1005 3365 1134 3432 dilectis
1146 3363 1224 3429 liliis

95 3526 127 3542 ..
147 3529 155 3542 .
175 3477 297 3544 Abbati
315 3483 347 3542 et
365 3477 545 3545 Conventui
562 3477 673 3544 Sancti
690 3477 822 3544 Martini
841 3476 882 3544 de
897 3473 1069 3543 Pannonia
1085 3475 1223 3541 salutem

95 3593 126 3651 et
141 3581 369 3672 Apostolicanr
386 3585 655 3651 benedictionem.
682 3585 761 3651 Sum
777 3583 861 3650 inter
877 3605 936 3652 vos
952 3591 984 3650 et
1004 3582 1224 3650 venerabilem

94 3693 230 3761 fratrem
247 3699 391 3762 nostrum
405 3744 412 3758 .
424 3743 450 3758 ..
469 3695 741 3780 vesprimiensem
753 3693 952 3781 Episcopum
972 3712 1070 3779 super
1090 3691 1224 3758 decimis

96 3799 279 3871 Comitatus
296 3801 521 3888 Sumugiensis
539 3809 571 3869 et
586 3802 684 3869 rebus
701 3802 776 3870 aliis
793 3803 896 3888 longa
916 3821 1026 3869 eoram
1042 3801 1136 3868 nobis
1153 3821 1226 3867 con·

96 3909 282 3976 trouenrsia
298 3914 487 3994 uerteretur,
512 3932 571 3978 uos
587 3909 630 3978 ad
645 3910 724 3978 iuris
741 3911 841 3979 uestri
857 3909 1078 3978 defensionem
1098 3907 1226 3994 priuile-

95 4017 185 4102 gium
202 4017 315 4083 Sancti
325 4017 424 4102 Regis
436 4018 593 4104 Stephani
609 4017 823 4104 produxistis,
842 4017 929 4102 quod
945 4015 1030 4082 idem
1042 4013 1225 4100 Episcopus

96 4124 208 4192 multis
224 4125 328 4193 modis
353 4125 446 4193 nisus
467 4133 517 4192 est
542 4125 735 4212 inprobare;
766 4123 824 4190 sed
847 4123 941 4190 uobis
958 4143 976 4190 e
993 4121 1156 4189 contrario
1181 4118 1226 4183 di-

95 4233 202 4301 uersis
218 4233 399 4303 rationibus
415 4233 653 4319 resistentibus,
669 4233 740 4320 ipsc
756 4229 888 4300 tandem
915 4231 948 4297 in
964 4251 1025 4298 sua
1043 4227 1225 4295 intentione

98 4339 227 4407 defecit.
243 4341 294 4408 Ne
310 4342 411 4427 igitur
427 4341 491 4428 ipsi
506 4339 679 4427 priuilegio
691 4341 827 4406 ulterius
844 4338 950 4425 possit
969 4335 1091 4424 opponi
1107 4333 1225 4401 uicinm

97 4443 253 4513 falsitatis
264 4498 273 4531 ,
299 4446 389 4532 illud,
417 4444 502 4532 quod
529 4443 729 4515 contradicto
756 4441 841 4533 (tgy)
860 4441 985 4528 judicio
1010 4440 1225 4528 comperimus

98 4575 171 4622 esse
196 4573 328 4639 verum,
356 4555 398 4624 de
413 4556 513 4622 uerbo
528 4553 572 4620 ad
594 4555 730 4622 uerbum
755 4555 897 4640 presenti
924 4551 1046 4655 pagine
1070 4549 1225 4632 iussimus

4 4681 5 4688 ¹
101 4663 259 4732 annotini
278 4664 377 4734 Cuius
396 4671 491 4734 tenor
506 4669 557 4732 est
572 4663 668 4743 talis;
