3268 5194
688 1309 719 1377 1.

137 1506 269 1594 Amnis
279 1511 408 1574 aaran
423 1511 454 1574 ta
470 1506 678 1594 boleti-fram
693 1509 802 1596 kirdly
819 1511 985 1600 okutdnya,
1000 1515 1143 1603 melyiysl
1153 1542 1173 1583 a
1189 1521 1268 1585 3413.

137 1619 232 1704 burpi
242 1617 442 1706 &subripruit
457 1621 606 1706 uueqydjit
620 1621 845 1706 mapardaitodrs,
861 1643 938 1686 uzon
951 1626 1118 1688 cdrosclrat
1134 1629 1164 1691 ts
1172 1633 1267 1714 juva·

137 1727 193 1790 kat
209 1727 238 1789 is
254 1723 421 1810 falcualdi,
444 1724 575 1811 mclyek,
593 1748 612 1787 a
628 1723 752 1790 kedbbi
767 1727 1017 1814 Mayyurorszcip
1034 1731 1190 1815 toritatem,
1214 1733 1268 1796 ab·

257 1832 314 1898 boz
329 1831 524 1899 kbaoetleuill
539 1855 560 1895 a
576 1830 780 1920 donsoplalda
797 1833 869 1898 eldtt
885 1837 1051 1901 tartoztoic.
1070 1839 1147 1904 890.

248 2027 288 2096 ln
304 2029 435 2096 nomine
449 2029 590 2094 Sanctae
605 2033 640 2094 et
656 2027 848 2094 individuae
858 2029 1037 2096 Trinitatis.
1055 2031 1207 2100 Aruolfus
1218 2034 1272 2102 Di·

139 2139 219 2204 vina
233 2136 364 2204 iacente
380 2137 488 2219 gratia
502 2137 582 2202 Rex.
600 2134 735 2222 Oportet
750 2137 849 2222 igitur
863 2157 932 2222 nos,
950 2139 1005 2221 qui
1021 2139 1139 2207 Divino
1159 2160 1271 2207 sumus

139 2263 274 2312 munere
284 2243 524 2328 quodammodo
534 2262 614 2331 prae
628 2244 745 2310 ceteris
756 2245 947 2312 mortalibus
963 2245 1140 2333 sublimati,
1157 2249 1228 2333 ejus
1238 2249 1272 2314 in

140 2353 293 2420 omnibns
320 2372 436 2439 parere
451 2353 655 2438 praeceptis,
681 2353 774 2436 cujus
790 2351 964 2419 clementia
982 2353 1122 2440 praelati
1149 2375 1270 2438 sumus,

139 2467 240 2545 atque
256 2461 349 2545 eujus
365 2460 595 2548 praecellimus
611 2479 761 2544 munere,
787 2459 860 2527 loca
875 2461 988 2544 utique
1004 2461 1066 2528 sibi
1087 2462 1198 2530 dicata
1213 2483 1272 2550 por

141 2569 319 2652 petitiones
333 2565 478 2634 fidelium
503 2573 686 2634 nostrorum
702 2573 813 2634 nostro
830 2569 968 2634 relevari
979 2569 1149 2653 juvamine
1175 2577 1272 2653 atque

142 2675 262 2758 Regali
272 2675 426 2760 mimine,
443 2674 668 2758 quoniamhoo
683 2675 777 2740 nobis
788 2681 820 2740 et
836 2675 880 2740 ad
898 2677 1066 2744 mortalem
1076 2678 1178 2743 vitum
1193 2685 1271 2743 tem-

142 2784 301 2869 poraliter
315 2783 580 2869 transigendam,
607 2789 640 2848 et
656 2781 700 2847 ad
715 2789 881 2849 aeternam
899 2784 1037 2851 feliciter
1062 2786 1272 2852 obtinendam

142 2891 344 2976 profuturum
360 2891 481 2975 liquido
498 2889 679 2972 credimus,
705 2887 911 2977 Quapropter
926 2893 1105 2979 comperiat
1132 2893 1273 2959 omnium

141 3007 327 3067 nostrorum
336 2999 490 3084 fidelium,
511 3000 733 3086 praesentium
750 2998 874 3066 scilicet
885 3007 917 3065 et
928 2999 1106 3067 futurorum
1117 3001 1272 3084 sollertia,

141 3108 284 3192 qualiter
298 3109 428 3192 quidem
444 3105 640 3175 venerabilis
657 3107 932 3195 Archiepiscopus
948 3117 1059 3176 noster
1074 3111 1272 3190 Diotmarus,

142 3219 279 3284 veniens
294 3219 329 3284 in
344 3237 513 3304 procerum
537 3222 720 3282 nostrorum
736 3217 966 3301 praesentiam,
991 3215 1170 3300 postulavit
1185 3217 1273 3280 Sere-

143 3324 280 3392 nitatem
297 3333 452 3410 nostram,
469 3332 505 3390 ut
520 3325 562 3392 ob
579 3323 736 3390 mercedis
746 3329 877 3390 nostrae
893 3328 1103 3406 augmentum
1113 3320 1273 3405 quasdam

143 3453 197 3499 res
214 3433 424 3519 proprietatis
447 3439 579 3501 nostrae
595 3433 638 3497 ad
658 3433 811 3498 Sanctam
836 3429 1018 3497 llcclesiam
1043 3430 1272 3512 Juvavensem,
1347 3515 1356 3528 ι

142 3561 230 3624 quae
246 3549 299 3608 est
314 3547 499 3608 constructa
513 3542 547 3607 in
562 3539 685 3606 honore
693 3540 803 3606 Sancti
819 3539 907 3605 Petri
927 3545 958 3602 ct
973 3539 1083 3604 Sancti
1099 3537 1275 3604 Roudberti
1329 3544 1333 3552 ’

145 3647 349 3716 Coniesaoris
367 3647 505 3732 Christi,
532 3647 587 3714 ubi
603 3646 816 3732 corporaliter
831 3645 1020 3730 requiescit,
1047 3645 1168 3731 etipse
1184 3666 1275 3731 prae-

145 3754 252 3823 dictus
276 3757 473 3824 venerabilis
492 3753 766 3841 Archiepiscopus
791 3760 940 3839 praeest,
967 3752 1181 3839 improprium
1201 3755 1275 3839 jure

146 3873 305 3951 perpetuo
317 3863 571 3951 permanendum
581 3862 853 3930 concedissemus.
870 3859 970 3945 Cujus
981 3861 1129 3946 petitioni
1139 3861 1180 3927 ob
1190 3879 1275 3925 amo-

146 3991 214 4040 rem
230 3973 363 4041 Domini
378 3973 481 4042 nostri
496 3973 577 4040 Jesu
593 3969 713 4037 Obristi
722 4021 731 4054 ,
759 3989 816 4036 seu
832 3969 873 4036 ob
892 3968 1069 4036 remedium
1094 3967 1276 4033 animarum

145 4089 392 4150 antecessorum
407 4087 592 4150 nostrorum
601 4131 610 4166 ,
634 4099 674 4146 ac
688 4079 811 4144 Beatae
831 4077 1005 4145 memoriae
1021 4075 1144 4142 domini
1169 4093 1208 4138 ac
1224 4091 1276 4156 ge-

147 4189 263 4256 nitoris
279 4191 398 4276 nestri,
424 4198 620 4274 nostraeque
637 4185 795 4254 mercedis
815 4191 1032 4268 augmentum,
1049 4183 1203 4246 libentem
1228 4197 1276 4242 as-

148 4316 281 4365 sensum
307 4301 501 4384 praebentes
527 4297 730 4364 decrevimus
746 4295 792 4360 ita
809 4293 887 4359 lieri.
914 4291 1088 4358 Tradimus
1105 4289 1215 4369 itaque
1231 4291 1277 4349 at-

147 4429 213 4494 que
228 4409 395 4476 firmamus
411 4409 455 4476 ad
469 4407 669 4494 praedictum
680 4403 911 4472 monasterium
927 4397 1037 4466 Sancti
1052 4395 1140 4462 Petri
1155 4391 1278 4461 Sancti-

152 4539 216 4602 que
227 4518 425 4602 Roudberti3
443 4502 1112 4602 primituseastellumsmotaeEmdmdis
1127 4521 1198 4568 cum
1214 4521 1278 4567 om·

151 4627 246 4696 nibus
258 4630 347 4712 juste
364 4635 462 4712 atque
477 4625 627 4709 legaliter
643 4619 834 4686 adeundam
851 4613 1020 4683 castellum
1030 4609 1275 4697 pertinentibus,

199 4768 303 4807 rrum.
320 4767 402 4805 anuo.
419 4765 488 4801 arar.
507 4773 543 4783 -
562 4761 634 4797 urrn.
653 4757 684 4794 rr,
1098 4723 1114 4784 l
