3200 5182
907 315 971 414 rra
999 403 1018 414 ί

378 532 441 582 una
457 535 527 582 curn
544 513 713 582 Dominioo
740 513 779 580 de
796 514 903 580 Vrlrcn
921 513 1050 580 homine
1066 513 1167 596 Regio
1185 511 1217 577 in
1233 511 1356 577 eisdem
1380 509 1489 577 litteris

378 623 571 690 annualibus
587 623 669 688 inter
684 622 766 690 alios
782 622 929 689 homines
939 622 1059 705 Regios
1070 619 1275 688 nominaliter
1294 620 1490 704 conscriptos

377 750 548 818 expresso,
581 728 734 798 nimirum
760 730 939 812 hominem,
965 728 1118 795 videlieet
1142 727 1364 796 honorabilem
1390 727 1489 794 uirum

376 837 564 924 Magistrum
581 839 785 905 Valentinum
811 837 852 904 de
869 838 952 905 Baia
968 838 1090 904 socium
1107 845 1138 904 et
1158 837 1418 906 concanonicum
1442 856 1491 900 no-

376 955 478 1014 strum
494 947 536 1014 ad
562 947 806 1034 infrascriptam·
826 945 1119 1014 reambulacionem
1143 951 1299 1012 metarum
1324 943 1412 1011 dicte
1427 963 1491 1029 pos·

376 1055 530 1124 sessionis
547 1055 652 1122 Hecse
678 1061 786 1124 nostro
812 1075 871 1140 pro
886 1053 1071 1122 testimonio
1095 1055 1158 1122 lide
1186 1053 1320 1138 dignum
1345 1051 1493 1118 duximus

376 1163 624 1250 destinandum,
651 1162 705 1246 qui
721 1161 850 1230 domum
875 1162 992 1230 exinde
1008 1162 1051 1228 ad
1066 1183 1125 1230 nos
1151 1161 1272 1228 reuersi
1294 1159 1492 1226 concorditer

375 1269 468 1338 nobis
484 1271 659 1338 retulerunt
669 1321 678 1354 ,
706 1275 741 1336 ut
756 1271 936 1355 prelibatus
961 1269 1055 1337 homo
1072 1267 1192 1353 Regius
1217 1275 1369 1355 presente
1388 1273 1491 1336 nostro

374 1378 557 1446 testimonio
580 1377 662 1444 feria
687 1375 831 1444 secunda
854 1375 1003 1464 proxima
1028 1381 1100 1462 post
1125 1375 1321 1444 dominicam
1351 1375 1491 1461 quintam

374 1485 586 1555 Pentecosten
604 1483 690 1573 (lgy)
707 1485 851 1572 proxime
877 1484 1083 1570 protentam,
1111 1491 1143 1550 et
1159 1483 1261 1549 eciam
1286 1483 1364 1551 aliis
1380 1483 1490 1550 diebus

374 1593 466 1661 adid
482 1595 569 1682 aptis
594 1602 626 1662 et
642 1593 876 1662 sufficientibus
893 1593 936 1660 ad
961 1591 1078 1660 faciem
1096 1593 1181 1659 dicte
1200 1593 1419 1678 possessionis
1434 1591 1490 1658 Ho-

375 1721 439 1786 cse,
466 1701 582 1770 uicinis
597 1711 628 1769 et
644 1705 875 1771 commetaneis
900 1703 1044 1769 eiusdem
1065 1701 1224 1767 uniuersis
1249 1702 1328 1766 illuc
1354 1699 1490 1786 legitime

374 1809 559 1878 conuocatis
575 1821 606 1880 et
623 1811 756 1900 eysdem
770 1812 993 1898 presentibus,
1020 1810 1226 1892 accessisset,
1247 1808 1356 1894 ipsam
1371 1827 1491 1896 posses-

374 1917 498 1985 sionem
514 1919 656 1988 Hecsea
681 1920 776 1988 dictis
801 1919 1062 2008 possessionibus
1088 1936 1262 2001 earumque
1286 1916 1489 2002 pcrtineneijs

374 2027 434 2094 sub
459 2027 678 2116 infrascriptis
706 2037 863 2096 metarum
880 2027 986 2094 taliter
1009 2033 1254 2111 sequestrasset.
1280 2025 1379 2105 Quod
1393 2023 1489 2112 primo

373 2135 548 2222 incepisset
563 2139 711 2206 exeundo
729 2138 771 2204 ab
789 2139 863 2224 ipsa
876 2137 1031 2224 porcione
1048 2140 1080 2200 et
1094 2135 1175 2200 villa
1190 2135 1296 2200 Hecse
1316 2153 1419 2220 penes
1434 2135 1487 2199 col-

372 2245 437 2310 lem
462 2243 669 2330 Nagyhalom
695 2265 769 2312 soro
796 2243 933 2312 eundem
958 2263 1071 2310 uersus
1096 2244 1208 2329 Kopas
1237 2243 1352 2308 harast
1378 2241 1486 2309 dictum

375 2353 457 2418 inter
473 2357 578 2420 terras
603 2361 713 2420 aretas
739 2374 803 2420 non
820 2353 969 2439 procula
985 2351 1068 2419 colle
1088 2349 1174 2418 dicto
1190 2350 1273 2416 duas
1292 2355 1400 2417 metas
1416 2348 1486 2415 anti-

374 2479 455 2544 quas
471 2462 553 2527 benc
570 2468 767 2549 apparentes
782 2461 966 2547 reperisset,
996 2478 1130 2543 quarum
1156 2477 1222 2524 una
1248 2475 1366 2524 uersus
1391 2458 1484 2525 orien-

372 2575 436 2634 tem
453 2567 497 2634 ad
511 2569 686 2653 Vrbegang
710 2569 804 2635 aliter
818 2570 851 2635 S.
868 2568 969 2651 luan,
994 2565 1060 2632 alia
1083 2565 1126 2631 ad
1142 2567 1248 2632 Hecse
1273 2565 1416 2650 pertinet
1430 2581 1485 2630 ver-

374 2695 428 2743 sus
444 2677 727 2763 septemtrionem,
744 2676 820 2744 inde
836 2677 943 2743 eundo
959 2694 1072 2742 versus
1088 2673 1288 2740 occidentem
1304 2674 1350 2740 ad
1366 2673 1485 2740 dumun

375 2787 416 2850 sil
436 2787 529 2853 bokos
545 2787 644 2854 aliam
661 2793 779 2854 metam
797 2787 966 2870 antiquam
983 2778 1065 2852 bene
1075 2789 1285 2872 apparentem
1299 2783 1486 2862 inuenisset,

374 2895 450 2961 inde
466 2895 509 2961 ad
524 2895 623 2980 viam,
641 2917 706 2981 qua
721 2915 761 2961 ex
778 2895 859 2962 villa
869 2895 990 2972 Varma
1006 2893 1069 2960 itur
1086 2891 1129 2958 ad
1141 2891 1306 2958 ciuitatem
1317 2889 1486 2958 (laurinen-

374 3025 454 3090 sem,
480 3005 586 3074 eundo
612 3007 839 3092 peruenissent
864 3004 1042 3070 admotam
1068 3001 1250 3069 cursualem
1275 3000 1487 3088 nonprocula

373 3113 429 3180 via
454 3133 568 3182 versus
594 3114 780 3199 meridiem,
816 3113 892 3179 lrinc
916 3110 1077 3179 tendendo
1103 3110 1147 3175 ad
1171 3108 1372 3177 occidentem
1396 3127 1487 3195 penes

373 3223 461 3292 viam
474 3223 594 3292 dietam
610 3243 724 3292 versus
741 3230 880 3291 montem
897 3222 931 3288 S.
947 3221 1072 3305 Mihaly
1088 3220 1298 3302 nominatum,
1311 3220 1404 3286 cuius
1419 3234 1488 3304 pars

373 3333 482 3400 media
499 3333 542 3400 ad
557 3335 691 3400 Merena
707 3332 901 3419 pertineret,
928 3329 1071 3398 venisset
1087 3327 1281 3396 declinando
1301 3328 1347 3396 ad
1361 3333 1489 3414 septem-
1518 3401 1520 3404 .

373 3441 519 3528 trionem,
538 3462 603 3510 non
618 3443 732 3527 procul
749 3461 770 3506 a
784 3447 891 3508 monte
907 3439 994 3506 dicto
1010 3445 1077 3504 tres
1094 3445 1197 3506 metas
1214 3437 1394 3524 reperisset
1415 3437 1489 3502 benc

373 3556 588 3636 apparentes,
615 3570 752 3634 quarum
780 3570 844 3616 uua
870 3567 985 3615 uersus
1011 3545 1210 3616 occidentem
1235 3546 1279 3612 ad
1304 3547 1339 3613 S.
1360 3543 1487 3628 blihaly,

372 3657 441 3726 alia
464 3677 577 3724 uersus
604 3657 772 3724 meridiem
798 3657 840 3724 ad
856 3658 1006 3740 Merena,
1033 3655 1101 3721 alia
1126 3655 1169 3722 ad
1186 3656 1310 3722 Heoose
1332 3656 1488 3741 spectaret

372 3785 486 3833 versus
512 3766 790 3852 septemtrionem
818 3765 893 3834 inde
909 3783 1023 3832 uersus
1049 3763 1312 3850 septemtrionem
1329 3763 1375 3830 ad
1396 3761 1488 3830 eolles

371 3877 418 3944 elo·
434 3875 581 3940 lromolrole
606 3875 748 3942 uenisset
764 3873 808 3942 ad
832 3878 950 3940 metam
965 3873 1165 3956 cursualem,
1191 3871 1266 3938 iude
1285 3891 1402 3938 uersus
1417 3887 1484 3936 ean·

373 3986 448 4053 dem
463 3985 598 4074 plagam
614 3985 757 4054 uenisset
772 3984 816 4050 ad
830 3984 928 4068 viam,
955 3982 1078 4068 quade
1094 3981 1226 4048 ciuitate
1239 3977 1413 4048 (lauriensi
1429 3975 1486 4042 itur

373 4093 417 4164 ad
432 4095 566 4178 Hecose,
582 4091 617 4158 in
633 4093 715 4160 colle
732 4109 832 4178 penes
848 4091 935 4158 viam
952 4109 1067 4158 uersus
1078 4087 1247 4155 meridiem
1262 4107 1360 4154 unam
1377 4089 1485 4152 metam

372 4205 455 4272 bene
472 4206 683 4288 apparentem
710 4198 906 4286 reperisset,
934 4199 976 4266 ab
992 4197 1068 4264 hinc
1083 4197 1138 4264 via
1158 4195 1356 4286 pertransita
1381 4207 1485 4260 uersus

373 4310 638 4400 septemtrionem
647 4306 752 4375 eundo
764 4305 931 4374 uenissent
940 4304 983 4372 ad
999 4305 1165 4391 quandam
1175 4305 1274 4390 uiam,
1290 4323 1353 4390 que
1361 4300 1484 4390 folet-nt

373 4420 502 4504 dieitur,
519 4419 628 4506 ibique
644 4425 764 4484 metam
779 4416 978 4500 erexissent3
996 4413 1074 4482 inde
1083 4413 1220 4481 eandem
1230 4414 1364 4500 plagam
1380 4421 1482 4476 uersus

374 4525 479 4592 eundo
495 4525 583 4590 viam
607 4524 863 4610 pertranseundo
879 4522 1048 4590 uenissent
1071 4520 1114 4588 ad
1129 4518 1323 4586 diuerticula
1338 4523 1480 4582 terrarum

375 4633 459 4703 dicte
478 4632 697 4722 possessionis
718 4634 854 4720 Heeese,
870 4632 980 4720 ibique
996 4637 1115 4700 meam
1130 4635 1270 4700 terream
1286 4625 1476 4716 reperissent,
