3202 5190
652 928 730 996 208.

116 1101 181 1164 Ill.
201 1102 290 1164 Iueze
303 1102 461 1187 peperolo
487 1101 577 1167 lescle
594 1105 691 1168 Ziaui
707 1107 800 1170 Peter
816 1108 967 1172 velerrczet‘
983 1108 1114 1193 depthca
1124 1159 1133 1192 ,
1159 1109 1250 1196 mely-

113 1206 386 1292 benfelazdllitjo,
408 1209 485 1293 lropy
495 1209 604 1272 Joura
616 1212 946 1298 viaazoaaolpdltotdao
957 1213 1049 1297 oleat,
1061 1239 1099 1278 uz
1116 1216 1250 1301 (apostoli

412 1315 481 1378 sze'le
496 1315 662 1380 leiudnutcit
680 1317 837 1404 tely’eettse.
862 1321 959 1384 1209.

227 1510 433 1575 Innocentius
451 1508 635 1596 Episcopus
651 1517 711 1577 eto.
729 1511 831 1578 nobili
848 1513 916 1578 viro
931 1513 1026 1580 Petro
1043 1515 1126 1583 Duci
1144 1521 1177 1581 et
1193 1539 1247 1603 po-

118 1617 198 1702 pulo
208 1617 404 1683 Venetorum
421 1624 481 1683 eto.
499 1617 661 1694 Quoniam
676 1619 769 1685 iuxta
779 1619 974 1686 sententiam
983 1619 1168 1688 Salomonis
1184 1641 1247 1690 me-

116 1722 201 1789 liora
217 1731 292 1788 sunt
318 1724 415 1790 amici
432 1724 568 1791 verbera
593 1745 690 1809 quam
706 1725 819 1791 oscula
843 1725 985 1810 inimici,
1012 1745 1084 1790 oum
1101 1725 1165 1793 ista
1180 1748 1248 1796 eor·

117 1829 316 1914 rectionem,
334 1831 392 1896 illa
408 1852 486 1897 vero
511 1831 734 1918 deceptionem
751 1832 916 1916 inducant,
939 1851 1003 1898 non
1018 1831 1145 1899 debetis
1161 1832 1247 1901 ferre

117 1940 268 2023 moleste,
285 1941 314 2006 si
330 1940 460 2023 quando
471 1962 540 2026 nos,
558 1941 666 2024 quide
678 1942 777 2010 corde
793 1962 884 2029 puro,
895 1947 928 2008 et
938 1941 1136 2008 conscientia
1149 1943 1246 2026 bona,

117 2055 150 2112 et
165 2046 229 2112 tide
244 2066 309 2113 non
326 2047 400 2113 ticta
416 2055 558 2114 vestram
576 2047 742 2134 diligimus
758 2049 935 2133 civitatem,
956 2068 1016 2116 vos
1031 2047 1197 2134 arguimus
1213 2055 1247 2115 et

118 2155 313 2242 corripimus
329 2156 363 2222 in
378 2157 496 2244 spiritu
520 2157 705 2242 laenitatis3
732 2157 810 2241 quia
825 2178 890 2224 non
905 2154 1160 2241 indignationis,
1185 2153 1246 2254 sed

117 2261 302 2328 dilectionis
319 2269 369 2329 est
385 2269 620 2347 argumentum,
639 2272 671 2330 et
687 2264 774 2348 quod
790 2271 884 2350 pater
896 2263 1008 2350 filium,
1025 2283 1121 2348 quem
1137 2261 1245 2349 diligit

118 2369 271 2454 corripit,
299 2374 331 2434 et
347 2370 436 2435 Deus
454 2389 534 2454 quos
551 2376 639 2436 amat
656 2371 765 2456 arguit
781 2378 813 2437 et
831 2373 989 2457 castigat;
1016 2372 1156 2439 maxime
1172 2389 1245 2437 oum

116 2477 160 2542 ad
176 2477 238 2542 hoo
254 2496 295 2542 ex
312 2476 522 2562 spostolicae
537 2477 705 2545 servitutis
725 2478 831 2546 officio
847 2487 1024 2559 teneamur,
1047 2480 1143 2564 juxta
1158 2477 1245 2563 quod

117 2583 214 2650 docet
228 2584 426 2669 Apostolus,
453 2585 586 2652 dicens:
605 2587 754 2672 „Argue,
780 2588 916 2656 obsecra
926 2638 935 2672 ,
961 2589 1095 2674 increpa
1109 2587 1143 2654 in
1159 2588 1244 2655 omni

115 2692 277 2778 patientia
293 2698 326 2759 et
341 2692 508 2760 doetrina“
528 2696 582 2779 (Η.
598 2695 680 2760 Tim.
698 2694 766 2782 lt).
786 2697 945 2763 Memores
962 2695 1061 2780 igitur
1077 2695 1244 2780 obsequio·

116 2821 195 2886 rum,
215 2819 300 2883 quae
310 2800 518 2886 Apostolicae
530 2799 608 2867 Sedi
619 2802 742 2868 Civitas
753 2809 863 2869 vestra
873 2809 1058 2868 reverenter
1074 2799 1242 2886 impendit,

116 2916 148 2974 et
164 2905 412 2990 beneficiorum,
438 2926 522 2992 quae
540 2905 730 2992 Apostolioa
748 2908 851 2976 Sedes
868 2907 1001 2976 civitati
1026 2914 1156 2975 vestrae
1171 2927 1244 2993 gra-

117 3021 226 3084 tanter
243 3013 398 3108 indulsit,
423 3014 583 3099 gemimus
599 3021 631 3080 et
646 3015 793 3082 dolemus
809 3015 900 3082 illam
915 3015 1130 3082 intervenisse
1146 3019 1243 3080 mate·

115 3123 209 3206 riam,
226 3143 311 3206 quae
321 3145 390 3191 uon
407 3123 485 3189 sinit
500 3122 543 3189 ad
557 3143 726 3211 praesens,
743 3129 778 3188 ut
787 3143 911 3209 preces,
924 3142 1005 3206 quas
1021 3123 1115 3189 nobis
1132 3121 1243 3186 multo-

115 3230 177 3295 ties
194 3229 387 3314 porrexistis
413 3251 473 3315 pro
497 3230 605 3316 palleo
630 3229 823 3296 destinando
839 3229 960 3294 Abbati
984 3228 1095 3294 Sancti
1112 3227 1242 3310 Felicis,

114 3359 211 3423 quem
229 3359 286 3406 vos
302 3339 507 3406 Jadertinum
524 3339 707 3426 praesulem
724 3338 910 3423 appellatis,
928 3357 1000 3403 cum
1012 3342 1124 3404 nostra
1139 3335 1241 3423 possi·

114 3467 186 3513 mus
203 3446 373 3514 admittere
388 3449 568 3530 honestate,
587 3451 719 3531 propter
735 3465 914 3528 excessum,
941 3465 1035 3528 quem
1051 3446 1084 3510 in
1101 3443 1241 3510 Divinae

114 3555 298 3640 majestatis
321 3555 498 3638 offensam,
523 3555 734 3640 Apostolieae
758 3555 852 3620 Sedis
880 3555 1050 3638 injuriam,
1078 3559 1111 3618 et
1134 3559 1242 3618 terrae

114 3664 256 3729 Sanctae
276 3663 439 3747 jacturam
454 3663 487 3728 in
503 3661 694 3728 Jadertinae
717 3661 860 3728 civitatis
876 3661 1003 3729 excidio
1023 3660 1242 3748 commisistis.

116 3769 156 3837 Et
170 3779 279 3854 certe,
306 3770 369 3836 nisi
386 3770 617 3837 correctionem
633 3776 773 3836 vestram
789 3791 830 3836 ex
849 3776 1004 3854 paternae
1031 3767 1242 3852 benignitatis

115 3877 234 3944 affectu
250 3878 465 3946 voluissemus
482 3879 639 3944 hactenus
656 3883 855 3964 exspectare,
877 3879 1094 3963 potuissemus
1111 3875 1240 3958 quidem

115 4003 155 4050 ex
173 3985 324 4051 canonici
334 3985 420 4069 juris
444 3985 552 4069 rigore
568 3985 601 4049 in
618 4005 656 4050 eo
673 4003 730 4050 vos
747 3983 862 4068 punire
881 4003 944 4066 quc
960 3983 1142 4068 peccastis,
1170 3982 1240 4046 sub·

115 4092 277 4159 trahendo
291 4092 531 4158 Patriarehatui
550 4099 659 4158 vestro
675 4091 881 4176 Metropolim
896 4089 1118 4171 tudertinam,
1144 4107 1241 4171 quam

116 4199 145 4264 ei
160 4198 354 4284 Apostolica
365 4199 465 4266 Sedes
482 4207 615 4284 propter
630 4203 771 4264 vestrum
788 4195 927 4280 subjecit
946 4196 1110 4260 bonorem.
1127 4192 1241 4260 Adbuc

117 4313 226 4372 autem
242 4305 383 4392 experiri
399 4305 555 4390 volentes,
576 4306 603 4371 si
620 4302 806 4390 hujusmodi
822 4303 957 4388 plagam
970 4297 1154 4366 medicinali
1170 4317 1241 4383 pos-

116 4411 217 4479 simus
232 4419 304 4478 arte
320 4431 453 4496 curare,
477 4412 698 4498 disposuimus
715 4411 758 4476 ad
774 4429 833 4476 vos
849 4407 996 4474 nuntium
1013 4405 1153 4489 dirigere
1170 4423 1240 4508 spe-

1 4597 2 4604 ,
116 4519 252 4602 cislem,
278 4517 361 4586 sicut
378 4519 514 4586 dilectus
529 4518 615 4585 filius
632 4517 668 4584 B.
686 4519 816 4584 nuntius
833 4521 951 4599 vester,
978 4514 1027 4580 vir
1044 4511 1154 4596 utique
1170 4528 1241 4597 pro·

116 4625 253 4694 viduset
267 4624 383 4708 tidelis,
401 4627 456 4712 pio
473 4626 567 4693 nobis
578 4626 743 4710 suggessit
759 4623 887 4710 affectu,
905 4641 963 4711 per
974 4640 1069 4706 quern
1080 4617 1241 4687 efficacius

161 4760 445 4800 numerarentur.
465 4771 501 4785 -
522 4761 592 4800 uren.
611 4754 644 4794 rr.
1039 4737 1078 4798 22
