3238 5184
891 321 1044 424 Q-

508 519 592 586 Item
601 517 661 584 hee
670 521 745 584 suut
754 514 949 600 munumina
956 515 1432 603 jobagieuumetufficialium
1443 519 1532 604 qued

399 646 472 694 cum
486 631 657 692 teneantur
671 628 802 710 perteue
828 620 973 690 decimas
989 621 1034 690 ad
1048 623 1199 691 horreum
1222 622 1311 692 illius
1327 623 1531 706 obediencie,

399 734 441 801 de
457 753 520 818 que
536 733 618 816 lece,
634 731 688 798 vel
703 729 737 796 in
752 747 816 814 que
826 729 898 798 lucc
915 729 967 796 vel
977 727 1060 796 ville
1076 729 1328 817 duntdeeiurcs5
1348 737 1382 798 et
1397 739 1533 798 tenecn-

396 848 449 907 tur
463 840 542 908 dere
556 845 590 906 et
604 859 669 907 nou
693 841 824 922 periere
844 834 988 904 hidriam
1012 837 1115 906 brasii
1130 846 1164 906 et
1178 857 1317 922 meone,
1343 859 1406 922 que
1430 839 1532 906 datur

395 947 441 1014 ad
465 946 585 1015 testum
607 943 719 1014 Sancti
737 942 889 1028 Martini;
915 943 1030 1012 Abies
1055 945 1223 1032 compellit
1247 965 1304 1014 ecs
1327 953 1458 1034 portare
1485 945 1532 1012 ad

395 1055 627 1122 monesterium
641 1051 751 1120 Sancti
766 1051 908 1118 Martini.

503 1160 588 1228 Item
611 1159 672 1226 hec
696 1165 771 1224 sunt
786 1157 982 1241 manamine
1003 1158 1114 1226 Beuch
1139 1161 1250 1228 clerici
1274 1160 1315 1227 de
1329 1160 1428 1228 Sale:
1452 1162 1528 1245 Ego

395 1267 505 1334 Beuch
532 1283 711 1349 conqueror
729 1261 823 1332 vobis
847 1263 987 1332 dominis
1011 1265 1267 1352 inquisitoribus,
1293 1267 1379 1352 quod
1404 1266 1529 1333 Vitalis

394 1370 583 1454 monachus,
600 1377 634 1436 et
648 1369 787 1436 Michael
804 1388 980 1436 conuersus
995 1370 1202 1438 inhibuerunt
1225 1371 1304 1440 mihi
1319 1371 1440 1438 scrinia
1455 1373 1525 1439 tric

394 1477 429 1546 iu
444 1495 574 1546 camere
590 1477 709 1544 Sancte
723 1477 828 1542 Maris
843 1477 878 1542 iu
891 1476 971 1544 Sela
985 1477 1150 1564 reposite3
1176 1479 1255 1546 dum
1272 1486 1380 1546 autem
1402 1478 1526 1547 vellem

392 1584 538 1671 recipere
553 1591 589 1650 ut
604 1595 687 1666 mee,
713 1590 807 1649 erant
821 1582 991 1651 venientes
1006 1583 1083 1652 laici
1099 1585 1254 1669 Jaccbus,
1270 1583 1386 1652 Benka
1401 1593 1435 1652 et
1448 1587 1521 1671 eiij,

391 1694 552 1760 violenter
575 1690 777 1758 abstulerunt
801 1691 1127 1778 meldunensibus,
1153 1701 1187 1760 et
1202 1692 1368 1761 custodem
1391 1711 1522 1760 camere

389 1800 526 1868 fratrem
536 1798 743 1884 Clementem,
761 1817 835 1866 mea
844 1798 925 1864 mihi
940 1797 1076 1868 reddere
1090 1800 1263 1878 volentem,
1279 1801 1424 1886 grauiter
1439 1800 1522 1867 ceci·

393 1909 510 1976 derunt
525 1905 717 1974 semivivum
742 1903 973 1990 relinquentes,
990 1912 1023 1972 et
1038 1904 1099 1972 hec
1122 1905 1211 1972 iacta
1227 1911 1303 1972 suut
1317 1913 1392 1990 pest
1411 1923 1520 1971 sacra

394 2023 536 2083 mentum
558 2015 643 2081 inter
657 2031 717 2080 nes
732 2019 765 2078 et
780 2011 944 2080 dominum
959 2011 1120 2080 Abbatem
1133 2011 1265 2080 iactum.
1279 2011 1362 2079 Item
1377 2011 1520 2078 Michael

388 2139 587 2206 conversus,
617 2119 733 2185 Beuka
758 2125 790 2184 et
814 2117 958 2184 Jacubus
982 2136 1055 2186 cum
1080 2115 1275 2202 quibusdem
1299 2117 1374 2184 aliis
1398 2117 1520 2203 viginti

386 2232 511 2298 electus
525 2231 628 2297 boues
643 2245 664 2292 a
679 2243 731 2292 me
745 2224 957 2308 abstulerunt,
983 2231 1018 2292 et
1032 2224 1115 2292 duos
1134 2245 1175 2292 ex
1190 2225 1239 2292 eis
1255 2223 1289 2290 iu
1314 2224 1430 2292 eudem
1443 2224 1518 2292 loeo

388 2334 551 2402 frustatim
576 2337 809 2399 mactaverunt.
834 2331 876 2397 ut
901 2330 962 2398 hec
986 2332 1097 2400 omnis
1119 2340 1255 2419 paratus
1278 2351 1350 2398 sum
1375 2333 1517 2418 probare

385 2449 531 2528 tempere
549 2447 717 2526 oportune.

495 2637 544 2704 (Aa
558 2638 660 2690 eredeti
674 2634 793 2702 ckmduy
804 2650 823 2687 a
833 2635 1026 2702 panucnhsimi
1040 2632 1185 2702 fdcpitsig
1198 2633 1404 2696 levdlttrdban.)

902 3453 979 3522 843.

455 3633 485 3700 A
501 3633 665 3699 vcilueztett
680 3631 838 3698 bireiknulc
852 3653 1039 3719 apparatura
1053 3632 1188 3719 dppbeni
1202 3632 1311 3699 itdlete.
1330 3635 1429 3698 1233.

486 3827 567 3895 Cum
582 3828 681 3894 Patre
697 3846 757 3893 nes
774 3826 880 3894 Natus
895 3827 985 3894 iuuet
1003 3826 1104 3894 hicet
1120 3827 1260 3914 Spiritus
1276 3827 1403 3896 Almus.
1427 3829 1507 3896 Sua-

374 3935 474 4004 dente
489 3936 624 4003 humaui
638 3933 767 4020 generis
783 3933 927 4017 inimico,
944 3933 1001 4018 qui
1023 3939 1156 4020 prepter
1174 3933 1327 4002 elationis
1337 3936 1506 4021 coucupis-

371 4044 518 4112 centiam
533 4049 566 4110 et
581 4039 803 4128 proteruitatis
827 4040 1133 4126 superciliositatem
1158 4040 1199 4106 de
1215 4039 1374 4106 ineffabili
1399 4040 1505 4124 gloria

372 4152 506 4220 celestis
516 4149 660 4234 regionis
669 4147 835 4234 depulsus,
846 4149 880 4214 in
890 4147 987 4215 terris
1002 4153 1104 4213 artem
1116 4147 1309 4233 nepharium
1318 4165 1378 4213 sue
1388 4147 1504 4232 iniqui·

372 4261 451 4326 tetis
467 4257 608 4324 maxime
624 4255 838 4322 interelectcs
854 4254 996 4320 inuicem
1011 4260 1044 4320 et
1059 4251 1245 4336 diligendos
1264 4259 1394 4319 exercet
1409 4255 1503 4319 semi-

372 4366 481 4432 nando
497 4363 667 4444 zizaniam,
693 4361 883 4428 suscitando
899 4359 999 4442 rixas,
1016 4357 1094 4426 odia
1108 4358 1321 4444 procreando,
1338 4359 1455 4444 peiere
1469 4367 1503 4426 et

371 4477 405 4537 et
415 4471 559 4557 pessima
569 4466 799 4556 perpetrando,
810 4475 848 4534 ut
856 4467 956 4552 quiin
966 4465 1182 4534 hereditatem
1191 4465 1297 4550 glorie
1312 4466 1500 4550 supradicte

367 4598 434 4644 non
451 4579 567 4646 abillo
583 4596 787 4663 persuasere,
813 4575 872 4643 sed
889 4595 910 4641 a
927 4573 1067 4658 Christe,
1085 4575 1141 4654 qui
1160 4572 1201 4638 de
1218 4572 1415 4640 Beatissimae
1432 4573 1499 4639 Vir-
