3202 5190
101 1201 165 1265 ΙΙΙ.
181 1201 269 1264 lacae
282 1196 437 1286 pdpcinolr
453 1195 640 1263 lotdrozala
650 1219 671 1260 α
686 1196 828 1282 apolatoi
845 1201 932 1264 eraclo
942 1200 1139 1286 dskdptulun
1149 1200 1235 1264 lebeti

378 1301 844 1401 eppenellenadpektdrpyciban.
864 1307 961 1372 1206.

208 1496 415 1566 Innocentius
431 1497 612 1584 Episcopus
637 1519 750 1566 seruus
774 1519 939 1568 seruorum
963 1503 1026 1570 Dei
1051 1503 1231 1569 venerabili

99 1606 196 1674 fratri
212 1607 250 1672 B.
267 1603 542 1691 Archiepiscopo,
569 1612 601 1671 et
618 1603 746 1673 dilectis
770 1605 847 1675 liliis
865 1607 1037 1676 Canonicls
1054 1609 1231 1695 spalatinis

100 1715 242 1782 salutem
258 1711 521 1799 etApostolioam
539 1711 806 1782 benedictionem.
824 1715 905 1783 Cum
916 1716 1001 1784 inter
1016 1717 1099 1784 bone
1114 1738 1228 1784 memo·

99 1825 148 1891 rie
163 1825 202 1890 P.
219 1819 482 1909 predecessorem
498 1827 599 1908 tuum,
625 1821 726 1888 frater
742 1821 1005 1912 Archiepiscope,
1022 1844 1061 1891 ao
1084 1831 1139 1891 tue
1155 1825 1231 1891 ciui·

99 1933 181 2000 tatis
197 1928 331 1998 clericos
346 1949 443 2016 super
459 1929 560 1996 variis
575 1931 723 1999 articulis
739 1931 866 2014 questio
882 1939 1070 2016 verteretur,
1096 1952 1169 2000 eam
1185 1935 1230 1999 se-

97 2040 174 2108 licis
191 2038 428 2106 recordationis
444 2038 479 2105 Ο.
496 2039 587 2125 Pape
603 2038 843 2126 predecessoris
859 2041 960 2108 nostri
979 2039 1146 2108 audientic
1160 2063 1229 2128 pre·

99 2153 287 2232 sentamnt,
312 2153 347 2214 nt
364 2145 426 2213 sub
442 2145 546 2232 ipsius
562 2147 711 2215 examine
726 2148 886 2216 ventilata
899 2150 962 2216 fine
978 2147 1087 2216 debito
1104 2147 1231 2216 clande-

100 2262 199 2323 retur.
216 2253 246 2319 A
262 2253 381 2337 quibus
396 2252 507 2336 utique
523 2253 650 2321 clericis
666 2253 754 2322 idem
770 2261 843 2323 tuus
858 2254 1069 2341 predecessor
1087 2255 1228 2343 petebat,

100 2371 135 2431 ut
159 2369 310 2446 quartam
335 2367 461 2448 partem
478 2359 729 2427 decimationum
756 2369 788 2428 et
807 2362 1006 2430 oblationum
1031 2361 1073 2430 de
1098 2381 1231 2449 corpore

99 2469 247 2538 ciuitatis
257 2469 321 2559 sibi
331 2467 476 2535 debitam
485 2467 684 2536 exhiberent.
703 2470 840 2537 Petebat
850 2470 958 2557 etiam,
979 2479 1062 2537 uteo
1074 2477 1229 2557 tempore,
1266 2495 1268 2500 ·

100 2599 164 2663 qno
181 2577 253 2666 ipse
269 2579 322 2645 rel
345 2596 549 2646 successores
572 2577 621 2643 sui
638 2577 681 2642 ad
696 2580 877 2646 Romanam
893 2579 1075 2647 Ecclesiam
1100 2577 1230 2645 accede·

99 2693 172 2754 rent
187 2683 421 2771 consecrandi,
446 2705 504 2753 seu
520 2687 700 2752 Romanum
715 2686 914 2772 Pontificem,
931 2690 1161 2776 Imperatorem
1177 2687 1230 2753 vel

99 2798 223 2880 Regem
239 2813 340 2862 eausa
356 2792 553 2861 visitationis
578 2793 724 2880 adirent,
751 2794 860 2862 clerici
877 2796 939 2863 sibi
959 2794 1157 2879 adjutorium
1172 2795 1231 2860 im-

99 2901 280 2990 penderent
296 2909 495 2989 oportunum.
522 2902 589 2990 Ipsi
606 2923 682 2970 vero
698 2903 761 2972 sibi
778 2904 821 2971 ad
837 2904 898 2972 hec
921 2903 1043 2992 pariter
1058 2901 1229 2990 responde·

100 3011 180 3078 bant
189 3063 198 3097 ,
226 3008 313 3094 quod
329 3029 400 3076 cum
414 3007 662 3097 predecessores
678 3009 781 3096 ipsius
807 3011 950 3094 quinque
967 3008 1228 3091 ebdomadarios,

98 3119 313 3206 presbiterum
329 3117 463 3204 scilicet,
490 3116 635 3205 levitam,
652 3117 897 3203 subdiaconum,
918 3117 1070 3184 acolitam
1087 3125 1120 3183 et
1136 3117 1230 3184 sacri·
1338 3127 1340 3134 '

100 3233 197 3311 stam,
213 3245 272 3312 per
287 3233 390 3292 totam
406 3232 592 3293 tenerentur
608 3222 822 3294 ebdomadam
841 3243 1031 3312 procurare,
1059 3231 1091 3290 et
1106 3223 1166 3290 lroc
1182 3223 1230 3289 eis

100 3331 309 3421 importabile
324 3329 510 3417 rideretur;
526 3332 573 3400 ita
590 3353 662 3400 cum
679 3331 843 3399 canonicis
859 3337 1076 3398 convenerunt
1085 3382 1094 3415 ,
1120 3337 1156 3396 ut
1170 3350 1228 3418 pro

98 3438 404 3526 recompensatione
427 3438 688 3526 procurationum
712 3435 984 3526 supradictarum
1001 3436 1166 3504 baberent
1181 3435 1231 3522 ips

99 3555 252 3634 quartam
268 3552 395 3633 partem
411 3546 663 3616 decimationum
680 3554 712 3615 et
727 3545 928 3614 oblationum
959 3544 1000 3612 de
1017 3562 1151 3630 corpore
1167 3543 1232 3609 ciui

100 3657 189 3742 tatis,
216 3655 302 3723 sicut
317 3655 351 3722 in
367 3654 498 3740 scriptis
514 3655 600 3724 bone
616 3654 774 3723 memorie
790 3653 923 3739 Gaudij,
941 3650 1080 3721 Gerardi
1095 3657 1127 3717 et
1142 3650 1230 3717 Petri

100 3764 369 3852 predecessorum
394 3782 526 3830 suorum
542 3762 723 3829 continetur
742 3781 944 3848 expressum.
969 3759 1129 3826 Petebant
1144 3758 1230 3824 insu·

100 3892 159 3960 per
173 3869 348 3941 duodecim
373 3869 514 3956 prandia
538 3870 636 3938 certis
652 3870 729 3938 anni
750 3869 983 3936 iestiuitatibus
1009 3865 1228 3953 percipienda,
1285 3863 1289 3870 ’

99 3980 287 4068 potationes
304 3978 566 4048 Sabbatorumet
585 3977 828 4063 procurationes
839 3975 941 4042 tribus
952 3974 1151 4057 ebdomarijs
1168 3973 1229 4039 sin-

100 4087 187 4176 gulis
212 4086 331 4156 diebus
347 4084 524 4154 Dominicis
551 4084 764 4154 exhibendas.
793 4082 874 4150 Cum
891 4080 990 4165 igitur
1008 4080 1094 4146 idem
1119 4080 1229 4165 prede-

101 4199 329 4266 cessorrester
345 4192 453 4262 multis
470 4201 503 4260 et
512 4191 613 4260 variis
629 4191 770 4276 negotijs
783 4193 962 4273 occupatus
972 4185 1016 4252 ad
1031 4187 1229 4271 hecrespon-

103 4305 178 4374 dere
194 4323 261 4373 non
277 4302 423 4387 valeret,
447 4301 664 4370 venerabilem
681 4299 814 4366 fratrem
830 4302 975 4366 nostrum
990 4293 1021 4360 J.
1038 4299 1113 4359 tunc
1129 4292 1228 4358 Vitor-

100 4414 258 4497 biensem,
275 4409 588 4480 nunollbanensem
598 4409 808 4496 Episcopum,
822 4404 948 4474 othone
964 4401 1117 4469 memorie
1133 4400 1172 4468 G.
1190 4400 1230 4466 de

102 4521 221 4590 Sancto
238 4519 397 4607 Apostolo
414 4519 532 4586 Sancte
551 4515 654 4584 Mario
670 4515 703 4584 in
719 4511 849 4580 Portiou
870 4509 1077 4577 cardinalem
1103 4526 1230 4576 conces-

103 4630 145 4699 sit
161 4627 328 4697 auditores
343 4661 627 4676 ------
644 4619 809 4710 presentia
824 4617 989 4688 constituti
1012 4621 1086 4703 post
1109 4615 1228 4683 multas

100 4725 355 4825 disceptationes
381 4741 414 4802 et
430 4732 645 4820 allegationes
661 4729 785 4800 saniori
803 4729 854 4797 usi
878 4724 1013 4796 consilio
1032 4721 1143 4792 taliter
1158 4741 1229 4790 con·
