3238 5184
634 1015 712 1082 304.

101 1228 191 1292 Bcza
205 1229 310 1316 ayjabt
320 1231 427 1316 kirtly
437 1231 559 1296 Franco
575 1234 607 1294 ds
617 1231 733 1314 latoria,
743 1228 897 1294 Bertdold
908 1251 1004 1292 comm
1012 1228 1235 1312 flciszdmdru

98 1336 151 1402 ΙΙ.
170 1336 338 1402 Eadrdnalc
355 1337 481 1402 Matheo
496 1337 648 1423 delycdpat
672 1339 824 1424 tc'rpyaad
840 1336 1032 1420 adomdnydt
1048 1334 1236 1421 cwgcrdstti.

621 1449 720 1516 1230.

212 1679 293 1746 Bcla
307 1678 369 1745 Dei
386 1680 500 1762 gracia
516 1680 594 1762 Rex,
612 1679 845 1766 primogenitus
858 1679 958 1762 Regis
970 1677 1149 1762 Huugarie‚
1166 1679 1233 1744 vni-

99 1786 209 1853 uersis
234 1787 288 1872 pie
313 1789 347 1854 in
373 1787 502 1854 Christo
529 1787 714 1853 uiuentibus
742 1787 881 1853 salutem
913 1805 985 1851 cnm
1009 1804 1086 1851 uere
1116 1783 1232 1851 salutis

98 1901 287 1979 augmento.
316 1895 396 1962 Cum
412 1894 543 1962 inutiles
559 1901 593 1961 et
608 1895 790 1982 superfluas
816 1893 1067 1980 perpetuitatum
1084 1891 1232 1960 donacio·

99 2023 162 2069 nes
179 2003 220 2069 de
236 2005 402 2071 uoluntate
418 2003 521 2090 patris
543 2003 646 2071 nostri
662 1988 803 2070 illustris
819 2005 856 2068 A.
872 2002 973 2086 Regis
994 2001 1028 2067 in
1043 1999 1168 2066 irritum
1185 2020 1232 2066 re·

99 2130 303 2190 uocaremus,
331 2109 442 2177 fideles
466 2113 568 2179 nostri
592 2111 719 2177 Franco
740 2118 773 2177 et
796 2111 983 2196 Stephanus
1008 2107 1065 2193 filij
1085 2107 1231 2175 Bcrtoldi

99 2219 238 2286 Comitis
264 2220 449 2286 obtulerunt
464 2221 558 2285 nobis
574 2219 780 2306 priuilegium
797 2219 901 2305 patris
917 2218 1020 2284 nostri
1043 2237 1140 2304 super
1156 2235 1232 2300 qua·

98 2326 178 2393 dam
202 2329 344 2394 terrain
369 2325 530 2395 Comitatn
556 2327 780 2414 supruniensi,
809 2326 961 2392 uidelicet
987 2325 1066 2391 uilla
1091 2325 1230 2410 Muthsa,

97 2452 197 2519 super
212 2453 275 2518 quo
300 2431 344 2498 ad
368 2441 514 2500 nostram
539 2435 670 2500 fuerant
690 2435 780 2500 citati
804 2433 1019 2520 presenciam.
1035 2433 1105 2502 Nos
1132 2435 1231 2518 igitur

96 2539 342 2608 considerantes
354 2541 588 2609 rationabilem
600 2541 790 2608 donacionis
801 2561 953 2626 cansam3
975 2541 1147 2627 presertim
1158 2561 1230 2607 enm
1272 2605 1286 2626 ,

97 2648 186 2713 inter
202 2655 320 2731 cetera,
347 2649 464 2732 quibus
481 2648 565 2714 idem
588 2648 782 2736 Bertholdus
798 2647 881 2734 Regi
906 2655 939 2714 et
954 2651 1067 2734 Regno
1093 2647 1183 2714 utilis
1199 2657 1231 2714 et

97 2754 205 2820 fidelis
221 2755 370 2822 extitisse
394 2757 581 2839 dinoscitur,
607 2756 692 2822 idem
708 2777 767 2842 per
788 2756 942 2822 circulum
963 2756 1041 2821 anni
1061 2763 1155 2821 extra
1171 2757 1229 2820 Re-

96 2883 199 2948 gnum
215 2883 288 2930 cum
302 2883 414 2931 sorore
440 2872 553 2931 nostra
569 2883 609 2929 ex
626 2862 781 2930 mandato
797 2866 902 2951 patris
927 2865 1029 2928 nostri
1046 2863 1078 2928 in
1093 2863 1228 2930 Thurin·

97 2973 155 3056 gia
174 2992 239 3038 una
254 2973 351 3039 simul
367 2993 439 3038 cum
465 2993 566 3040 uxore
582 2992 643 3039 sua
659 2973 691 3037 in
707 2973 863 3057 grauibus
884 2973 1037 3056 expensis
1052 2978 1085 3039 et
1101 2971 1229 3039 famosa

95 3080 351 3147 conuersacione
367 3079 411 3145 ad
427 3078 583 3148 honorem
609 3081 714 3146 tocius
730 3079 835 3165 Regni
861 3078 1160 3146 commendabiliter
1181 3081 1227 3146 la-

96 3186 281 3272 borauerit3
298 3187 383 3254 filius
401 3207 530 3272 quoque
546 3187 764 3273 prenominati
781 3189 818 3253 B.
835 3207 894 3273 per
910 3186 1082 3272 sanguinis
1099 3188 1226 3256 effusio-

93 3316 171 3362 nem
186 3297 221 3362 in
237 3296 374 3363 servicio
389 3297 494 3382 patris
510 3295 612 3362 nostri
629 3295 670 3361 de
687 3295 750 3361 hae
766 3295 835 3361 uita
861 3295 1025 3362 decedens
1042 3297 1138 3382 graui
1155 3317 1226 3364 con-

95 3402 225 3470 dicione
242 3403 355 3470 mortis
370 3403 517 3471 fauorem
528 3403 690 3490 Principis
707 3411 739 3470 et
755 3405 860 3489 Regni
882 3402 1049 3470 euidenter
1066 3404 1128 3470 sibi
1146 3424 1227 3470 com·

93 3530 233 3598 parasse
249 3511 446 3596 perhibetur.
474 3514 536 3578 Pro
553 3511 627 3594 hiis,
655 3517 690 3576 'et
707 3511 781 3578 aliis
798 3511 966 3578 fidelitatis
982 3532 1040 3578 sue
1063 3513 1226 3598 insigniis,

93 3618 213 3703 quibus
225 3619 385 3703 ingiterin
402 3619 541 3686 seruicio
552 3619 656 3704 patris
673 3620 775 3688 nostri
793 3619 975 3706 desudant,
993 3627 1025 3686 et
1035 3629 1109 3708 post
1119 3621 1226 3708 ipsum

91 3725 151 3792 filii
167 3726 314 3794 eiusdem
330 3748 394 3794 non
422 3727 537 3794 minori
553 3727 734 3795 deuocione
750 3729 844 3796 nobis
866 3730 1057 3815 astiterunt;
1083 3729 1224 3796 antedic-

92 3841 160 3900 tam
176 3833 391 3902 donacionem
417 3837 522 3922 patris
539 3837 641 3903 nostri
658 3857 724 3903 non
739 3842 864 3902 tantum
883 3858 947 3903 non
968 3837 1139 3920 minorare,
1165 3837 1224 3903 sad

91 3940 206 4026 pocius
223 3949 435 4028 augmentare
453 3943 668 4010 decreuimus.
687 3943 870 4030 Eapropter
886 3941 1086 4028 sepedictam
1103 3949 1222 4010 terram

92 4068 249 4134 expresse
274 4050 317 4116 ad
342 4051 374 4116 X
399 4057 511 4117 aratra
541 4049 582 4116 de
613 4071 775 4118 consensu
809 4051 919 4116 fratris
951 4050 1054 4117 nostri
1081 4051 1222 4118 Illustris

92 4155 286 4222 Cholomani
307 4157 417 4242 Regis,
442 4164 474 4224 et
499 4158 686 4244 Principum
703 4165 888 4225 nostrorum
912 4157 1048 4224 consilio
1073 4167 1224 4243 pretaxa-

90 4263 133 4330 tis
149 4263 307 4332 fratribus
330 4265 366 4331 F.
383 4273 416 4333 et
441 4267 474 4333 S.
491 4267 623 4351 suisque
648 4267 821 4334 heredibus
846 4273 1002 4353 perpetuo
1026 4267 1222 4334 irreuocabi-

91 4371 166 4437 liter
182 4373 415 4458 possidendam
427 4377 665 4442 confirmamus.
686 4375 781 4442 Anno
794 4374 1035 4442 lucarnaeionis
1051 4375 1219 4445 Dominice

91 4481 137 4545 M⁰
147 4479 212 4546 00⁰
221 4481 331 4547 XXX?
349 4483 435 4550 Pous
450 4483 607 4568 Magistro
624 4484 898 4566 Tawamicornm,
922 4483 1032 4549 Sohak
1049 4481 1218 4568 Dapifaro-

91 4611 172 4678 runi,
189 4589 624 4684 MichahelePincernarum,
642 4593 1140 4684 PousaAgasonumnostmrum
1157 4593 1221 4662 Ma·
