3218 5192
638 319 797 426 ‚m-

147 515 227 586 ricis
243 518 390 589 eiusdem
406 521 595 606 Ecclesiae,
620 521 760 590 Radona
783 522 965 590 Busanensi
990 519 1280 610 Archipresbytero

147 646 223 694 cum
239 628 367 696 clericis
384 630 530 696 eiusdem
544 630 723 714 Ecclesiae,
741 629 914 697 Decomiro
930 631 1075 699 Nouensi
1091 631 1280 718 Archipres·

148 735 269 819 bytero
288 741 319 801 et
331 736 428 804 Petro
437 737 636 824 Primicerio,
653 758 725 804 oum
742 737 879 822 reliquis
891 737 1033 806 eiusdem
1044 737 1211 804 Ecclesiae
1222 740 1281 808 cle·

146 841 251 927 rieis,
267 843 363 910 firma
378 845 571 930 stabilisque
586 854 787 932 permaneat,
804 866 864 932 per
879 846 1119 914 cancellarium
1135 852 1281 914 nostrum

144 949 323 1018 Albertum
339 951 450 1019 Sancti
460 953 703 1021 Bartholomaei
713 956 943 1041 Praepositum
955 954 1091 1022 fecimus
1107 953 1278 1037 conscribi,

147 1061 182 1146 et
196 1056 352 1143 insigniri
367 1061 509 1146 propriis
525 1061 655 1147 sigillis.
672 1063 794 1130 Datum
808 1064 936 1149 Spalati
956 1062 989 1128 in
1006 1061 1154 1128 Ecclesia
1168 1060 1280 1128 Sancti

144 1166 302 1233 Andreae
324 1167 476 1256 Apostoli
501 1191 560 1258 per
585 1190 716 1238 manum
742 1171 923 1258 supradicti
949 1171 1130 1258 Praepositi
1154 1168 1281 1237 Alberti

145 1272 347 1342 Cancellarii
362 1277 476 1344 nostri.

145 1455 189 1520 ll.
226 1454 467 1542 Appendix
500 1455 551 1523 ad
576 1455 827 1524 Concilium
856 1457 1155 1528 Provinciale
1183 1458 1279 1543 Spa·

347 1567 349 1576 '
621 1566 812 1632 latense.

259 1707 285 1772 Ι.
302 1708 346 1775 Ut
364 1707 540 1793 (laconici,
558 1708 614 1792 qui
630 1709 753 1776 reditus
770 1709 943 1777 canonicos
960 1709 1082 1776 habent
1092 1760 1101 1794 ,
1126 1708 1160 1774 iu
1175 1708 1279 1792 nigris

145 1813 275 1901 cappis,
302 1817 354 1882 vel
371 1816 454 1883 albis
471 1817 715 1903 superpelliceis
740 1817 784 1884 ad
803 1818 926 1884 Divina
951 1815 1058 1885 officia
1083 1816 1281 1883 celebranda

146 1921 369 2007 maceniam,
395 1928 428 1990 et
443 1922 606 1990 dormiant
630 1923 664 1989 in
681 1921 871 1992 dormitorio
894 1945 968 1992 uuo.
994 1925 1035 1989 Et
1051 1923 1080 1989 si
1096 1922 1215 2008 aliquis
1240 1943 1281 1989 ex

147 2027 327 2097 Canonicis
344 2031 386 2098 de
402 2031 556 2100 mandato
573 2032 821 2120 Archiepisoopi
830 2083 839 2117 ,
856 2032 921 2116 .qui
937 2052 997 2118 pro
1012 2037 1158 2119 tempore
1173 2029 1279 2115 luerit,

147 2135 204 2202 vel
220 2135 376 2224 Capituli,
393 2139 589 2224 processerit
605 2141 816 2226 aliquorsum,
832 2139 935 2207 donec
951 2143 1045 2206 extra
1064 2138 1282 2224 permanserit

150 2243 308 2328 exigente
333 2247 549 2334 necessitato,
575 2246 703 2322 sucus
724 2246 932 2334 praebendae
956 2266 1055 2332 suae,
1081 2264 1138 2314 seu
1157 2243 1281 2313 reditus

148 2371 229 2418 suos
247 2352 372 2439 integre
387 2363 613 2440 consequatur.

262 2463 306 2528 Η.
322 2463 374 2530 No
388 2465 613 2532 conventicula
622 2466 711 2551 fiant,
729 2487 814 2550 quae
823 2466 1044 2534 fraternitates
1055 2463 1282 2551 appellantur3

150 2575 186 2636 et
201 2589 244 2636 ne
260 2568 388 2657 Comes,
405 2573 457 2640 vel
474 2573 558 2641 alius
574 2574 767 2660 quicumque
783 2575 898 2659 laicus,
920 2595 992 2641 oum
1008 2574 1189 2641 Ecclesiam
1205 2575 1282 2641 Rec-

150 2683 224 2744 tore
240 2698 361 2746 vacare
376 2682 550 2767 contigerit
559 2733 569 2768 ,
586 2681 749 2768 dedomo,
775 2682 828 2750 vel
844 2682 918 2749 aliis
933 2681 1030 2748 rebus
1050 2679 1281 2748 ecclesiasticis

150 2803 189 2850 se
204 2785 420 2857 intromittere
447 2790 514 2857 ullo
530 2789 627 2860 modo
643 2795 850 2878 praesumat,
877 2791 931 2857 vel
948 2808 1121 2876 personam
1138 2788 1282 2874 aliquam

150 2893 201 2960 eis
219 2895 407 2980 praeficere.

263 3001 323 3068 IlI.
340 3003 457 3072 Nullus
473 3005 507 3072 in
523 3006 705 3075 sacerdotio
731 3007 830 3074 ducat
853 3025 1005 3089 uxorem,
1030 3024 1091 3071 nec
1116 3003 1160 3070 ad
1175 3022 1280 3071 sacer·

152 3110 238 3178 dotii
261 3111 408 3181 ordinem
427 3121 632 3201 assumatur,
657 3116 721 3184 nisi
736 3136 773 3184 se
799 3116 956 3184 uicturum
973 3111 1158 3200 promiserit
1183 3112 1280 3181 conti-

153 3225 278 3288 neuter.

263 3330 319 3396 IV.
337 3331 381 3398 Ut
395 3331 506 3400 nullus
516 3333 699 3422 Episcopus
708 3334 948 3422 presbyterum,
967 3349 1025 3398 seu
1036 3327 1188 3396 clericum
1205 3325 1282 3392 alte·

154 3434 225 3502 rius
241 3437 411 3506 Dioeoesis
428 3441 576 3528 accipere
591 3442 661 3509 sine
677 3441 801 3529 proprii
815 3439 971 3528 Episcopi
981 3435 1106 3522 litteris,
1130 3433 1183 3501 vel
1202 3431 1283 3501 ordi-

154 3565 235 3614 nare
252 3554 449 3632 praesumat.

264 3655 303 3722 V.
319 3655 364 3722 Ut
379 3657 485 3724 nullus
501 3657 637 3726 clericus
652 3659 835 3725 Ecclesiam
851 3657 997 3726 obtinere
1014 3675 1073 3743 per
1088 3653 1211 3738 laicos,
1228 3653 1282 3718 rel

22 3813 25 3818 -
157 3763 308 3848 accipere
335 3765 378 3830 ab
403 3764 513 3850 aliquo
539 3765 764 3834 investituram
780 3765 950 3832 Ecclesiae
972 3783 1037 3831 non
1059 3761 1209 3830 vacantis
1237 3767 1283 3826 at·

156 3875 221 3936 tem
247 3876 303 3936 tet.

223 3891 246 3956 p
265 3980 322 4046 VI.
339 3981 377 4047 In
394 3999 496 4048 causa
520 3983 746 4051 ecclesiastica
755 4033 764 4067 ‚
791 3981 855 4050 nisi
871 3980 1052 4068 pervasit,
1079 3976 1199 4045 nullius
1215 3975 1285 4042 sine

153 4087 341 4173 juramento
357 4091 577 4160 testimonium
592 4093 793 4161 admittatur.

266 4197 338 4263 VII.
370 4198 530 4267 lloniales
555 4207 630 4287 post
656 4220 777 4268 annum
801 4217 881 4266 suae
905 4190 1109 4283 probationis
1133 4189 1284 4257 velamen

160 4303 343 4391 accipiant,
369 4313 426 4374 aut
441 4309 651 4394 egrediantur
665 4309 707 4376 de
723 4311 884 4392 clanstm3
910 4301 1091 4371 Abbatissa
1106 4317 1183 4367 vero
1199 4295 1285 4363 inira

160 4433 303 4484 mensem
330 4417 498 4486 electionis
525 4437 605 4487 suae
623 4419 882 4488 benedictionem
907 4409 1067 4496 accipiat,
1094 4407 1146 4474 vel
1161 4409 1286 4474 remota

161 4523 296 4613 mdem,
322 4525 390 4593 alia
415 4527 626 4616 subrogatum
655 4528 814 4596 moniales
839 4541 943 4610 neque
968 4519 1053 4586 lineo
1078 4514 1283 4608 vestimento,

160 4651 266 4718 neque
291 4655 389 4704 carne
413 4642 563 4723 utantur,
588 4637 651 4706 nisi
667 4636 751 4706 sorte
775 4633 894 4704 suerint
912 4627 1099 4697 infirmitate
1124 4623 1284 4692 detentae.
