3164 5192
581 379 737 482 2⁶2⁷...

99 583 286 668 bominum,
312 591 345 649 et
360 579 412 647 eui
427 577 567 645 voluerit
583 577 675 644 dubit
691 577 790 662 illud,
808 585 922 665 utpote
937 602 996 667 per
1013 603 1108 667 quem
1124 587 1231 669 Reges

97 697 249 776 regnant,
264 697 297 757 et
313 688 482 771 Principes
499 684 726 769 dominantur,
744 703 816 750 eum
826 687 922 754 Petro
938 693 971 753 et
987 692 1231 758 suecessoribus

98 797 179 880 suis,
199 805 231 863 et
247 795 343 864 nobis
358 793 392 859 in
409 812 458 874 eo,
482 789 669 857 noverimus
686 807 759 856 esse
774 789 896 856 dietum
915 815 922 855 :
953 795 1044 877 ,Ego
1060 815 1121 879 pro
1137 800 1170 860 te
1185 817 1230 864 ro·

97 905 189 992 gavi,
199 907 306 988 Petro,
323 909 438 969 utnon
454 897 680 964 definiatfides
697 903 771 982 tua,
782 899 840 964 sed
857 906 890 966 tn
907 901 1084 985 aliqnando
1101 922 1232 970 eonver-

99 1033 158 1080 sus
186 1013 343 1080 confirma
368 1010 485 1076 fratres
505 1003 598 1072 tuos“
626 1003 718 1093 (Lae.
736 1006 878 1093 xxn.);
905 1029 977 1074 eum
993 1029 1034 1075 ex
1058 1017 1233 1097 praesepto

99 1121 240 1189 Domini
255 1137 334 1187 oves
360 1118 431 1202 ejus
447 1131 585 1201 passere
611 1119 798 1199 teneamur,
824 1116 954 1201 populis
969 1117 1183 1201 Bnlgarorum
1203 1125 1234 1185 et

98 1230 299 1312 Blaeornm,
325 1225 381 1311 qui
397 1225 497 1290 multo
518 1223 591 1308 jam
606 1225 753 1308 tempore
779 1222 822 1289 ab
838 1225 990 1292 uberibus
1016 1227 1130 1293 matris
1156 1247 1235 1294 suae

103 1334 245 1401 alienati
259 1333 387 1400 luerunt
396 1383 404 1416 ,
430 1331 464 1397 in
480 1329 705 1416 spiritualibus
721 1337 754 1397 et
768 1332 1004 1416 temporalibus
1019 1339 1158 1418 paterna
1174 1335 1234 1402 sol·

101 1443 276 1512 lieitudine
287 1438 461 1529 providere
470 1437 627 1520 volentes,
640 1439 712 1522 ejus
726 1439 921 1507 auctoritate
931 1441 1055 1524 oonfioi,
1070 1462 1129 1529 per
1138 1462 1234 1528 quem

101 1551 239 1619 Samuel
254 1549 364 1618 David
388 1547 421 1613 in
438 1549 560 1632 Regem
577 1545 724 1632 inunxit,
752 1547 876 1630 Regem
893 1554 925 1614 te
948 1549 1120 1615 statuimus
1137 1569 1234 1635 snper

102 1680 173 1742 eos,
192 1665 226 1724 et
235 1677 294 1744 per
310 1657 463 1723 dileetnm
477 1655 579 1720 filium
601 1653 753 1739 Leonem,
770 1655 857 1721 tituli
871 1656 1011 1722 Sanctae
1021 1655 1235 1724 OrurisPres·

101 1767 258 1851 byternm
276 1763 495 1847 Cardinalem,
511 1759 723 1847 Apostolieae
739 1761 835 1828 Sedis
851 1763 1020 1848 Legatum,
1044 1765 1148 1829 virum
1164 1784 1234 1849 pro-

101 1873 218 1938 vidum
235 1877 267 1937 et
276 1871 459 1953 honestum,
474 1869 569 1936 nobis
586 1869 670 1935 inter
685 1875 833 1936 eaeteroe
849 1868 1107 1939 iratresnostros
1123 1891 1234 1958 acaep-

101 1986 186 2062 tum,
204 1985 367 2062 soeptrnm
382 1974 488 2060 Regni
503 1994 542 2040 ae
556 1974 694 2060 Regium
709 1975 770 2042 tibi
786 1975 943 2043 mittimus
965 1977 1138 2063 diadema,
1164 1979 1235 2063 ejus

102 2085 204 2169 quasi
219 2085 341 2151 nostris
356 2085 417 2151 tibi
433 2083 584 2149 munibus
599 2082 840 2168 imponendum,
865 2083 1050 2169 recipiendo
1067 2105 1089 2150 a
1103 2091 1135 2150 te
1147 2087 1236 2170 jura-

102 2192 225 2260 toriam
242 2191 443 2275 cautionem,
470 2189 559 2276 quod
573 2189 668 2257 nobis
684 2196 717 2255 et
730 2190 975 2258 suoeessoribus
994 2191 1114 2258 nostris
1131 2199 1163 2258 et
1178 2193 1235 2260 Ee·

105 2299 233 2366 olesiae
247 2301 415 2366 Romanae
431 2299 567 2366 devotus
585 2304 617 2364 et
632 2298 788 2366 obediens
805 2299 1023 2385 permanebis,
1049 2309 1082 2367 et
1102 2309 1235 2368 orruetas

103 2413 214 2473 terras
231 2411 263 2472 et
278 2411 394 2489 gentes
411 2412 467 2474 tuo
492 2407 657 2491 subjectas
673 2406 813 2491 Imperio
832 2407 1068 2474 inobedientia
1093 2413 1126 2475 et
1141 2409 1236 2478 ‹levo-

101 2515 196 2582 tione
220 2513 314 2581 Sedis
329 2513 543 2600 Apostolieae
568 2515 789 2584 conservabis.
814 2514 867 2580 Ad
889 2515 1078 2601 petitionem
1103 2517 1237 2604 insuper

102 2620 305 2688 venerabilis
329 2620 440 2686 fratris
465 2622 569 2688 nostri
594 2621 717 2706 Blasii,
742 2622 1052 2690 Brandiznberensis
1068 2623 1234 2710 Episcopi,

105 2747 204 2812 quem
231 2729 274 2794 ad
289 2729 407 2796 Sedent
422 2727 647 2814 Apostolioam
666 2729 849 2814 destinasti,
874 2729 1039 2816 publiearu
1065 2730 1099 2796 in
1122 2731 1235 2816 Itogno

105 2845 165 2905 tno
183 2835 321 2902 audendi
346 2841 511 2904 monetam
527 2843 582 2903 tuo
608 2835 797 2905 ebaraetere
812 2837 1004 2924 insignitam
1022 2837 1160 2907 liberam
1175 2838 1236 2904 tibi

103 2943 317 3014 eouoedimus
332 2943 533 3010 suauitatem.
560 2943 747 3010 Venerabili
762 2945 861 3012 etiam
875 2945 968 3012 fratri
988 2953 1109 3029 nostro,
1126 2945 1235 3010 llrobi·

107 3051 267 3138 episeopo
283 3051 516 3135 Trinovitano,
541 3049 575 3116 in
592 3051 697 3136 terris,
722 3052 756 3118 in
772 3053 889 3137 quibus
905 3052 1058 3137 imperas,
1075 3051 1236 3118 universis

106 3159 320 3247 privilegium
336 3157 541 3226 concedimus
557 3159 745 3244 Primuliae,
763 3159 829 3244 qui,
849 3166 883 3225 et
898 3177 1103 3226 sueoessores
1118 3159 1234 3244 ipsius,

106 3277 184 3334 tuos
200 3267 234 3332 in
251 3275 417 3354 posterum
432 3285 647 3350 sueaessores,
665 3265 764 3334 simili
775 3267 817 3333 ab
833 3267 882 3333 eis
894 3267 1078 3352 juramento
1094 3271 1236 3352 reeepto,

106 3375 323 3462 Apostolioae
338 3373 434 3441 &dis
449 3373 644 3442 auctoritate
659 3379 821 3458 eoronent,
840 3380 873 3440 et
887 3373 921 3439 in
937 3381 1027 3441 terra
1041 3380 1099 3440 tua
1114 3372 1236 3440 Prima·

107 3490 164 3550 tus
180 3481 349 3548 obtineant
364 3479 578 3566 dignitatem,
605 3482 699 3567 eique
715 3477 957 3567 Metropolitani
980 3481 1097 3548 tamin
1119 3481 1238 3566 Balga-

110 3591 195 3673 riae,
212 3611 310 3674 quarn
326 3589 460 3656 Blaeiae
475 3589 658 3657 Provineiis
682 3589 849 3658 constituti
863 3589 1073 3675 subjaceant,
1099 3596 1132 3656 et
1142 3592 1239 3675 juxta

108 3699 250 3766 formam
267 3697 458 3766 monicum
474 3697 691 3764 reverentiam
703 3695 839 3763 Primati
854 3695 998 3764 debitam
1017 3697 1193 3764 exhibeant
1207 3701 1240 3764 ot

108 3807 277 3873 bonorem.
293 3806 348 3873 Sia
364 3825 453 3890 ergo,
470 3805 515 3872 lili
531 3804 743 3888 charissime,
767 3805 918 3890 gratiam,
935 3825 1032 3889 qnam
1048 3805 1241 3892 Apostoliea

107 3915 212 3983 Sedes
239 3921 342 3982 mater
357 3922 415 3982 tna
429 3915 490 3982 tibi
505 3913 594 3999 iaoit,
611 3933 793 3998 agnoscas,
820 3914 868 3981 sie
883 3914 1044 3982 retribuas
1067 3915 1162 3982 uobis
1178 3935 1238 3999 pro

110 4023 273 4106 omnibns,
291 4042 375 4108 qnae
384 4021 558 4090 tribuimus
573 4021 644 4107 tibi,
664 4021 712 4088 sio
720 4023 868 4106 Regnum
877 4027 968 4088 tuum
984 4021 1018 4087 in
1028 4021 1240 4107 Apostolieoe

112 4129 211 4198 Sedis
227 4131 429 4218 subjectione
454 4150 494 4198 ao
510 4129 683 4198 devotione
697 4129 885 4212 confirmes,
910 4136 954 4214 ut,
972 4149 1044 4196 oum
1060 4129 1121 4195 sub
1136 4129 1239 4195 Beato

109 4241 209 4306 Petro
225 4239 259 4304 in
274 4237 364 4304 illius
380 4245 495 4324 petrae
511 4235 608 4304 luerit
623 4237 776 4304 firmitate
790 4234 981 4320 fundatum,
999 4235 1040 4302 de
1055 4255 1121 4319 qua
1136 4235 1240 4319 inquit

110 4345 310 4431 Apostolus:
333 4345 451 4428 ,Petra
466 4353 574 4412 autem
590 4351 661 4410 erat
677 4342 844 4412 Christus“
864 4340 904 4428 (1.
922 4341 996 4412 Gor.
1013 4341 1080 4429 X.),
1097 4363 1158 4410 nea
1171 4343 1240 4429 plu-

110 4454 241 4520 viarum
250 4453 382 4536 imbres,
399 4452 629 4537 neeimpnlsns
640 4457 818 4536 ventorum,
838 4469 898 4516 nee
913 4451 1080 4518 fluminum
1089 4449 1241 4518 formidet

111 4561 275 4644 incursus,
291 4567 326 4626 tu
343 4579 481 4644 quoque,
497 4565 628 4646 praeter
644 4557 803 4624 auxilium
813 4556 1024 4642 Apostolieae
1031 4557 1135 4642 Sedis,
1153 4558 1241 4641 quod

107 4670 208 4756 juxta
234 4667 439 4738 devotionem
464 4675 554 4738 tuam
580 4667 702 4738 senties
728 4667 761 4736 in
787 4667 972 4756 praesenti,
1001 4668 1042 4734 de
1068 4671 1240 4760 temporali
