3164 5192
816 323 969 424 Q)-

328 533 359 592 ct
369 533 471 592 totam
484 525 650 592 Bastizam
663 549 669 606 ;
681 521 901 606 Segniensem,
913 518 1145 600 Corbaensem,
1156 517 1352 600 Nonensem,
1363 516 1458 581 Scar-

328 634 515 716 donensem,
539 630 810 715 Traguriensem,
831 626 1037 708 Tinicnsem,
1055 621 1332 706 blachariensem,
1354 623 1458 689 Naro·

327 741 485 824 niensem,
502 741 730 822 Stagnensem,
742 737 929 819 Earensem,
942 735 1153 816 Bosnensem,
1173 738 1206 798 et
1221 733 1459 798 Delmitensem

329 848 558 934 Episcopatus,
586 847 721 912 Paleum
737 839 822 930 (lgy)
838 851 1010 928 praeterea
1029 840 1227 908 fraternitati
1242 846 1329 923 tuae,
1356 840 1460 926 pleni-

327 956 472 1022 tudinem
488 955 639 1019 nimirum
657 949 859 1016 l’ontilicalis
876 947 984 1033 officii,
1005 946 1215 1034 Apostolicae
1230 947 1324 1012 Sedis
1341 947 1460 1014 libera-

328 1063 420 1132 litate
436 1063 664 1143 concedimus,
682 1080 746 1144 quo
762 1065 794 1124 te
809 1059 897 1124 intra
912 1056 1094 1123 Ecclesiam
1111 1061 1201 1121 tuam
1218 1055 1261 1122 ad
1281 1057 1462 1121 missarum

329 1174 489 1240 solemnia
499 1171 691 1256 subscriptis
709 1169 824 1235 diebus
839 1167 968 1235 noveris
980 1167 1198 1234 induendum:
1214 1166 1249 1233 id
1265 1175 1315 1232 est
1326 1166 1462 1234 Goenae

328 1282 469 1364 Domini,
487 1278 757 1362 Resurrectionis‚
774 1275 996 1358 Ascensionis,
1022 1275 1243 1361 Pentecostes,
1264 1275 1462 1342 Natiuitatis

329 1389 470 1472 Domini,
487 1387 711 1474 Epiphaniae,
736 1386 771 1452 in
788 1383 890 1452 tribus
906 1371 1141 1450 festivitatibus
1162 1385 1301 1450 Sanctae
1321 1384 1461 1465 Mariae,

329 1498 536 1580 omniumque
549 1493 789 1582 Apostolorum,
800 1491 993 1558 Natiuitatis
1004 1489 1114 1557 Sancti
1125 1493 1146 1560 J
1148 1493 1264 1560 oannis
1276 1493 1461 1577 Baptistae,

328 1603 533 1688 solemnitate
548 1603 659 1669 Sancti
675 1600 824 1683 Domnii,
849 1601 883 1665 iu
898 1599 1198 1665 consecrationibus
1222 1599 1459 1683 Ecclesiarum,

331 1711 575 1796 Episcoporum,
592 1711 876 1795 presbyterorum,
893 1711 925 1772 et
941 1706 1170 1790 diaconorum,
1191 1727 1231 1773 ac
1246 1708 1465 1775 subdiacono-

330 1841 400 1886 rum
417 1820 623 1907 spalatensis
640 1818 827 1900 Ecclesiae,
855 1822 888 1882 ct
903 1817 1159 1884 consecrationis
1183 1825 1259 1884 tuae
1276 1817 1339 1884 die.
1356 1817 1464 1902 Cujus

329 1929 480 1994 nimirum
496 1927 584 2012 palei
600 1927 749 1992 volumus
764 1931 796 1990 te
811 1943 869 2010 per
885 1926 996 1990 omnia
1012 1961 1055 1972 -
1072 1961 1116 1970 -
1132 1961 1176 1970 —
1192 1923 1374 1990 vendicare.
1394 1925 1465 1990 Hu-

326 2039 381 2119 jus
407 2035 565 2118 siquidem
586 2034 766 2100 indumenti
793 2035 897 2100 bonor
921 2031 1088 2099 humilitas
1118 2040 1216 2117 atque
1243 2033 1372 2118 justitia
1397 2039 1462 2098 cst.

331 2145 415 2210 'Pota
431 2165 508 2229 orgo
524 2149 630 2210 mente
656 2143 844 2209 fraternitas
871 2149 928 2207 tua
944 2160 980 2208 se
996 2141 1151 2207 exhibere
1177 2142 1316 2226 pertinet
1337 2143 1371 2206 in
1388 2162 1464 2227 pro-

331 2253 436 2336 speris
452 2252 617 2335 humilem,
634 2252 667 2317 in
685 2251 833 2316 adversis
843 2301 852 2334 ,
871 2249 1046 2333 siquando
1064 2249 1253 2333 adveniunt,
1279 2269 1351 2314 cum
1362 2249 1461 2332 justi-

330 2359 377 2424 tia
403 2369 545 2442 rectum,
564 2358 702 2426 amicum
718 2360 824 2442 bonis,
851 2360 1015 2444 perversis
1032 2357 1249 2442 contrarium
1279 2366 1311 2423 et
1335 2357 1463 2422 nullius

329 2485 472 2549 unquam
489 2465 605 2531 faciem
622 2472 735 2534 contra
750 2465 921 2532 veritatem
938 2465 1116 2550 recipiens,
1139 2465 1237 2532 nullis
1254 2483 1396 2549 unquam
1413 2465 1463 2530 fa-

331 2575 412 2640 ciem
428 2597 485 2660 pro
502 2577 639 2642 veritate
663 2578 849 2660 loquentem
865 2595 1025 2661 premens,
1046 2575 1288 2642 misericordiae
1305 2576 1461 2661 operibns

325 2683 423 2765 juxta
447 2683 618 2749 veritatem
643 2683 847 2750 substantiae
862 2683 1036 2766 insistens,
1064 2689 1096 2748 et
1111 2683 1164 2748 cui
1191 2683 1340 2748 insistere
1358 2683 1462 2748 etiarn

330 2809 430 2877 snpra
446 2792 616 2858 veritatem
631 2794 786 2878 cupiens;
803 2792 942 2858 infirmis
959 2793 1172 2876 compatiens,
1190 2791 1462 2857 benevalentibus

330 2898 558 2983 congaudens,
576 2901 686 2965 aliena
703 2900 823 2965 damna
839 2899 974 2986 propria
989 2898 1170 2984 deputans,
1190 2898 1230 2964 de
1247 2899 1363 2965 alienis
1381 2921 1462 2983 gau-

330 3005 394 3070 diis
419 3013 576 3091 tanquam
593 3007 634 3072 de
660 3009 801 3092 propriis
818 3007 987 3090 exultans3
1014 3007 1047 3072 in
1073 3005 1275 3090 corrigendis
1300 3007 1388 3072 vitiis
1404 3008 1463 3091 pie

329 3117 492 3199 saeviens,
518 3115 551 3179 in
567 3115 716 3181 fovendis
733 3114 906 3181 virtutibus
925 3113 1108 3180 auditorum
1125 3113 1251 3180 animos
1272 3113 1462 3180 demulcens

328 3255 612 3270 —————
632 3221 791 3304 judicium
820 3220 891 3285 sine
917 3220 966 3284 ira
992 3227 1126 3303 tenens,
1159 3221 1192 3284 in
1218 3223 1462 3303 tranquillitate

329 3337 438 3394 autem
466 3331 674 3396 severitatem
697 3330 793 3412 justa
809 3348 994 3393 mensuram
1012 3349 1078 3394 non
1103 3329 1267 3395 deserens.
1292 3331 1383 3396 Haec
1398 3339 1461 3413 est,

329 3435 429 3501 frater
445 3438 631 3522 carissime,
657 3439 744 3523 palei
762 3439 888 3523 accepti
909 3436 1063 3520 dignitas,
1082 3457 1179 3518 quam
1196 3437 1224 3502 si
1240 3438 1379 3506 sollicite
1395 3459 1462 3505 ser·

329 3545 470 3626 vareris,
488 3545 575 3626 quod
590 3546 669 3610 foris
686 3547 854 3629 accepisse
871 3542 1063 3627 ostenderis,
1081 3545 1326 3612 intushabebis.
1344 3547 1462 3612 Decre-

328 3649 436 3712 vimus
450 3669 538 3733 ergo,
555 3657 591 3714 nt
607 3652 687 3716 nulli
703 3653 833 3719 omnino
850 3653 1017 3718 hominurn
1038 3653 1136 3718 liceat
1152 3653 1334 3738 praefatam
1351 3655 1461 3720 Eccle-

329 3756 411 3819 siam
427 3761 548 3823 tcmcre
559 3759 757 3842 perturbare,
773 3769 830 3825 aut
846 3759 916 3843 ejus
927 3762 1154 3844 possessiones
1174 3761 1309 3844 auferre,
1328 3762 1460 3827 ablatas

327 3864 475 3946 retinere,
501 3866 653 3950 minuere,
671 3887 727 3932 scu
745 3868 944 3950 quibuslibet
967 3871 1196 3936 vexationibus
1213 3871 1374 3954 fatigare;
1396 3869 1458 3935 sed

328 3973 438 4038 omnia
461 3973 588 4057 integra
604 3983 836 4041 conserventur
852 3995 971 4059 eorum,
995 3999 1054 4062 pro
1071 3997 1207 4060 quornm
1223 3981 1460 4046 sustentatione

328 4099 484 4148 concessa
501 4088 576 4147 sunt
586 4133 594 4166 ,
611 4083 723 4148 usibus
740 4083 935 4150 omnimodis
950 4083 1130 4170 profutura,
1149 4087 1244 4152 salva
1263 4088 1358 4152 Sedis
1374 4089 1460 4174 Apo-

327 4189 462 4254 stolicae
479 4190 682 4256 auctoritate.
701 4190 735 4256 Si
752 4213 817 4275 qua
833 4193 933 4275 igitur
943 4194 975 4257 in
992 4193 1136 4260 futurum
1149 4195 1373 4262 ecclesiastica
1389 4217 1460 4263 sae-

327 4295 489 4363 cularisve
505 4317 647 4382 persona
672 4300 757 4364 hanc
773 4307 906 4367 nostrae
920 4301 1163 4391 ¹constitutionis
1182 4306 1339 4389 paginam
1354 4341 1399 4350 —
1415 4341 1459 4350 —-

327 4437 371 4449 --
387 4439 430 4450 --
447 4411 561 4472 contra
587 4426 660 4472 eam
685 4413 806 4474 temere
828 4412 1038 4493 temptaverit
1058 4447 1102 4460 —-
1118 4449 1162 4459 --
1177 4448 1222 4460 —-
1245 4412 1309 4478 nisi
1333 4421 1459 4479 reatum

327 4529 418 4574 suum
436 4511 537 4594 digna
554 4511 779 4582 satisfactione
797 4503 984 4606 correxerit,
1001 4521 1175 4604 potestatis
1191 4520 1387 4603 honorisque
1409 4519 1459 4583 sui

327 4623 437 4681 careat
454 4617 634 4704 dignitate,
660 4639 819 4706 reumque
836 4643 871 4692 se
888 4623 1008 4690 Divino
1029 4625 1153 4708 judicio
1170 4626 1308 4694 existere
1333 4626 1376 4692 de
1390 4647 1460 4712 per-
