3218 5192
606 339 760 443 Q

121 533 293 600 Ecclesiae
306 532 428 600 habcre
443 533 644 619 videbantur,
662 534 749 618 quod
764 534 850 601 lacto
863 552 946 618 opas
962 539 1059 618 esset,
1075 532 1245 618 diligenter

118 640 409 724 investigavimus,
435 647 468 706 et
483 640 641 708 deseretis
657 642 877 708 &manorum
892 640 1084 707 Pontificum
1099 645 1132 705 et
1147 645 1245 706 stetu-

117 747 161 813 tis
177 747 349 813 Ecclesiae
372 748 530 814 ueraciter
546 748 764 834 accipientes,
790 749 877 833 quod
893 753 1006 815 exorto
1023 746 1198 814 schismate
1212 747 1246 812 iu

119 855 270 920 Romana
284 855 436 922 Ecclesia
451 875 492 921 cx
508 855 644 923 ducrum
659 856 923 942 Apostolicorum
942 855 1155 938 dissensione,
1183 874 1246 919 am·

121 963 181 1029 bos
196 982 327 1048 vocare,
355 971 388 1029 et
406 964 582 1030 secundnm
597 965 794 1032 sententiam
809 971 842 1029 et
866 963 1037 1032 consilium
1057 962 1247 1031 orthodoxo·

121 1090 192 1136 mm
208 1070 300 1136 litem
316 1070 468 1137 decidere
478 1071 681 1138 deberemus.
696 1067 746 1136 Ex
757 1070 892 1138 consilio
909 1071 1020 1154 itaque
1035 1069 1178 1137 omnium
1192 1067 1247 1151 qui

123 1176 261 1244 aderant
286 1171 541 1264 Episcopornm,
568 1185 833 1264 caeterorumque
850 1178 1038 1263 Principum
1063 1177 1185 1242 curiam
1200 1195 1248 1241 so·

122 1285 272 1368 lennem,
305 1291 337 1348 et
362 1287 549 1369 generalem
573 1291 764 1356 conventum
790 1285 932 1351 omnium
956 1283 1250 1352 ecclesiasticorum

123 1393 266 1458 virorum
283 1391 315 1456 in
332 1401 450 1458 octaua
459 1393 665 1478 Epiphaniae
675 1393 801 1480 Papiae
817 1393 1046 1459 celebrandam
1062 1391 1249 1474 indiximus,

126 1501 283 1584 adquam
309 1500 442 1584 ambos,
469 1503 524 1585 qui
548 1520 583 1566 se
600 1501 712 1568 dicunt
725 1499 890 1568 Romanos
905 1501 1097 1584 Pontifices,
1123 1497 1251 1565 vocavi-

125 1627 207 1691 mus,
218 1625 396 1692 cmnesque
407 1607 587 1693 Episcopus
597 1608 729 1694 Imperii
738 1607 851 1693 nostri,
866 1617 898 1674 ct
908 1607 1045 1674 aliorum
1055 1607 1250 1690 Regnorum,

127 1715 288 1781 Franciae
304 1715 472 1800 videlieet,
500 1717 659 1801 Angliae,
685 1715 867 1802 Hispaniae
892 1723 988 1799 atque
1011 1713 1250 1796 ngariee,

127 1830 291 1889 uteorum
306 1822 339 1886 in
354 1823 541 1906 praesentia
556 1829 670 1890 nostra
684 1823 769 1890 insto
786 1822 970 1889 declaretur
985 1822 1154 1906 examine,
1180 1821 1252 1905 quis

126 1932 258 1998 illorum
282 1930 428 2012 regimen
453 1930 657 1998 Universalis
676 1931 844 1997 Ecclesiae
870 1930 911 1996 de
935 1931 1005 1996 inre
1030 1930 1150 1995 debeat
1174 1927 1252 1996 obti-

126 2057 215 2104 nere.
242 2037 330 2116 Quia
345 2058 422 2105 reru
440 2039 483 2104 ad
506 2040 662 2106 unitatem
678 2039 848 2106 Ecclesiae
863 2037 1102 2106 reformandam
1127 2037 1252 2122 sapien-

128 2146 175 2211 tia
191 2146 369 2212 admodum
385 2147 479 2213 nobis
503 2147 691 2214 necessaria
706 2154 773 2234 est,
801 2154 835 2213 ut
851 2167 891 2212 ea
914 2166 1120 2231 nequaquam
1143 2163 1253 2210 carere

128 2255 319 2338 valeamus;
336 2254 542 2322 dilectionem
552 2261 643 2321 tuam
660 2255 874 2322 attentissime
884 2273 1047 2340 rogamus,
1065 2257 1097 2319 cl
1107 2252 1253 2336 rogando

130 2379 382 2446 commonemus,
409 2369 568 2446 quatenus
584 2384 643 2449 pro
659 2363 815 2430 fidelitate
830 2363 998 2429 Ecclesiae
1015 2369 1047 2428 et
1062 2361 1195 2446 Imperii
1211 2359 1254 2424 ad

129 2471 333 2557 praedictam
359 2471 483 2536 curiam
500 2469 586 2537 omni
611 2471 782 2538 occasione
801 2479 926 2538 remota
941 2471 1054 2538 venias
1064 2521 1073 2556 ,
1100 2471 1183 2537 utin
1201 2470 1255 2536 ad·

129 2585 228 2643 ventu
243 2583 300 2644 tuo
317 2577 436 2661 unitas,
453 2585 486 2642 et
499 2599 574 2663 pax,
592 2584 624 2643 et
640 2579 858 2662 tranquillitas
868 2579 1035 2646 Ecclesiae
1051 2579 1255 2646 transforme-

132 2691 193 2751 tur.
220 2685 353 2750 interim
369 2689 479 2750 autem
500 2685 690 2770 praedictae
715 2687 876 2753 scissurae
900 2687 934 2751 in
957 2693 1105 2752 neutram
1130 2691 1255 2771 partem

132 2811 304 2858 assensum
319 2799 409 2857 tuum
425 2791 579 2878 declines,
596 2810 656 2857 nec
671 2799 827 2876 tanquam
843 2793 963 2858 iustam
979 2799 1011 2856 et
1030 2791 1256 2859 rationabilem

131 2898 341 2981 aliquatenus
352 2898 503 2983 recipias.
515 2897 908 2966 DatumOremae10.kal.
920 2897 1115 2965 Novembris
1127 2896 1255 2985 (1159.)

290 3057 380 3124 (Perta
393 3061 568 3112 Monumente
581 3060 753 3124 Germaniae,
772 3061 861 3128 Leges
873 3063 911 3112 11.
925 3062 982 3112 kat.
998 3063 1056 3114 118.
1070 3061 1101 3127 l.)

239 3233 377 3302 szei.
396 3239 512 3304 Adolog
525 3236 736 3290 termdsaateben
749 3239 863 3302 lekszik,
877 3238 949 3304 hogy
962 3237 1034 3304 ilyen
1048 3239 1137 3288 fontes
1149 3237 1258 3303 tlgyben

132 3329 155 3380 1.
168 3329 286 3393 Erigyes
299 3323 408 3378 estanar
420 3341 437 3377 a
450 3326 580 3389 franceis,
594 3327 693 3393 angel,
713 3327 826 3392 spanycl
840 3324 868 3376 ds
883 3339 997 3392 magyar
1014 3322 1178 3391 lrirtilyolrat,
1197 3325 1257 3374 kilr-

134 3417 188 3468 nslr
201 3413 392 3482 aegltsegdbeu
410 3411 597 3468 timasakodni
611 3416 698 3480 chart,
718 3412 975 3467 irbrrenrunlrdllera
992 3414 1199 3477 formasaertlleg
1211 3413 1259 3463 lel—

134 3505 220 3558 lrdrte.
241 3505 319 3572 Ilyen
332 3506 461 3556 tartalruu
473 3506 572 3556 leuslet
585 3506 717 3568 azonbau,
739 3506 839 3571 melyet
851 3520 868 3556 a
880 3502 989 3558 ostrztr
1000 3507 1037 3557 ΙΙ.
1051 3505 1135 3557 Gaias
1147 3517 1260 3569 magyar

133 3593 278 3662 kirssyboa
291 3593 403 3647 intenstt
415 3595 505 3660 valna,
524 3595 677 3660 mindeddig
690 3592 825 3647 fcltaltlni
839 3610 900 3644 nam
913 3595 1036 3646 rikerttlt.
1057 3591 1187 3659 Kdtslget
1199 3607 1260 3642 nem

133 3685 259 3747 neured,
272 3683 346 3750 hcgy
358 3685 432 3751 ilyen
444 3683 515 3736 level
528 3685 695 3748 alktlldetctt,
709 3683 738 3735 ds
750 3679 910 3736 cartalmtra
922 3681 1005 3733 nerra
1019 3683 1131 3735 hasenld
1143 3683 1201 3734 volt
1213 3681 1260 3732 alu·

134 3774 194 3839 boa,
214 3775 317 3842 melyet
330 3789 347 3826 a
360 3773 468 3828 cadsadr
481 3791 512 3826 aa
528 3775 609 3840 angel
622 3771 762 3841 kirtlylroa
775 3772 887 3825 intdaett
906 3773 943 3837 (b.
956 3773 1011 3826 kal.
1025 3775 1183 3826 Novembris
1195 3787 1222 3823 u.
1236 3789 1259 3822 ο.

134 3865 172 3916 11.
185 3865 243 3916 hus
259 3867 318 3916 119.
332 3865 372 3933 l.);
386 3882 398 3916 s
411 3865 537 3931 melybsu
549 3867 573 3915 1.
586 3865 700 3931 Erigyes
713 3879 730 3914 a
743 3861 884 3929 lrirllyhon
898 3863 993 3914 euelret
1005 3861 1074 3914 lrta:
1089 3863 1186 3926 „Sana
1200 3875 1260 3910 cum

134 3957 170 4006 sia
184 3969 270 4004 unum
283 3953 316 4004 de
329 3955 524 4020 principalibus
538 3954 664 4006 membris
677 3953 836 4014 Ecclesiae,
860 3955 918 4004 sins
932 3955 1008 4006 cuius
1021 3952 1133 4002 consilio
1147 3959 1174 4000 ot
1187 3951 1261 4000 auxi-

135 4046 170 4096 lio
185 4051 243 4096 tam
256 4045 370 4097 arduum
392 4051 501 4112 tamque
514 4045 697 4096 necessarium
710 4045 849 4109 negotium
863 4044 1008 4094 salutarem
1030 4041 1154 4092 ellectum
1173 4041 1262 4090 sortiri

135 4151 186 4188 uec
199 4137 291 4200 debat,
304 4151 355 4188 nee
367 4135 514 4201 probatur,
537 4137 559 4185 si
573 4135 630 4184 lieri
642 4139 740 4198 posset,
754 4129 828 4200 (nisi)
842 4147 890 4198 prc
903 4129 1072 4182 reformanda
1094 4131 1198 4179 unitate
1210 4129 1261 4180 Ee·

135 4233 238 4283 electae
251 4229 335 4280 etiarn
353 4239 483 4293 personae
496 4231 560 4277 tuae
573 4221 725 4276 sublimitas
737 4223 863 4276 insudare
876 4221 1010 4272 deberet.“

567 4437 832 4451 m

182 4759 470 4810 immansuetae
491 4779 527 4789 -
546 4769 617 4806 urm.
635 4753 668 4798 11.
