3200 5182
822 335 974 441 Q

333 535 436 600 terum
453 531 662 602 cardinalem
678 533 826 602 dedimus
841 534 993 602 iudicem.
1010 533 1129 604 Coram
1143 556 1207 621 quo
1217 536 1390 625 proposuit
1400 535 1467 603 dic-

331 649 384 710 tus
403 643 527 727 Abbes,
544 643 631 729 quod
647 643 786 727 quedam
803 642 928 711 decime
944 644 985 711 de
1003 643 1199 730 quibusdam
1219 645 1368 713 uitiiset
1392 664 1468 731 pos-

333 751 547 839 sessionibus,
564 771 646 837 quas
661 753 786 819 babent
800 752 1028 841 Hospitelares
1044 752 1179 837 predicti
1197 752 1230 821 in
1249 753 1398 839 Simigio,
1420 753 1466 822 cd

332 860 383 928 ius
399 860 588 948 Monasterij
608 861 658 928 sui
675 861 817 928 debeant
832 862 1017 948 pertinere;
1034 863 1117 929 sicut
1133 883 1231 950 super
1248 863 1312 949 hijs
1329 884 1365 931 se
1380 861 1470 930 dixit

331 970 454 1038 babere
479 969 672 1039 donationes
697 972 822 1056 Regum
850 991 922 1038 eum
949 971 1246 1040 confirmationibus
1270 971 1469 1041 Pontificum

332 1081 568 1163 Romanorum,
584 1079 701 1167 prefati
718 1099 797 1147 uero
812 1079 1024 1167 Hospitaiarij
1041 1079 1201 1164 quasdam
1219 1100 1331 1148 earum
1342 1090 1470 1150 temere

333 1185 543 1272 insedentes,
570 1207 611 1254 ex
626 1186 668 1274 ijs
684 1187 808 1256 fruetus
823 1188 922 1256 etiem
946 1187 1091 1257 indebite
1114 1188 1319 1275 perciperent
1334 1190 1368 1255 in
1384 1188 1468 1255 dicti

334 1293 383 1360 sui
399 1295 588 1381 Monasterij
606 1295 782 1364 lesionem:
799 1296 886 1363 rude
910 1296 1076 1366 humiliter
1091 1297 1291 1384 postulabat,
1318 1303 1354 1364 ut
1381 1297 1470 1365 deci-

332 1421 403 1470 mas
419 1402 509 1489 ipsas
526 1425 597 1472 cum
614 1403 771 1474 imctibus
788 1425 900 1474 earum
918 1407 1082 1494 perceptis
1099 1405 1161 1473 sibi
1188 1405 1315 1473 restitui
1342 1405 1470 1475 iacere

331 1531 410 1579 mus.
437 1513 630 1582 Procurator
656 1533 732 1582 uero
757 1511 914 1582 dictorum
941 1515 1237 1602 Hospitaluriorum
1264 1535 1305 1583 er
1322 1516 1468 1584 aduerso

331 1617 543 1709 respondeus,
568 1621 830 1710 perceptionibus
858 1622 940 1708 ipsis
965 1629 1122 1708 tauquam
1147 1623 1279 1691 annosis
1304 1643 1379 1691 esse
1403 1645 1470 1710 per

332 1727 574 1796 desuetudinem
591 1729 791 1816 derogatum,
814 1737 924 1819 utpote
941 1731 1057 1816 quibus
1083 1731 1203 1799 dietum
1228 1733 1467 1801 Monosterinm

331 1835 461 1904 minime
476 1837 661 1923 usumiuit;
680 1838 922 1925 Hospituierios
941 1845 1051 1907 autem
1067 1840 1207 1909 asseruit
1216 1839 1361 1908 decimas
1371 1843 1469 1928 ipsas

331 1965 389 2032 per
405 1965 508 2012 anuos
524 1945 739 2033 quadraginta
755 1955 786 2015 et
802 1947 942 2034 amplius
952 1947 1088 2037 pacifice
1098 1947 1294 2036 possedisse,
1306 1949 1468 2036 quocirca

330 2073 403 2121 esse
426 2053 690 2141 prescriptionem
716 2055 950 2142 interuentam;
978 2077 1076 2144 quam
1101 2077 1138 2125 se
1163 2057 1360 2144 temporibus
1386 2057 1468 2122 eliis

331 2161 448 2230 obtulit
470 2164 695 2252 probaturum,
731 2185 770 2230 ec
795 2163 1006 2233 nihilominus
1040 2166 1284 2252 reprobatumm
1310 2169 1409 2231 testes
1444 2185 1470 2229 a

329 2271 518 2358 Mouasterij
534 2273 820 2359 perteproduct0s‚
838 2293 896 2360 per
913 2294 995 2360 quos
1004 2273 1176 2362 probatum
1191 2271 1331 2358 dicebat,
1349 2272 1465 2338 Mona-

332 2379 462 2446 sterium
479 2379 584 2464 ipsum
601 2379 716 2464 uiginti
735 2382 828 2449 anuis
845 2388 1078 2468 consequenter
1094 2381 1126 2448 in
1143 2379 1286 2447 dominio
1311 2379 1464 2466 ipsarum

332 2486 528 2554 deeimarum
545 2489 797 2576 prescriptorum
814 2491 973 2578 extitisse,
1005 2491 1070 2559 imo
1087 2509 1184 2577 super
1201 2487 1335 2558 decimis
1358 2485 1461 2555 dietis

330 2595 501 2682 priuilegio
517 2593 619 2663 scisse
635 2615 739 2684 usum,
765 2605 798 2666 et
813 2599 1052 2688 Hospite-larius
1077 2599 1167 2687 ipsos
1191 2597 1371 2686 predictum
1397 2595 1466 2662 Ab·

331 2703 440 2770 batem
457 2709 600 2791 tempore
614 2707 721 2789 Regni
742 2709 882 2775 Emerici
900 2732 921 2776 a
939 2707 1132 2794 quibusdam
1157 2705 1245 2774 uillis
1260 2705 1302 2773 dc
1317 2705 1466 2789 receptis

331 2811 511 2896 sigillorum
529 2813 676 2898 pecuniis
700 2815 884 2900 quietasse3
911 2837 951 2882 ac
967 2814 1098 2882 eosdem
1115 2813 1356 2900 Hospitalarios
1372 2833 1394 2876 a
1412 2832 1464 2878 se-

331 2929 419 3007 ptem
435 2927 559 2988 tautum
576 2942 734 2989 annorum
751 2923 869 3008 spatiis
878 2923 1024 3009 integras
1040 2924 1183 2991 decimes
1194 2921 1367 3007 recepisse,
1384 2925 1466 2986 ante

332 3049 410 3096 nero
425 3030 530 3095 solum
547 3051 568 3096 a
584 3029 791 3115 quibusdam,
807 3037 840 3097 et
854 3052 918 3098 non
934 3033 976 3098 ab
993 3031 1140 3100 omnibus
1163 3029 1251 3098 uiiiis
1267 3027 1441 3097 eorundem
1455 3050 1465 3112 3

333 3144 365 3203 et
381 3137 443 3204 boc
459 3137 559 3204 etiam
574 3138 745 3224 uiolenter,
762 3145 794 3205 et
808 3139 937 3208 nonnisi
952 3139 1089 3225 triginta
1105 3142 1203 3207 trium
1213 3157 1371 3205 annorum
1387 3157 1464 3222 spe-

330 3245 409 3311 tium
427 3247 625 3333 assignasse,
644 3267 684 3313 ex
701 3267 763 3329 quo
780 3246 861 3315 dicti
885 3247 1100 3336 Hospitalerij
1126 3247 1272 3313 decimas
1297 3247 1387 3332 ipses
1406 3264 1465 3330 pro

329 3373 365 3418 se
381 3355 575 3441 receperint,
600 3355 659 3422 sed
674 3353 762 3441 quod
778 3355 913 3442 petitum
930 3376 971 3423 ex
987 3362 1082 3442 parte
1098 3353 1287 3440 Monasterij
1312 3351 1463 3419 annotati

329 3459 481 3528 iriuolum
498 3462 663 3529 existeret.
682 3462 786 3548 Super
801 3462 994 3531 deductione
1009 3462 1254 3550 priuilegiorum
1271 3469 1304 3527 et
1319 3459 1462 3527 decima·

328 3589 399 3635 rum
423 3569 675 3655 prescripterum
694 3569 813 3638 asserit
828 3591 906 3658 pars
921 3571 1062 3638 aduersa
1078 3590 1176 3658 posse
1196 3569 1316 3636 babere
1339 3568 1462 3634 iustum

328 3677 444 3758 locum,
454 3675 482 3744 si
494 3695 605 3742 uerum
623 3683 719 3762 esset,
736 3678 822 3763 quod
839 3678 879 3746 de
895 3678 1161 3765 quadragenaria
1170 3676 1384 3765 possessione
1394 3697 1466 3762 pro-

328 3783 420 3868 ponit
435 3784 478 3850 ad
498 3785 785 3873 prescriptionem:
809 3807 906 3854 secus
923 3788 951 3854 si
967 3785 1149 3872 nequiuerit
1173 3806 1232 3872 pro
1248 3805 1284 3852 se
1302 3821 1346 3833 -
1363 3821 1408 3831 -
1420 3821 1464 3832 -—

327 3891 448 3958 dictum
464 3893 698 3960 Monesterium
722 3893 893 3980 babuerit,
920 3902 953 3963 et
979 3894 1139 3962 decimam
1163 3893 1255 3960 iiiam
1279 3889 1465 3978 possederit

326 4000 503 4068 bonafide.
530 4000 609 4068 (ium
626 4002 725 4087 igitur
740 4009 868 4070 constet
884 4002 1029 4070 decimas
1044 4003 1136 4089 ipsas
1151 4003 1194 4068 ab
1211 4000 1345 4082 antiquo
1361 3999 1466 4066 fuisse

328 4129 501 4178 concessas
518 4109 714 4178 Monesterio
732 4109 907 4195 antedicto,
924 4117 1022 4195 atque
1039 4109 1101 4176 sibi
1118 4131 1176 4197 per
1191 4111 1301 4194 Reges
1312 4112 1344 4176 et
1354 4108 1466 4194 plures

326 4217 493 4288 Romanos
509 4217 681 4287 Pontifices
698 4218 926 4307 confirmatas,
953 4217 994 4286 de
1011 4217 1212 4286 Preietorum
1238 4223 1270 4282 ot
1293 4215 1464 4302 utriusque

327 4327 432 4412 partis
448 4345 607 4395 consensu
623 4347 682 4413 per
696 4324 892 4414 Apostolica
908 4326 1033 4414 scripte
1048 4325 1142 4394 uobis
1157 4323 1362 4409 mandamus,
1388 4343 1467 4410 qua·

325 4435 412 4501 tinus
429 4434 493 4521 ipsi
508 4433 728 4522 Hospitalerii
745 4434 904 4522 sepedicti
919 4433 1065 4522 prefatos
1090 4441 1192 4501 testes
1207 4432 1296 4500 inira
1320 4430 1466 4518 spatium

327 4541 463 4610 duorum
478 4545 638 4610 mensium
662 4551 736 4629 post
752 4541 989 4610 exhibitionem
1005 4541 1209 4629 presentium
1234 4559 1343 4608 coram
1368 4539 1466 4620 nobie

327 4651 369 4722 de
384 4651 758 4742 prescriptionesisteut,
779 4659 811 4718 et
829 4649 1047 4740 comprobent,
1059 4657 1092 4717 et
1101 4647 1231 4718 ueritati
1241 4645 1465 4714 testimonium
