3268 5194
626 425 782 438 *-

132 529 327 618 Apostolica
352 530 546 599 auctoritate
573 532 782 618 prohibitum,
795 539 834 601 ut
850 535 891 602 dc
906 536 1051 604 castellis
1067 543 1099 605 et
1115 537 1210 604 torris
1226 537 1267 603 ei·

133 639 209 706 dem
225 639 424 708 monasterio
450 639 590 723 ablatis,
616 640 691 707 aliis
707 641 863 709 Ecclesiis
879 644 931 710 rel
955 643 1161 712 monasteriis
1177 646 1267 732 quip-

132 745 225 832 piam
241 745 314 812 dari
338 746 463 812 licitum
488 765 580 832 esse,
602 747 750 814 similiter
775 755 807 814 et
823 750 967 817 decimas
992 752 1117 838 proprii
1141 751 1266 820 laboris

132 854 276 921 omnium
293 853 497 922 dominorum
513 855 738 938 quoquomodo
754 857 990 943 laborancium,
1016 864 1049 924 et
1065 878 1265 946 croacarum,

133 959 366 1045 horariarum,
386 963 561 1045 jugorum,
587 963 797 1045 coloniarum,
821 983 998 1048 nemorum,
1028 965 1265 1050 saginaiorum,

133 1067 299 1150 sischalie,
317 1069 523 1150 merescacie,
541 1069 655 1152 brolii,
682 1070 927 1154 ancingiarum,
954 1076 987 1136 et
1002 1071 1162 1138 decimum
1176 1091 1265 1138 uum-

132 1193 223 1240 mum
238 1175 429 1261 pascinacii,
447 1175 672 1260 decimamque
687 1177 829 1243 omnium
844 1177 1051 1261 animalium3
1072 1177 1183 1260 sicque
1199 1178 1265 1244 sint

131 1281 281 1347 Ecclesia
304 1279 520 1349 Luxoviensis
546 1282 692 1349 homines
720 1287 752 1347 ct
765 1282 965 1367 parochiani.
998 1285 1040 1350 ut
1061 1288 1097 1350 ut
1122 1303 1163 1350 er
1188 1285 1264 1351 lrinc

133 1390 240 1458 omnis
257 1391 473 1458 contradiocio
490 1390 648 1476 sopiatur,
673 1390 863 1459 nominatim
879 1397 988 1458 castra
1004 1397 1035 1458 et
1046 1392 1143 1458 villas
1160 1391 1264 1477 expri-

133 1498 271 1564 mimus:
288 1498 571 1566 Waubionisrivns
595 1519 669 1564 cum
684 1499 833 1565 omnibus
858 1499 1062 1584 appendiciis
1079 1500 1165 1584 snis;
1193 1498 1264 1565 Ola-

131 1623 283 1672 rusmons
309 1623 382 1670 cum
407 1605 610 1692 appendiciis
637 1607 723 1688 suis;
751 1603 987 1674 Geonisrillam
1012 1626 1085 1672 cum
1114 1606 1264 1672 omnibus

132 1712 331 1799 apendiciis,
349 1713 464 1780 Jusses
480 1733 553 1779 cum
571 1713 720 1780 omnibus
731 1715 934 1801 appendiciis
951 1713 1032 1798 suis,
1052 1714 1262 1782 Onorisiacus

133 1840 207 1886 cum
224 1821 374 1888 omnibus
392 1821 596 1908 appendiciis
607 1822 699 1908 ,suis;
717 1820 878 1888 Granicus
894 1841 965 1887 curn
981 1821 1068 1905 suis3
1095 1821 1263 1886 Falconia·

131 1946 205 1994 cum
220 1946 293 1994 cum
309 1927 388 2011 suis,
404 1928 539 2012 Wabra,
557 1929 808 2012 Menbreiaoum,
825 1928 993 2011 vitreium,
1019 1926 1121 2010 Reiie,
1147 1925 1262 2009 Piseis,

129 2035 311 2120 Bugeium‚
337 2034 516 2119 Ongeium,
543 2034 782 2119 Visinicurtem,
810 2035 1020 2118 Progerium‚
1046 2032 1260 2118 Hayroscum,

131 2141 358 2209 Officiniaeam
382 2142 505 2226 villam,
522 2141 792 2226 Criscenoiacum,
817 2141 984 2225 Samicort,
1001 2141 1193 2223 Ebruncort,
1209 2138 1261 2204 Li·

131 2251 331 2336 dinerillam,
347 2251 561 2334 Milesiacum,
577 2251 780 2333 Arceiaeum,
795 2251 1025 2332 Embiriacum
1041 2249 1195 2316 Minurs.“

241 2357 277 2422 Si
293 2357 365 2443 quis
381 2358 481 2442 igitur
505 2357 697 2424 infuturum
722 2379 762 2424 ex
782 2357 955 2425 heredibus
980 2359 1064 2424 hanc
1090 2355 1261 2425 concordie

128 2464 318 2552 pactionem
334 2465 378 2532 ad
394 2466 571 2552 dampnum
586 2465 734 2533 Ecclesia
748 2483 915 2532 removere
930 2465 982 2530 vel
998 2463 1142 2532 minuere
1161 2481 1260 2530 ausus

126 2571 236 2654 luerit,
254 2571 283 2636 si
299 2592 363 2640 non
380 2591 525 2656 congrua
540 2572 770 2642 satisfaccione
785 2573 1024 2653 emendaverit,
1048 2591 1139 2638 rcum
1154 2591 1191 2638 se
1205 2569 1259 2636 Di-

128 2679 205 2746 vino
216 2680 344 2764 judicio
361 2681 402 2747 de
417 2688 606 2767 perpetrata
621 2683 791 2766 iniquitate
813 2689 1000 2766 cognoscat,
1026 2688 1058 2748 et
1073 2703 1094 2747 a
1110 2680 1259 2747 sacratis-

130 2786 213 2855 simo
239 2807 377 2874 corpore
392 2795 423 2854 ct
450 2790 609 2872 sanguino
625 2790 687 2856 Dei
712 2795 743 2856 et
759 2789 890 2857 Domini
908 2789 1010 2857 nostri
1034 2791 1114 2856 Jesu
1139 2787 1259 2854 Christi

128 2896 257 2962 alienus
273 2895 340 2980 fiat,
367 2903 464 2980 atque
479 2897 513 2964 in
528 2905 673 2966 exuemo
689 2899 840 2966 examine
856 2897 1001 2964 districtc
1015 2895 1136 2964 ulcioui
1151 2897 1258 2980 subja-

127 3009 212 3070 ccat
229 3005 314 3070 Acta
329 3011 404 3072 sunt
420 3007 480 3072 hcc
496 3025 581 3076 anno
598 3009 640 3075 ab
650 3007 884 3074 lucamacioue
892 3004 1025 3074 Domini
1034 3005 1075 3071 D.
1086 3002 1176 3070 OOC.
1186 3003 1256 3070 XV.

127 3109 316 3178 Indiccione
331 3113 431 3196 vul,
452 3111 618 3197 Stephano
634 3116 728 3200 Papa
742 3115 923 3182 Romanam
940 3111 1119 3178 Ecclesiam
1143 3111 1257 3194 guber-

127 3225 238 3299 nante,
264 3218 431 3286 Lurlovico
447 3227 659 3304 cognomento
676 3222 734 3290 Pio
750 3221 948 3290 Francorum
966 3221 1112 3301 Regnum
1128 3223 1258 3282 strenue

128 3331 282 3410 regente,
308 3327 492 3411 Anscgioso
516 3327 586 3398 viro
602 3329 756 3415 religioso
774 3329 980 3398 luxoviense
1003 3324 1174 3394 cenobium
1197 3343 1257 3409 pro

126 3434 254 3500 viribus
274 3433 481 3504 reformante.

128 3631 237 3694 (Tenlet
250 3631 363 3696 Sludcr,
376 3636 506 3700 Laysttcs
519 3637 555 3688 du
567 3634 665 3690 Trtsor
677 3638 724 3690 des
737 3638 859 3690 Chartss.
872 3639 1042 3690 Inventsires
1060 3641 1089 3688 et
1100 3634 1257 3688 documenta

125 3720 233 3789 publits
255 3738 305 3788 par
317 3723 404 3774 Ordre
416 3725 449 3776 de
460 3725 629 3792 l'Empcrcur
642 3743 704 3778 sous
717 3729 745 3778 la
758 3727 891 3780 direction
910 3727 943 3778 de
956 3727 992 3778 Μ.
1005 3725 1031 3778 lc
1045 3724 1138 3776 Ocmte
1157 3724 1190 3777 ds
1203 3723 1256 3776 La-

389 3813 481 3866 borda.
494 3817 578 3867 'l'omc
590 3816 641 3869 I-s.
653 3817 731 3868 Paris
743 3817 821 3868 186⁶.
836 3817 851 3868 ὁ
867 3817 943 3869 aliur.
956 3817 996 3882 11.)

235 4001 373 4072 Iamsi.
392 4005 467 4058 Esau
480 4001 598 4069 clrmtuy
614 4002 788 4071 hitelasstgtt
805 4009 944 4057 tucetessn
963 4003 1157 4072 megvizsgilni
1171 4019 1188 4054 a
1200 4021 1255 4056 ma·

125 4113 195 4166 aar
207 4092 471 4150 tilrttnetburtrcsk
493 4111 554 4146 nem
566 4095 705 4156 ieladatar
727 4097 860 4149 velamini
872 4111 922 4160 ac,
942 4113 1016 4160 sem,
1034 4096 1071 4148 lua
1083 4093 1178 4161 vajjon
1190 4092 1255 4146 all-0

126 4204 194 4242 ason
206 4183 376 4252 kosomegcc
388 4181 535 4251 veremany,
549 4185 622 4252 hogy
635 4199 653 4236 a
664 4185 777 4238 luxeuili
790 4187 909 4238 lrcloctor
918 4186 1051 4252 joterlije,
1073 4186 1103 4237 ki
1115 4179 1208 4250 magii
1220 4186 1255 4234 itt

126 4281 203 4345 „Ego
216 4276 335 4328 Karolus
347 4276 438 4340 Pipiui
450 4275 534 4341 Regis
547 4274 704 4326 fllius“·nak
717 4278 829 4338 neveai,
852 4277 931 4342 Pipin
945 4276 1096 4342 aquitanici
1109 4269 1254 4338 luirilynak

126 4367 225 4436 (mogh.
239 4365 314 4430 865.)
328 4365 364 4416 lia
377 4366 469 4428 volt-c,
481 4380 555 4430 vagy
568 4367 651 4415 nom?
668 4366 832 4432 Mennyiben
846 4367 932 4432 Clpet
944 4362 1026 4430 Hugo
1040 4364 1108 4414 mint
1126 4361 1253 4430 „quidam

127 4455 287 4526 perversus“
301 4453 493 4518 islemlittetilr,
511 4451 637 4520 ketsegot
648 4471 710 4506 nem
729 4457 861 4519 scanned,
881 4457 953 4522 hogy
966 4469 998 4505 au
1012 4449 1129 4520 olrrutny
1142 4449 1254 4506 ssentl

126 4545 233 4614 rigibb,
246 4545 319 4612 moly
331 4543 419 4596 tvbcn
431 4545 514 4611 lingo
526 4543 560 4595 V.
573 4544 657 4610 Lajos
668 4547 783 4612 nyugati
794 4547 876 4596 lranlr
886 4541 975 4610 kirtly
986 4539 1177 4608 gyimnolivi
1186 4543 1253 4605 lcttr

125 4645 192 4690 rucrt
204 4651 273 4690 esen
286 4630 430 4688 enatem
442 4635 508 4687 ucki
521 4633 595 4703 ilyen
608 4633 677 4688 crim
688 4650 749 4688 nem
763 4633 868 4688 adatott
880 4634 969 4686 volus.
985 4615 1048 4700 l'lgy
1061 4628 1168 4696 litsaik,
1181 4633 1254 4701 hogy
