<?xml version="1.0" encoding="UTF-8"?>
<!DOCTYPE html PUBLIC "-//W3C//DTD XHTML 1.0 Transitional//EN"
    "http://www.w3.org/TR/xhtml1/DTD/xhtml1-transitional.dtd">
<html xmlns="http://www.w3.org/1999/xhtml" xml:lang="en" lang="en">
 <head>
  <title>
</title>
<meta http-equiv="Content-Type" content="text/html;charset=utf-8" />
  <meta name='ocr-system' content='tesseract 3.04.00' />
  <meta name='ocr-capabilities' content='ocr_page ocr_carea ocr_par ocr_line ocrx_word'/>
</head>
<body>
  <div class='ocr_page' id='page_1' title='image "./codexdiplomatic05wenzgoog_0279.png"; bbox 0 0 3164 5192; ppageno 0'>
   <div class='ocr_carea' id='block_1_1' title="bbox 538 332 694 432">
    <p class='ocr_par' dir='ltr' id='par_1_1' title="bbox 538 332 694 432">
     <span class='ocr_line' id='line_1_1' title="bbox 538 332 694 432; baseline 0 -34"><span class='ocrx_word' id='word_1_1' title='bbox 538 332 694 432; x_wconf 47' lang='lat' dir='ltr'>Q-</span> 
     </span>
    </p>
   </div>
   <div class='ocr_carea' id='block_1_2' title="bbox 5 527 1183 2870">
    <p class='ocr_par' dir='ltr' id='par_1_2' title="bbox 5 527 1183 2870">
     <span class='ocr_line' id='line_1_2' title="bbox 61 527 1179 613; baseline 0.002 -18"><span class='ocrx_word' id='word_1_2' title='bbox 61 529 156 611; x_wconf 89' lang='lat' dir='ltr'>enim,</span> <span class='ocrx_word' id='word_1_3' title='bbox 182 528 271 610; x_wconf 87' lang='lat' dir='ltr'>quod</span> <span class='ocrx_word' id='word_1_4' title='bbox 287 547 358 594; x_wconf 84' lang='lat' dir='ltr'>eum</span> <span class='ocrx_word' id='word_1_5' title='bbox 375 527 452 593; x_wconf 93' lang='lat' dir='ltr'>illuc</span> <span class='ocrx_word' id='word_1_6' title='bbox 477 529 610 612; x_wconf 90' lang='lat' dir='ltr'>navigio</span> <span class='ocrx_word' id='word_1_7' title='bbox 630 529 813 613; x_wconf 78' lang='lat' dir='ltr'>venissetis,</span> <span class='ocrx_word' id='word_1_8' title='bbox 830 530 927 613; x_wconf 89' lang='lat' dir='ltr'>signa</span> <span class='ocrx_word' id='word_1_9' title='bbox 942 537 1051 597; x_wconf 89' lang='lat' dir='ltr'>vestra</span> <span class='ocrx_word' id='word_1_10' title='bbox 1066 539 1179 600; x_wconf 85' lang='lat' dir='ltr'>contra</span> 
     </span>
     <span class='ocr_line' id='line_1_3' title="bbox 61 637 1179 724; baseline 0.003 -21"><span class='ocrx_word' id='word_1_11' title='bbox 61 639 214 704; x_wconf 89' lang='lat' dir='ltr'>civitatem</span> <span class='ocrx_word' id='word_1_12' title='bbox 230 637 378 724; x_wconf 92' lang='lat' dir='ltr'>protinus</span> <span class='ocrx_word' id='word_1_13' title='bbox 394 637 630 722; x_wconf 80' lang='lat' dir='ltr'>expandentes,</span> <span class='ocrx_word' id='word_1_14' title='bbox 655 639 796 704; x_wconf 88' lang='lat' dir='ltr'>tentoria</span> <span class='ocrx_word' id='word_1_15' title='bbox 811 639 844 703; x_wconf 94' lang='lat' dir='ltr'>in</span> <span class='ocrx_word' id='word_1_16' title='bbox 864 638 1033 706; x_wconf 86' lang='lat' dir='ltr'>obsidione</span> <span class='ocrx_word' id='word_1_17' title='bbox 1049 639 1179 722; x_wconf 87' lang='lat' dir='ltr'>fixistis,</span> 
     </span>
     <span class='ocr_line' id='line_1_4' title="bbox 61 731 1179 829; baseline 0.002 -19"><span class='ocrx_word' id='word_1_18' title='bbox 61 744 234 811; x_wconf 75' lang='lat' dir='ltr'>vallavistis</span> <span class='ocrx_word' id='word_1_19' title='bbox 249 743 393 828; x_wconf 88' lang='lat' dir='ltr'>undique</span> <span class='ocrx_word' id='word_1_20' title='bbox 409 743 592 826; x_wconf 91' lang='lat' dir='ltr'>civitatem,</span> <span class='ocrx_word' id='word_1_21' title='bbox 610 748 644 808; x_wconf 91' lang='lat' dir='ltr'>et</span> <span class='ocrx_word' id='word_1_22' title='bbox 659 764 768 811; x_wconf 90' lang='lat' dir='ltr'>muros</span> <span class='ocrx_word' id='word_1_23' title='bbox 785 743 888 829; x_wconf 88' lang='lat' dir='ltr'>ipsius</span> <span class='ocrx_word' id='word_1_24' title='bbox 904 765 969 812; x_wconf 91' lang='lat' dir='ltr'>non</span> <span class='ocrx_word' id='word_1_25' title='bbox 990 747 1062 814; x_wconf 90' lang='lat' dir='ltr'>siue</span> <span class='ocrx_word' id='word_1_26' title='bbox 1078 731 1179 812; x_wconf 86' lang='lat' dir='ltr'>multa</span> 
     </span>
     <span class='ocr_line' id='line_1_5' title="bbox 62 849 1181 936; baseline 0 -18"><span class='ocrx_word' id='word_1_27' title='bbox 62 852 207 920; x_wconf 83' lang='lat' dir='ltr'>effusione</span> <span class='ocrx_word' id='word_1_28' title='bbox 233 851 402 936; x_wconf 84' lang='lat' dir='ltr'>sanguinis</span> <span class='ocrx_word' id='word_1_29' title='bbox 419 850 609 917; x_wconf 84' lang='lat' dir='ltr'>suffodistis.</span> <span class='ocrx_word' id='word_1_30' title='bbox 636 849 781 936; x_wconf 82' lang='lat' dir='ltr'>Cumque</span> <span class='ocrx_word' id='word_1_31' title='bbox 802 852 889 918; x_wconf 87' lang='lat' dir='ltr'>cives</span> <span class='ocrx_word' id='word_1_32' title='bbox 909 853 1019 919; x_wconf 86' lang='lat' dir='ltr'>subire</span> <span class='ocrx_word' id='word_1_33' title='bbox 1034 872 1106 918; x_wconf 89' lang='lat' dir='ltr'>cum</span> <span class='ocrx_word' id='word_1_34' title='bbox 1120 853 1181 918; x_wconf 90' lang='lat' dir='ltr'>Ve-</span> 
     </span>
     <span class='ocr_line' id='line_1_6' title="bbox 62 958 1178 1046; baseline 0.002 -20"><span class='ocrx_word' id='word_1_35' title='bbox 62 961 135 1027; x_wconf 89' lang='lat' dir='ltr'>netis</span> <span class='ocrx_word' id='word_1_36' title='bbox 144 959 305 1044; x_wconf 91' lang='lat' dir='ltr'>judicium</span> <span class='ocrx_word' id='word_1_37' title='bbox 320 965 468 1025; x_wconf 90' lang='lat' dir='ltr'>nostrum</span> <span class='ocrx_word' id='word_1_38' title='bbox 479 958 610 1042; x_wconf 91' lang='lat' dir='ltr'>vellent,</span> <span class='ocrx_word' id='word_1_39' title='bbox 626 959 735 1025; x_wconf 88' lang='lat' dir='ltr'>necin</span> <span class='ocrx_word' id='word_1_40' title='bbox 751 961 812 1026; x_wconf 91' lang='lat' dir='ltr'>hoc</span> <span class='ocrx_word' id='word_1_41' title='bbox 828 959 927 1026; x_wconf 88' lang='lat' dir='ltr'>etiam</span> <span class='ocrx_word' id='word_1_42' title='bbox 943 961 1032 1046; x_wconf 89' lang='lat' dir='ltr'>apud</span> <span class='ocrx_word' id='word_1_43' title='bbox 1047 979 1107 1028; x_wconf 88' lang='lat' dir='ltr'>vos</span> <span class='ocrx_word' id='word_1_44' title='bbox 1123 981 1178 1046; x_wconf 93' lang='lat' dir='ltr'>po·</span> 
     </span>
     <span class='ocr_line' id='line_1_7' title="bbox 60 1064 1177 1150; baseline 0.002 -19"><span class='ocrx_word' id='word_1_45' title='bbox 60 1068 187 1133; x_wconf 87' lang='lat' dir='ltr'>tuissent</span> <span class='ocrx_word' id='word_1_46' title='bbox 203 1064 462 1132; x_wconf 88' lang='lat' dir='ltr'>misericordiam</span> <span class='ocrx_word' id='word_1_47' title='bbox 477 1064 632 1150; x_wconf 87' lang='lat' dir='ltr'>invenire,</span> <span class='ocrx_word' id='word_1_48' title='bbox 649 1065 738 1131; x_wconf 90' lang='lat' dir='ltr'>circa</span> <span class='ocrx_word' id='word_1_49' title='bbox 752 1085 861 1132; x_wconf 89' lang='lat' dir='ltr'>muros</span> <span class='ocrx_word' id='word_1_50' title='bbox 878 1085 954 1133; x_wconf 90' lang='lat' dir='ltr'>suos</span> <span class='ocrx_word' id='word_1_51' title='bbox 970 1066 1082 1134; x_wconf 76' lang='lat' dir='ltr'>Crucis</span> <span class='ocrx_word' id='word_1_52' title='bbox 1098 1068 1177 1133; x_wconf 91' lang='lat' dir='ltr'>ima-</span> 
     </span>
     <span class='ocr_line' id='line_1_8' title="bbox 62 1172 1179 1260; baseline -0.001 -20"><span class='ocrx_word' id='word_1_53' title='bbox 62 1175 143 1258; x_wconf 88' lang='lat' dir='ltr'>gincs</span> <span class='ocrx_word' id='word_1_54' title='bbox 158 1172 409 1260; x_wconf 88' lang='lat' dir='ltr'>suspenderunt.</span> <span class='ocrx_word' id='word_1_55' title='bbox 435 1173 501 1239; x_wconf 86' lang='lat' dir='ltr'>Sed</span> <span class='ocrx_word' id='word_1_56' title='bbox 516 1192 575 1240; x_wconf 90' lang='lat' dir='ltr'>vos</span> <span class='ocrx_word' id='word_1_57' title='bbox 591 1174 624 1239; x_wconf 90' lang='lat' dir='ltr'>iu</span> <span class='ocrx_word' id='word_1_58' title='bbox 647 1174 799 1257; x_wconf 80' lang='lat' dir='ltr'>iniuriam</span> <span class='ocrx_word' id='word_1_59' title='bbox 815 1173 966 1242; x_wconf 76' lang='lat' dir='ltr'>Crucifixi</span> <span class='ocrx_word' id='word_1_60' title='bbox 981 1195 1051 1242; x_wconf 90' lang='lat' dir='ltr'>non</span> <span class='ocrx_word' id='word_1_61' title='bbox 1073 1174 1179 1240; x_wconf 90' lang='lat' dir='ltr'>miuus</span> 
     </span>
     <span class='ocr_line' id='line_1_9' title="bbox 62 1279 1180 1365; baseline 0.004 -21"><span class='ocrx_word' id='word_1_62' title='bbox 62 1279 216 1346; x_wconf 87' lang='lat' dir='ltr'>civitatem</span> <span class='ocrx_word' id='word_1_63' title='bbox 232 1280 450 1365; x_wconf 80' lang='lat' dir='ltr'>impugnastis</span> <span class='ocrx_word' id='word_1_64' title='bbox 463 1287 495 1346; x_wconf 90' lang='lat' dir='ltr'>et</span> <span class='ocrx_word' id='word_1_65' title='bbox 510 1281 609 1364; x_wconf 89' lang='lat' dir='ltr'>cives,</span> <span class='ocrx_word' id='word_1_66' title='bbox 627 1280 686 1346; x_wconf 89' lang='lat' dir='ltr'>sed</span> <span class='ocrx_word' id='word_1_67' title='bbox 701 1299 757 1346; x_wconf 90' lang='lat' dir='ltr'>eos</span> <span class='ocrx_word' id='word_1_68' title='bbox 767 1279 811 1345; x_wconf 88' lang='lat' dir='ltr'>ad</span> <span class='ocrx_word' id='word_1_69' title='bbox 827 1279 1025 1348; x_wconf 90' lang='lat' dir='ltr'>deditionem</span> <span class='ocrx_word' id='word_1_70' title='bbox 1036 1281 1180 1349; x_wconf 85' lang='lat' dir='ltr'>violenta</span> 
     </span>
     <span class='ocr_line' id='line_1_10' title="bbox 62 1387 1180 1476; baseline 0.004 -24"><span class='ocrx_word' id='word_1_71' title='bbox 62 1387 185 1454; x_wconf 84' lang='lat' dir='ltr'>dextera</span> <span class='ocrx_word' id='word_1_72' title='bbox 195 1388 361 1474; x_wconf 78' lang='lat' dir='ltr'>coegistis.</span> <span class='ocrx_word' id='word_1_73' title='bbox 378 1387 567 1454; x_wconf 81' lang='lat' dir='ltr'>Debuerant</span> <span class='ocrx_word' id='word_1_74' title='bbox 583 1394 693 1454; x_wconf 89' lang='lat' dir='ltr'>autem</span> <span class='ocrx_word' id='word_1_75' title='bbox 705 1408 764 1454; x_wconf 90' lang='lat' dir='ltr'>vos</span> <span class='ocrx_word' id='word_1_76' title='bbox 780 1408 801 1453; x_wconf 91' lang='lat' dir='ltr'>a</span> <span class='ocrx_word' id='word_1_77' title='bbox 815 1394 882 1453; x_wconf 89' lang='lat' dir='ltr'>tum</span> <span class='ocrx_word' id='word_1_78' title='bbox 898 1389 1098 1472; x_wconf 90' lang='lat' dir='ltr'>nequissimo</span> <span class='ocrx_word' id='word_1_79' title='bbox 1108 1409 1180 1476; x_wconf 91' lang='lat' dir='ltr'>pro·</span> 
     </span>
     <span class='ocr_line' id='line_1_11' title="bbox 63 1495 1180 1581; baseline 0.001 -19"><span class='ocrx_word' id='word_1_80' title='bbox 63 1496 158 1580; x_wconf 84' lang='lat' dir='ltr'>posito</span> <span class='ocrx_word' id='word_1_81' title='bbox 168 1497 221 1562; x_wconf 92' lang='lat' dir='ltr'>vel</span> <span class='ocrx_word' id='word_1_82' title='bbox 232 1496 419 1581; x_wconf 83' lang='lat' dir='ltr'>reverentia</span> <span class='ocrx_word' id='word_1_83' title='bbox 429 1495 533 1561; x_wconf 89' lang='lat' dir='ltr'>crucis</span> <span class='ocrx_word' id='word_1_84' title='bbox 544 1499 744 1580; x_wconf 86' lang='lat' dir='ltr'>assumptae,</span> <span class='ocrx_word' id='word_1_85' title='bbox 751 1495 803 1560; x_wconf 88' lang='lat' dir='ltr'>vel</span> <span class='ocrx_word' id='word_1_86' title='bbox 814 1495 998 1562; x_wconf 89' lang='lat' dir='ltr'>charissimi</span> <span class='ocrx_word' id='word_1_87' title='bbox 1007 1495 1040 1562; x_wconf 95' lang='lat' dir='ltr'>in</span> <span class='ocrx_word' id='word_1_88' title='bbox 1051 1495 1180 1564; x_wconf 81' lang='lat' dir='ltr'>christo</span> 
     </span>
     <span class='ocr_line' id='line_1_12' title="bbox 62 1601 1178 1688; baseline 0.002 -20"><span class='ocrx_word' id='word_1_89' title='bbox 62 1603 112 1668; x_wconf 90' lang='lat' dir='ltr'>filii</span> <span class='ocrx_word' id='word_1_90' title='bbox 125 1604 226 1671; x_wconf 89' lang='lat' dir='ltr'>nostri</span> <span class='ocrx_word' id='word_1_91' title='bbox 244 1603 384 1687; x_wconf 89' lang='lat' dir='ltr'>Henrioi,</span> <span class='ocrx_word' id='word_1_92' title='bbox 401 1602 501 1687; x_wconf 88' lang='lat' dir='ltr'>Regis</span> <span class='ocrx_word' id='word_1_93' title='bbox 517 1601 748 1688; x_wconf 88' lang='lat' dir='ltr'>Hungarorum</span> <span class='ocrx_word' id='word_1_94' title='bbox 764 1603 909 1688; x_wconf 89' lang='lat' dir='ltr'>illustris,</span> <span class='ocrx_word' id='word_1_95' title='bbox 933 1612 965 1672; x_wconf 89' lang='lat' dir='ltr'>et</span> <span class='ocrx_word' id='word_1_96' title='bbox 980 1604 1100 1672; x_wconf 93' lang='lat' dir='ltr'>nobilis</span> <span class='ocrx_word' id='word_1_97' title='bbox 1116 1606 1178 1671; x_wconf 87' lang='lat' dir='ltr'>viri</span> 
     </span>
     <span class='ocr_line' id='line_1_13' title="bbox 63 1710 1180 1797; baseline 0 -21"><span class='ocrx_word' id='word_1_98' title='bbox 63 1710 204 1778; x_wconf 68' lang='lat' dir='ltr'>Androm</span> <span class='ocrx_word' id='word_1_99' title='bbox 218 1711 343 1794; x_wconf 91' lang='lat' dir='ltr'>Ducis,</span> <span class='ocrx_word' id='word_1_100' title='bbox 369 1711 481 1776; x_wconf 85' lang='lat' dir='ltr'>fratris</span> <span class='ocrx_word' id='word_1_101' title='bbox 498 1710 586 1795; x_wconf 87' lang='lat' dir='ltr'>ejus,</span> <span class='ocrx_word' id='word_1_102' title='bbox 613 1711 753 1794; x_wconf 89' lang='lat' dir='ltr'>devotio,</span> <span class='ocrx_word' id='word_1_103' title='bbox 771 1713 826 1795; x_wconf 91' lang='lat' dir='ltr'>qui</span> <span class='ocrx_word' id='word_1_104' title='bbox 841 1731 900 1797; x_wconf 92' lang='lat' dir='ltr'>pro</span> <span class='ocrx_word' id='word_1_105' title='bbox 916 1719 1023 1778; x_wconf 88' lang='lat' dir='ltr'>terrae</span> <span class='ocrx_word' id='word_1_106' title='bbox 1048 1717 1180 1778; x_wconf 85' lang='lat' dir='ltr'>sanctae</span> 
     </span>
     <span class='ocr_line' id='line_1_14' title="bbox 63 1817 1180 1906; baseline 0.004 -24"><span class='ocrx_word' id='word_1_107' title='bbox 63 1817 198 1885; x_wconf 88' lang='lat' dir='ltr'>subsidio</span> <span class='ocrx_word' id='word_1_108' title='bbox 215 1817 323 1884; x_wconf 90' lang='lat' dir='ltr'>crucis</span> <span class='ocrx_word' id='word_1_109' title='bbox 339 1819 544 1900; x_wconf 79' lang='lat' dir='ltr'>signaculum</span> <span class='ocrx_word' id='word_1_110' title='bbox 561 1825 816 1903; x_wconf 90' lang='lat' dir='ltr'>assumpserunt,</span> <span class='ocrx_word' id='word_1_111' title='bbox 841 1819 894 1884; x_wconf 92' lang='lat' dir='ltr'>vel</span> <span class='ocrx_word' id='word_1_112' title='bbox 910 1819 1026 1885; x_wconf 88' lang='lat' dir='ltr'>saltem</span> <span class='ocrx_word' id='word_1_113' title='bbox 1044 1819 1180 1906; x_wconf 87' lang='lat' dir='ltr'>Aposto·</span> 
     </span>
     <span class='ocr_line' id='line_1_15' title="bbox 63 1923 1179 2008; baseline 0.003 -19"><span class='ocrx_word' id='word_1_114' title='bbox 63 1924 137 1990; x_wconf 84' lang='lat' dir='ltr'>licae</span> <span class='ocrx_word' id='word_1_115' title='bbox 150 1924 248 1992; x_wconf 85' lang='lat' dir='ltr'>Sedis</span> <span class='ocrx_word' id='word_1_116' title='bbox 262 1925 452 2008; x_wconf 87' lang='lat' dir='ltr'>auctoritas,</span> <span class='ocrx_word' id='word_1_117' title='bbox 476 1943 560 2008; x_wconf 88' lang='lat' dir='ltr'>quae</span> <span class='ocrx_word' id='word_1_118' title='bbox 575 1925 669 1992; x_wconf 92' lang='lat' dir='ltr'>vobis</span> <span class='ocrx_word' id='word_1_119' title='bbox 687 1925 812 1990; x_wconf 88' lang='lat' dir='ltr'>curavit</span> <span class='ocrx_word' id='word_1_120' title='bbox 828 1924 1006 1992; x_wconf 89' lang='lat' dir='ltr'>districtius</span> <span class='ocrx_word' id='word_1_121' title='bbox 1022 1923 1179 2008; x_wconf 88' lang='lat' dir='ltr'>inhibere,</span> 
     </span>
     <span class='ocr_line' id='line_1_16' title="bbox 64 2030 1181 2118; baseline 0.001 -22"><span class='ocrx_word' id='word_1_122' title='bbox 64 2052 99 2097; x_wconf 90' lang='lat' dir='ltr'>nc</span> <span class='ocrx_word' id='word_1_123' title='bbox 113 2039 218 2099; x_wconf 85' lang='lat' dir='ltr'>terras</span> <span class='ocrx_word' id='word_1_124' title='bbox 236 2030 495 2100; x_wconf 77' lang='lat' dir='ltr'>Christianorum</span> <span class='ocrx_word' id='word_1_125' title='bbox 520 2033 674 2100; x_wconf 90' lang='lat' dir='ltr'>invadere</span> <span class='ocrx_word' id='word_1_126' title='bbox 689 2033 742 2098; x_wconf 91' lang='lat' dir='ltr'>vel</span> <span class='ocrx_word' id='word_1_127' title='bbox 758 2032 889 2100; x_wconf 89' lang='lat' dir='ltr'>laedere</span> <span class='ocrx_word' id='word_1_128' title='bbox 904 2032 1092 2118; x_wconf 88' lang='lat' dir='ltr'>tentaretis,</span> <span class='ocrx_word' id='word_1_129' title='bbox 1117 2032 1181 2098; x_wconf 92' lang='lat' dir='ltr'>nisi</span> 
     </span>
     <span class='ocr_line' id='line_1_17' title="bbox 64 2139 1182 2226; baseline 0.001 -23"><span class='ocrx_word' id='word_1_130' title='bbox 64 2140 110 2204; x_wconf 89' lang='lat' dir='ltr'>vel</span> <span class='ocrx_word' id='word_1_131' title='bbox 123 2140 185 2226; x_wconf 88' lang='lat' dir='ltr'>ipsi</span> <span class='ocrx_word' id='word_1_132' title='bbox 200 2147 348 2206; x_wconf 88' lang='lat' dir='ltr'>vestrum</span> <span class='ocrx_word' id='word_1_133' title='bbox 363 2139 425 2206; x_wconf 89' lang='lat' dir='ltr'>iter</span> <span class='ocrx_word' id='word_1_134' title='bbox 440 2140 590 2224; x_wconf 85' lang='lat' dir='ltr'>nequiter</span> <span class='ocrx_word' id='word_1_135' title='bbox 605 2139 810 2226; x_wconf 89' lang='lat' dir='ltr'>impedirent,</span> <span class='ocrx_word' id='word_1_136' title='bbox 828 2139 881 2206; x_wconf 91' lang='lat' dir='ltr'>vel</span> <span class='ocrx_word' id='word_1_137' title='bbox 897 2139 965 2206; x_wconf 86' lang='lat' dir='ltr'>alia</span> <span class='ocrx_word' id='word_1_138' title='bbox 980 2159 1081 2206; x_wconf 87' lang='lat' dir='ltr'>eausa</span> <span class='ocrx_word' id='word_1_139' title='bbox 1090 2141 1182 2225; x_wconf 77' lang='lat' dir='ltr'>Justa</span> 
     </span>
     <span class='ocr_line' id='line_1_18' title="bbox 65 2247 1181 2333; baseline 0 -21"><span class='ocrx_word' id='word_1_140' title='bbox 65 2248 109 2313; x_wconf 88' lang='lat' dir='ltr'>vel</span> <span class='ocrx_word' id='word_1_141' title='bbox 132 2249 322 2316; x_wconf 85' lang='lat' dir='ltr'>necessaria</span> <span class='ocrx_word' id='word_1_142' title='bbox 344 2249 456 2316; x_wconf 89' lang='lat' dir='ltr'>forsan</span> <span class='ocrx_word' id='word_1_143' title='bbox 473 2253 655 2316; x_wconf 89' lang='lat' dir='ltr'>occurreret</span> <span class='ocrx_word' id='word_1_144' title='bbox 665 2297 673 2331; x_wconf 95' lang='lat'>,</span> <span class='ocrx_word' id='word_1_145' title='bbox 690 2251 823 2333; x_wconf 87' lang='lat' dir='ltr'>propter</span> <span class='ocrx_word' id='word_1_146' title='bbox 840 2265 936 2330; x_wconf 89' lang='lat' dir='ltr'>quam</span> <span class='ocrx_word' id='word_1_147' title='bbox 964 2247 1053 2313; x_wconf 87' lang='lat' dir='ltr'>aliud</span> <span class='ocrx_word' id='word_1_148' title='bbox 1072 2266 1181 2332; x_wconf 88' lang='lat' dir='ltr'>agere,</span> 
     </span>
     <span class='ocr_line' id='line_1_19' title="bbox 66 2354 1183 2439; baseline 0 -20"><span class='ocrx_word' id='word_1_149' title='bbox 66 2354 233 2422; x_wconf 81' lang='lat' dir='ltr'>accedente</span> <span class='ocrx_word' id='word_1_150' title='bbox 249 2355 386 2421; x_wconf 90' lang='lat' dir='ltr'>consilio</span> <span class='ocrx_word' id='word_1_151' title='bbox 399 2355 516 2438; x_wconf 84' lang='lat' dir='ltr'>Legati</span> <span class='ocrx_word' id='word_1_152' title='bbox 531 2355 684 2439; x_wconf 88' lang='lat' dir='ltr'>possetis.</span> <span class='ocrx_word' id='word_1_153' title='bbox 711 2354 762 2419; x_wconf 88' lang='lat' dir='ltr'>Nc</span> <span class='ocrx_word' id='word_1_154' title='bbox 778 2373 853 2421; x_wconf 90' lang='lat' dir='ltr'>vero</span> <span class='ocrx_word' id='word_1_155' title='bbox 870 2355 1054 2439; x_wconf 88' lang='lat' dir='ltr'>praemissa</span> <span class='ocrx_word' id='word_1_156' title='bbox 1068 2354 1183 2421; x_wconf 91' lang='lat' dir='ltr'>inhibi-</span> 
     </span>
     <span class='ocr_line' id='line_1_20' title="bbox 66 2461 1182 2549; baseline 0 -23"><span class='ocrx_word' id='word_1_157' title='bbox 66 2461 105 2527; x_wconf 85' lang='lat' dir='ltr'>tio</span> <span class='ocrx_word' id='word_1_158' title='bbox 119 2464 262 2548; x_wconf 88' lang='lat' dir='ltr'>segniter</span> <span class='ocrx_word' id='word_1_159' title='bbox 278 2463 455 2548; x_wconf 85' lang='lat' dir='ltr'>audiretur,</span> <span class='ocrx_word' id='word_1_160' title='bbox 473 2463 502 2529; x_wconf 88' lang='lat' dir='ltr'>si</span> <span class='ocrx_word' id='word_1_161' title='bbox 518 2463 573 2548; x_wconf 91' lang='lat' dir='ltr'>qui</span> <span class='ocrx_word' id='word_1_162' title='bbox 589 2469 787 2528; x_wconf 87' lang='lat' dir='ltr'>oontraeam</span> <span class='ocrx_word' id='word_1_163' title='bbox 803 2461 914 2528; x_wconf 91' lang='lat' dir='ltr'>venire</span> <span class='ocrx_word' id='word_1_164' title='bbox 928 2468 1182 2549; x_wconf 89' lang='lat' dir='ltr'>praesumerent,</span> 
     </span>
     <span class='ocr_line' id='line_1_21' title="bbox 67 2569 1183 2638; baseline -0.001 -5"><span class='ocrx_word' id='word_1_165' title='bbox 67 2587 116 2634; x_wconf 90' lang='lat' dir='ltr'>eos</span> <span class='ocrx_word' id='word_1_166' title='bbox 138 2569 401 2638; x_wconf 84' lang='lat' dir='ltr'>denuntiavimus</span> <span class='ocrx_word' id='word_1_167' title='bbox 427 2569 769 2638; x_wconf 84' lang='lat' dir='ltr'>excommunicationis</span> <span class='ocrx_word' id='word_1_168' title='bbox 794 2569 921 2637; x_wconf 92' lang='lat' dir='ltr'>vinculo</span> <span class='ocrx_word' id='word_1_169' title='bbox 951 2569 1126 2638; x_wconf 87' lang='lat' dir='ltr'>innodatos</span> <span class='ocrx_word' id='word_1_170' title='bbox 1151 2573 1183 2634; x_wconf 91' lang='lat' dir='ltr'>et</span> 
     </span>
     <span class='ocr_line' id='line_1_22' title="bbox 5 2669 1183 2764; baseline 0.003 -24"><span class='ocrx_word' id='word_1_171' title='bbox 5 2669 6 2672; x_wconf 66' lang='grc'>’</span> <span class='ocrx_word' id='word_1_172' title='bbox 68 2676 222 2746; x_wconf 87' lang='lat' dir='ltr'>beneficiis</span> <span class='ocrx_word' id='word_1_173' title='bbox 239 2680 482 2764; x_wconf 86' lang='lat' dir='ltr'>indulgentiae,</span> <span class='ocrx_word' id='word_1_174' title='bbox 509 2699 605 2763; x_wconf 90' lang='lat' dir='ltr'>quam</span> <span class='ocrx_word' id='word_1_175' title='bbox 621 2675 814 2764; x_wconf 84' lang='lat' dir='ltr'>Apostolica</span> <span class='ocrx_word' id='word_1_176' title='bbox 828 2678 928 2744; x_wconf 86' lang='lat' dir='ltr'>Sedes</span> <span class='ocrx_word' id='word_1_177' title='bbox 950 2676 1183 2762; x_wconf 76' lang='lat' dir='ltr'>crucesignatis</span> 
     </span>
     <span class='ocr_line' id='line_1_23' title="bbox 67 2782 1182 2870; baseline 0.002 -21"><span class='ocrx_word' id='word_1_178' title='bbox 67 2782 202 2870; x_wconf 89' lang='lat' dir='ltr'>indulsit,</span> <span class='ocrx_word' id='word_1_179' title='bbox 219 2787 389 2854; x_wconf 90' lang='lat' dir='ltr'>immunes.</span> <span class='ocrx_word' id='word_1_180' title='bbox 408 2785 578 2854; x_wconf 79' lang='lat' dir='ltr'>Caeterum</span> <span class='ocrx_word' id='word_1_181' title='bbox 593 2786 817 2852; x_wconf 89' lang='lat' dir='ltr'>licetdilectus</span> <span class='ocrx_word' id='word_1_182' title='bbox 835 2785 921 2852; x_wconf 89' lang='lat' dir='ltr'>iilius</span> <span class='ocrx_word' id='word_1_183' title='bbox 937 2791 1046 2853; x_wconf 81' lang='lat' dir='ltr'>notter</span> <span class='ocrx_word' id='word_1_184' title='bbox 1056 2787 1182 2866; x_wconf 88' lang='lat' dir='ltr'>Petrus,</span> 
     </span>
    </p>
   </div>
   <div class='ocr_carea' id='block_1_3' title="bbox 67 2839 1400 2980">
    <p class='ocr_par' dir='ltr' id='par_1_3' title="bbox 67 2839 1400 2980">
     <span class='ocr_line' id='line_1_24' title="bbox 67 2839 1400 2980; baseline 0.002 -24"><span class='ocrx_word' id='word_1_185' title='bbox 67 2891 144 2958; x_wconf 88' lang='lat' dir='ltr'>tituli</span> <span class='ocrx_word' id='word_1_186' title='bbox 158 2893 272 2959; x_wconf 84' lang='lat' dir='ltr'>Sancti</span> <span class='ocrx_word' id='word_1_187' title='bbox 287 2892 435 2958; x_wconf 84' lang='lat' dir='ltr'>Marcelli</span> <span class='ocrx_word' id='word_1_188' title='bbox 450 2894 627 2977; x_wconf 88' lang='lat' dir='ltr'>Presbyter</span> <span class='ocrx_word' id='word_1_189' title='bbox 643 2891 844 2975; x_wconf 81' lang='lat' dir='ltr'>Gardinalis,</span> <span class='ocrx_word' id='word_1_190' title='bbox 863 2883 1074 2980; x_wconf 78' lang='lat' dir='ltr'>Apostolicae</span> <span class='ocrx_word' id='word_1_191' title='bbox 1088 2891 1184 2959; x_wconf 88' lang='lat' dir='ltr'>Sedis</span> <span class='ocrx_word' id='word_1_192' title='bbox 1296 2951 1301 2960; x_wconf 87' lang='lat'><em>.</em></span> <span class='ocrx_word' id='word_1_193' title='bbox 1393 2839 1400 2848; x_wconf 20' lang='grc' dir='ltr'><em>ὃ</em></span> 
     </span>
    </p>
   </div>
   <div class='ocr_carea' id='block_1_4' title="bbox 5 2997 1190 4700">
    <p class='ocr_par' dir='ltr' id='par_1_4' title="bbox 5 2997 1190 4700">
     <span class='ocr_line' id='line_1_25' title="bbox 69 2997 1184 3087; baseline -0.001 -21"><span class='ocrx_word' id='word_1_194' title='bbox 69 2997 200 3084; x_wconf 80' lang='lat' dir='ltr'>lagatus</span> <span class='ocrx_word' id='word_1_195' title='bbox 211 3051 221 3086; x_wconf 97' lang='lat'>,</span> <span class='ocrx_word' id='word_1_196' title='bbox 247 2999 475 3087; x_wconf 89' lang='lat' dir='ltr'>prohibitionis</span> <span class='ocrx_word' id='word_1_197' title='bbox 501 3007 633 3068; x_wconf 90' lang='lat' dir='ltr'>nostrae</span> <span class='ocrx_word' id='word_1_198' title='bbox 648 3007 792 3067; x_wconf 90' lang='lat' dir='ltr'>tenorem</span> <span class='ocrx_word' id='word_1_199' title='bbox 817 3000 1013 3083; x_wconf 87' lang='lat' dir='ltr'>quibusdam</span> <span class='ocrx_word' id='word_1_200' title='bbox 1033 3019 1075 3066; x_wconf 87' lang='lat' dir='ltr'>ex</span> <span class='ocrx_word' id='word_1_201' title='bbox 1090 2999 1184 3066; x_wconf 90' lang='lat' dir='ltr'>vobis</span> 
     </span>
     <span class='ocr_line' id='line_1_26' title="bbox 69 3103 1186 3192; baseline -0.002 -22"><span class='ocrx_word' id='word_1_202' title='bbox 69 3125 222 3192; x_wconf 81' lang='lat' dir='ltr'>exponere</span> <span class='ocrx_word' id='word_1_203' title='bbox 238 3107 428 3192; x_wconf 88' lang='lat' dir='ltr'>curavisset,</span> <span class='ocrx_word' id='word_1_204' title='bbox 447 3112 478 3174; x_wconf 90' lang='lat' dir='ltr'>et</span> <span class='ocrx_word' id='word_1_205' title='bbox 496 3107 628 3175; x_wconf 87' lang='lat' dir='ltr'>taudem</span> <span class='ocrx_word' id='word_1_206' title='bbox 643 3108 773 3174; x_wconf 84' lang='lat' dir='ltr'>litterae</span> <span class='ocrx_word' id='word_1_207' title='bbox 787 3113 920 3174; x_wconf 90' lang='lat' dir='ltr'>nostrae</span> <span class='ocrx_word' id='word_1_208' title='bbox 939 3105 1033 3172; x_wconf 88' lang='lat' dir='ltr'>vobis</span> <span class='ocrx_word' id='word_1_209' title='bbox 1048 3103 1186 3171; x_wconf 84' lang='lat' dir='ltr'>fuissent</span> 
     </span>
     <span class='ocr_line' id='line_1_27' title="bbox 69 3211 1184 3303; baseline -0.002 -23"><span class='ocrx_word' id='word_1_210' title='bbox 69 3215 187 3298; x_wconf 83' lang='lat' dir='ltr'>publice</span> <span class='ocrx_word' id='word_1_211' title='bbox 201 3221 444 3303; x_wconf 88' lang='lat' dir='ltr'>praesentatae,</span> <span class='ocrx_word' id='word_1_212' title='bbox 462 3235 523 3284; x_wconf 86' lang='lat' dir='ltr'>nec</span> <span class='ocrx_word' id='word_1_213' title='bbox 537 3217 608 3282; x_wconf 91' lang='lat' dir='ltr'>Deo</span> <span class='ocrx_word' id='word_1_214' title='bbox 624 3235 685 3282; x_wconf 90' lang='lat' dir='ltr'>nec</span> <span class='ocrx_word' id='word_1_215' title='bbox 699 3215 775 3282; x_wconf 88' lang='lat' dir='ltr'>Sedi</span> <span class='ocrx_word' id='word_1_216' title='bbox 785 3213 995 3300; x_wconf 84' lang='lat' dir='ltr'>Apostolicae</span> <span class='ocrx_word' id='word_1_217' title='bbox 1011 3211 1184 3296; x_wconf 88' lang='lat' dir='ltr'>detulistis,</span> 
     </span>
     <span class='ocr_line' id='line_1_28' title="bbox 69 3321 1185 3410; baseline -0.001 -23"><span class='ocrx_word' id='word_1_218' title='bbox 69 3322 120 3388; x_wconf 88' lang='lat' dir='ltr'>sed</span> <span class='ocrx_word' id='word_1_219' title='bbox 133 3329 168 3390; x_wconf 92' lang='lat' dir='ltr'>ut</span> <span class='ocrx_word' id='word_1_220' title='bbox 182 3344 219 3392; x_wconf 90' lang='lat' dir='ltr'>se</span> <span class='ocrx_word' id='word_1_221' title='bbox 235 3324 418 3410; x_wconf 88' lang='lat' dir='ltr'>redderent,</span> <span class='ocrx_word' id='word_1_222' title='bbox 435 3325 590 3410; x_wconf 88' lang='lat' dir='ltr'>coegistis</span> <span class='ocrx_word' id='word_1_223' title='bbox 607 3325 746 3392; x_wconf 89' lang='lat' dir='ltr'>miseros</span> <span class='ocrx_word' id='word_1_224' title='bbox 762 3325 782 3390; x_wconf 88' lang='lat' dir='ltr'><strong>J</strong></span> <span class='ocrx_word' id='word_1_225' title='bbox 784 3321 959 3388; x_wconf 89' lang='lat' dir='ltr'>adertinos.</span> <span class='ocrx_word' id='word_1_226' title='bbox 976 3321 1092 3388; x_wconf 88' lang='lat' dir='ltr'>Veneti</span> <span class='ocrx_word' id='word_1_227' title='bbox 1108 3339 1185 3404; x_wconf 86' lang='lat' dir='ltr'>ergo</span> 
     </span>
     <span class='ocr_line' id='line_1_29' title="bbox 69 3427 1186 3513; baseline 0.001 -20"><span class='ocrx_word' id='word_1_228' title='bbox 69 3427 209 3496; x_wconf 85' lang='lat' dir='ltr'>inoculis</span> <span class='ocrx_word' id='word_1_229' title='bbox 226 3433 345 3497; x_wconf 90' lang='lat' dir='ltr'>vestris</span> <span class='ocrx_word' id='word_1_230' title='bbox 362 3431 589 3498; x_wconf 89' lang='lat' dir='ltr'>subverterunt</span> <span class='ocrx_word' id='word_1_231' title='bbox 605 3451 713 3499; x_wconf 89' lang='lat' dir='ltr'>muros</span> <span class='ocrx_word' id='word_1_232' title='bbox 729 3429 872 3498; x_wconf 88' lang='lat' dir='ltr'>civitatis</span> <span class='ocrx_word' id='word_1_233' title='bbox 889 3427 1045 3513; x_wconf 89' lang='lat' dir='ltr'>ejusdem,</span> <span class='ocrx_word' id='word_1_234' title='bbox 1067 3427 1186 3513; x_wconf 90' lang='lat' dir='ltr'>spolia-</span> 
     </span>
     <span class='ocr_line' id='line_1_30' title="bbox 71 3535 1184 3623; baseline 0.002 -23"><span class='ocrx_word' id='word_1_235' title='bbox 71 3545 175 3604; x_wconf 82' lang='lat' dir='ltr'>verunt</span> <span class='ocrx_word' id='word_1_236' title='bbox 189 3539 368 3623; x_wconf 88' lang='lat' dir='ltr'>ecclesias,</span> <span class='ocrx_word' id='word_1_237' title='bbox 385 3540 534 3606; x_wconf 87' lang='lat' dir='ltr'>aedilicia</span> <span class='ocrx_word' id='word_1_238' title='bbox 549 3540 778 3607; x_wconf 85' lang='lat' dir='ltr'>destruxerunt</span> <span class='ocrx_word' id='word_1_239' title='bbox 792 3545 824 3605; x_wconf 90' lang='lat' dir='ltr'>et</span> <span class='ocrx_word' id='word_1_240' title='bbox 839 3557 898 3606; x_wconf 89' lang='lat' dir='ltr'>vos</span> <span class='ocrx_word' id='word_1_241' title='bbox 914 3557 987 3604; x_wconf 91' lang='lat' dir='ltr'>cum</span> <span class='ocrx_word' id='word_1_242' title='bbox 1009 3538 1057 3604; x_wconf 90' lang='lat' dir='ltr'>cis</span> <span class='ocrx_word' id='word_1_243' title='bbox 1073 3535 1184 3604; x_wconf 85' lang='lat' dir='ltr'>Jader·</span> 
     </span>
     <span class='ocr_line' id='line_1_31' title="bbox 70 3644 1187 3735; baseline 0.004 -27"><span class='ocrx_word' id='word_1_244' title='bbox 70 3644 199 3712; x_wconf 87' lang='lat' dir='ltr'>tinorum</span> <span class='ocrx_word' id='word_1_245' title='bbox 216 3646 326 3732; x_wconf 92' lang='lat' dir='ltr'>spolia</span> <span class='ocrx_word' id='word_1_246' title='bbox 341 3647 510 3714; x_wconf 81' lang='lat' dir='ltr'>divisistis.</span> <span class='ocrx_word' id='word_1_247' title='bbox 534 3648 626 3715; x_wconf 87' lang='lat' dir='ltr'>Licet</span> <span class='ocrx_word' id='word_1_248' title='bbox 641 3656 750 3715; x_wconf 88' lang='lat' dir='ltr'>antem</span> <span class='ocrx_word' id='word_1_249' title='bbox 766 3667 862 3735; x_wconf 90' lang='lat' dir='ltr'>super</span> <span class='ocrx_word' id='word_1_250' title='bbox 876 3645 938 3714; x_wconf 92' lang='lat' dir='ltr'>hoc</span> <span class='ocrx_word' id='word_1_251' title='bbox 953 3645 1107 3714; x_wconf 87' lang='lat' dir='ltr'>fuerimus</span> <span class='ocrx_word' id='word_1_252' title='bbox 1122 3667 1187 3713; x_wconf 93' lang='lat' dir='ltr'>non</span> 
     </span>
     <span class='ocr_line' id='line_1_32' title="bbox 72 3751 1188 3840; baseline 0.005 -25"><span class='ocrx_word' id='word_1_253' title='bbox 72 3751 223 3819; x_wconf 88' lang='lat' dir='ltr'>modicum</span> <span class='ocrx_word' id='word_1_254' title='bbox 240 3754 441 3838; x_wconf 88' lang='lat' dir='ltr'>conturbati,</span> <span class='ocrx_word' id='word_1_255' title='bbox 467 3754 648 3840; x_wconf 85' lang='lat' dir='ltr'>gaudemus</span> <span class='ocrx_word' id='word_1_256' title='bbox 663 3761 773 3821; x_wconf 89' lang='lat' dir='ltr'>tamen</span> <span class='ocrx_word' id='word_1_257' title='bbox 789 3755 824 3820; x_wconf 94' lang='lat' dir='ltr'>in</span> <span class='ocrx_word' id='word_1_258' title='bbox 840 3754 990 3838; x_wconf 91' lang='lat' dir='ltr'>Domino,</span> <span class='ocrx_word' id='word_1_259' title='bbox 1018 3753 1105 3838; x_wconf 90' lang='lat' dir='ltr'>quod</span> <span class='ocrx_word' id='word_1_260' title='bbox 1123 3756 1188 3821; x_wconf 90' lang='lat' dir='ltr'>cul-</span> 
     </span>
     <span class='ocr_line' id='line_1_33' title="bbox 72 3859 1187 3947; baseline 0.003 -23"><span class='ocrx_word' id='word_1_261' title='bbox 72 3877 139 3941; x_wconf 85' lang='lat' dir='ltr'>pam</span> <span class='ocrx_word' id='word_1_262' title='bbox 154 3866 298 3927; x_wconf 89' lang='lat' dir='ltr'>vestram</span> <span class='ocrx_word' id='word_1_263' title='bbox 322 3861 529 3946; x_wconf 90' lang='lat' dir='ltr'>cognoscitis,</span> <span class='ocrx_word' id='word_1_264' title='bbox 547 3868 580 3927; x_wconf 89' lang='lat' dir='ltr'>et</span> <span class='ocrx_word' id='word_1_265' title='bbox 596 3881 667 3928; x_wconf 90' lang='lat' dir='ltr'>eam</span> <span class='ocrx_word' id='word_1_266' title='bbox 683 3859 864 3947; x_wconf 89' lang='lat' dir='ltr'>proponitis</span> <span class='ocrx_word' id='word_1_267' title='bbox 880 3879 940 3946; x_wconf 88' lang='lat' dir='ltr'>per</span> <span class='ocrx_word' id='word_1_268' title='bbox 956 3859 1187 3944; x_wconf 88' lang='lat' dir='ltr'>poenitentiam</span> 
     </span>
     <span class='ocr_line' id='line_1_34' title="bbox 72 3967 1188 4060; baseline 0.004 -30"><span class='ocrx_word' id='word_1_269' title='bbox 72 3969 214 4053; x_wconf 85' lang='lat' dir='ltr'>expiare,</span> <span class='ocrx_word' id='word_1_270' title='bbox 240 3969 324 4036; x_wconf 88' lang='lat' dir='ltr'>siout</span> <span class='ocrx_word' id='word_1_271' title='bbox 340 3971 536 4060; x_wconf 86' lang='lat' dir='ltr'>venerabilis</span> <span class='ocrx_word' id='word_1_272' title='bbox 550 3969 654 4037; x_wconf 87' lang='lat' dir='ltr'>frater</span> <span class='ocrx_word' id='word_1_273' title='bbox 668 3976 778 4038; x_wconf 88' lang='lat' dir='ltr'>noster</span> <span class='ocrx_word' id='word_1_274' title='bbox 795 3967 1038 4037; x_wconf 80' lang='lat' dir='ltr'>suessionensis</span> <span class='ocrx_word' id='word_1_275' title='bbox 1056 3968 1188 4053; x_wconf 79' lang='lat' dir='ltr'>Episco-</span> 
     </span>
     <span class='ocr_line' id='line_1_35' title="bbox 73 4064 1188 4164; baseline 0 -25"><span class='ocrx_word' id='word_1_276' title='bbox 73 4064 137 4160; x_wconf 74' lang='lat' dir='ltr'>pus,</span> <span class='ocrx_word' id='word_1_277' title='bbox 151 4083 183 4142; x_wconf 90' lang='lat' dir='ltr'>et</span> <span class='ocrx_word' id='word_1_278' title='bbox 197 4077 266 4160; x_wconf 88' lang='lat' dir='ltr'>alii,</span> <span class='ocrx_word' id='word_1_279' title='bbox 284 4078 340 4160; x_wconf 87' lang='lat' dir='ltr'>qui</span> <span class='ocrx_word' id='word_1_280' title='bbox 350 4086 508 4147; x_wconf 88' lang='lat' dir='ltr'>venerunt</span> <span class='ocrx_word' id='word_1_281' title='bbox 523 4097 596 4145; x_wconf 90' lang='lat' dir='ltr'>cum</span> <span class='ocrx_word' id='word_1_282' title='bbox 612 4097 662 4163; x_wconf 91' lang='lat' dir='ltr'>eo,</span> <span class='ocrx_word' id='word_1_283' title='bbox 679 4098 720 4144; x_wconf 84' lang='lat' dir='ltr'>er</span> <span class='ocrx_word' id='word_1_284' title='bbox 736 4083 832 4164; x_wconf 88' lang='lat' dir='ltr'>parte</span> <span class='ocrx_word' id='word_1_285' title='bbox 846 4084 958 4143; x_wconf 89' lang='lat' dir='ltr'>vestra</span> <span class='ocrx_word' id='word_1_286' title='bbox 977 4074 1072 4142; x_wconf 91' lang='lat' dir='ltr'>nobis</span> <span class='ocrx_word' id='word_1_287' title='bbox 1087 4075 1188 4142; x_wconf 91' lang='lat' dir='ltr'>humi-</span> 
     </span>
     <span class='ocr_line' id='line_1_36' title="bbox 73 4181 1189 4272; baseline 0.003 -27"><span class='ocrx_word' id='word_1_288' title='bbox 73 4181 138 4248; x_wconf 84' lang='lat' dir='ltr'>liter</span> <span class='ocrx_word' id='word_1_289' title='bbox 152 4183 357 4269; x_wconf 73' lang='lat' dir='ltr'>intimarunt,</span> <span class='ocrx_word' id='word_1_290' title='bbox 374 4184 429 4268; x_wconf 86' lang='lat' dir='ltr'>qui</span> <span class='ocrx_word' id='word_1_291' title='bbox 446 4185 509 4252; x_wconf 87' lang='lat' dir='ltr'>etsi</span> <span class='ocrx_word' id='word_1_292' title='bbox 524 4191 667 4252; x_wconf 89' lang='lat' dir='ltr'>vestrum</span> <span class='ocrx_word' id='word_1_293' title='bbox 683 4186 772 4272; x_wconf 89' lang='lat' dir='ltr'>apud</span> <span class='ocrx_word' id='word_1_294' title='bbox 786 4205 845 4254; x_wconf 92' lang='lat' dir='ltr'>nos</span> <span class='ocrx_word' id='word_1_295' title='bbox 862 4181 1066 4250; x_wconf 80' lang='lat' dir='ltr'>extenuarint</span> <span class='ocrx_word' id='word_1_296' title='bbox 1080 4199 1189 4248; x_wconf 83' lang='lat' dir='ltr'>exces-</span> 
     </span>
     <span class='ocr_line' id='line_1_37' title="bbox 74 4289 1189 4380; baseline 0.004 -28"><span class='ocrx_word' id='word_1_297' title='bbox 74 4305 146 4374; x_wconf 89' lang='lat' dir='ltr'>sum,</span> <span class='ocrx_word' id='word_1_298' title='bbox 161 4292 335 4358; x_wconf 88' lang='lat' dir='ltr'>noluerunt</span> <span class='ocrx_word' id='word_1_299' title='bbox 350 4298 467 4378; x_wconf 89' lang='lat' dir='ltr'>tamen,</span> <span class='ocrx_word' id='word_1_300' title='bbox 487 4293 565 4377; x_wconf 87' lang='lat' dir='ltr'>quia</span> <span class='ocrx_word' id='word_1_301' title='bbox 580 4313 639 4360; x_wconf 86' lang='lat' dir='ltr'>uec</span> <span class='ocrx_word' id='word_1_302' title='bbox 654 4301 806 4380; x_wconf 89' lang='lat' dir='ltr'>poteraut</span> <span class='ocrx_word' id='word_1_303' title='bbox 815 4344 824 4377; x_wconf 98' lang='lat'>,</span> <span class='ocrx_word' id='word_1_304' title='bbox 850 4289 1081 4360; x_wconf 86' lang='lat' dir='ltr'>contumaciter</span> <span class='ocrx_word' id='word_1_305' title='bbox 1097 4309 1189 4356; x_wconf 89' lang='lat' dir='ltr'>exeu-</span> 
     </span>
     <span class='ocr_line' id='line_1_38' title="bbox 74 4395 1190 4486; baseline 0 -24"><span class='ocrx_word' id='word_1_306' title='bbox 74 4411 147 4462; x_wconf 79' lang='lat' dir='ltr'>tare.</span> <span class='ocrx_word' id='word_1_307' title='bbox 163 4397 386 4466; x_wconf 82' lang='lat' dir='ltr'>Intelleximus</span> <span class='ocrx_word' id='word_1_308' title='bbox 403 4417 543 4484; x_wconf 88' lang='lat' dir='ltr'>namque</span> <span class='ocrx_word' id='word_1_309' title='bbox 559 4419 617 4486; x_wconf 91' lang='lat' dir='ltr'>per</span> <span class='ocrx_word' id='word_1_310' title='bbox 632 4418 708 4484; x_wconf 89' lang='lat' dir='ltr'>eos,</span> <span class='ocrx_word' id='word_1_311' title='bbox 734 4399 821 4483; x_wconf 88' lang='lat' dir='ltr'>quod</span> <span class='ocrx_word' id='word_1_312' title='bbox 836 4419 900 4465; x_wconf 92' lang='lat' dir='ltr'>non</span> <span class='ocrx_word' id='word_1_313' title='bbox 919 4395 1041 4462; x_wconf 88' lang='lat' dir='ltr'>inducti</span> <span class='ocrx_word' id='word_1_314' title='bbox 1056 4399 1190 4482; x_wconf 89' lang='lat' dir='ltr'>propria</span> 
     </span>
     <span class='ocr_line' id='line_1_39' title="bbox 76 4503 1189 4592; baseline 0.007 -28"><span class='ocrx_word' id='word_1_315' title='bbox 76 4503 248 4588; x_wconf 89' lang='lat' dir='ltr'>voluntate,</span> <span class='ocrx_word' id='word_1_316' title='bbox 275 4505 332 4572; x_wconf 86' lang='lat' dir='ltr'>sed</span> <span class='ocrx_word' id='word_1_317' title='bbox 348 4509 445 4592; x_wconf 88' lang='lat' dir='ltr'>quasi</span> <span class='ocrx_word' id='word_1_318' title='bbox 461 4506 603 4592; x_wconf 86' lang='lat' dir='ltr'>quadam</span> <span class='ocrx_word' id='word_1_319' title='bbox 619 4509 815 4575; x_wconf 86' lang='lat' dir='ltr'>necessitate</span> <span class='ocrx_word' id='word_1_320' title='bbox 831 4505 946 4588; x_wconf 88' lang='lat' dir='ltr'>coacti,</span> <span class='ocrx_word' id='word_1_321' title='bbox 966 4503 1010 4570; x_wconf 85' lang='lat' dir='ltr'>ad</span> <span class='ocrx_word' id='word_1_322' title='bbox 1024 4523 1189 4591; x_wconf 81' lang='lat' dir='ltr'>expugna-</span> 
     </span>
     <span class='ocr_line' id='line_1_40' title="bbox 5 4606 1190 4700; baseline 0 -20"><span class='ocrx_word' id='word_1_323' title='bbox 5 4677 6 4680; x_wconf 63' lang='lat'>,</span> <span class='ocrx_word' id='word_1_324' title='bbox 75 4606 184 4677; x_wconf 90' lang='lat' dir='ltr'>tionem</span> <span class='ocrx_word' id='word_1_325' title='bbox 201 4611 342 4680; x_wconf 86' lang='lat' dir='ltr'>Jaderac</span> <span class='ocrx_word' id='word_1_326' title='bbox 353 4614 570 4700; x_wconf 86' lang='lat' dir='ltr'>processistis,</span> <span class='ocrx_word' id='word_1_327' title='bbox 590 4614 666 4682; x_wconf 88' lang='lat' dir='ltr'>licet</span> <span class='ocrx_word' id='word_1_328' title='bbox 681 4615 742 4682; x_wconf 91' lang='lat' dir='ltr'>hoc</span> <span class='ocrx_word' id='word_1_329' title='bbox 757 4620 867 4682; x_wconf 87' lang='lat' dir='ltr'>tantae</span> <span class='ocrx_word' id='word_1_330' title='bbox 878 4611 1079 4680; x_wconf 87' lang='lat' dir='ltr'>crudelitatis</span> <span class='ocrx_word' id='word_1_331' title='bbox 1090 4611 1190 4681; x_wconf 86' lang='lat' dir='ltr'>auda·</span> 
     </span>
    </p>
   </div>
   <div class='ocr_carea' id='block_1_5' title="bbox 0 0 1603 5188">
    <p class='ocr_par' dir='ltr' id='par_1_5' title="bbox 0 0 1603 5188">
     <span class='ocr_line' id='line_1_41' title="bbox 0 0 1603 5188; baseline 0 0"><span class='ocrx_word' id='word_1_332' title='bbox 0 0 1603 5188; x_wconf 95' lang='lat' dir='ltr'> </span> 
     </span>
    </p>
   </div>
  </div>
 </body>
</html>
