<?xml version="1.0" encoding="UTF-8"?>
<!DOCTYPE html PUBLIC "-//W3C//DTD XHTML 1.0 Transitional//EN"
    "http://www.w3.org/TR/xhtml1/DTD/xhtml1-transitional.dtd">
<html xmlns="http://www.w3.org/1999/xhtml" xml:lang="en" lang="en">
 <head>
  <title>
</title>
<meta http-equiv="Content-Type" content="text/html;charset=utf-8" />
  <meta name='ocr-system' content='tesseract 3.04.00' />
  <meta name='ocr-capabilities' content='ocr_page ocr_carea ocr_par ocr_line ocrx_word'/>
</head>
<body>
  <div class='ocr_page' id='page_1' title='image "./codexdiplomatic05wenzgoog_0308.png"; bbox 0 0 3164 5192; ppageno 0'>
   <div class='ocr_carea' id='block_1_1' title="bbox 861 349 1014 452">
    <p class='ocr_par' dir='ltr' id='par_1_1' title="bbox 861 349 1014 452">
     <span class='ocr_line' id='line_1_1' title="bbox 861 349 1014 452; baseline 0 -39"><span class='ocrx_word' id='word_1_1' title='bbox 861 349 1014 452; x_wconf 46' lang='lat' dir='ltr'>Q</span> 
     </span>
    </p>
   </div>
   <div class='ocr_carea' id='block_1_2' title="bbox 365 546 1505 4736">
    <p class='ocr_par' dir='ltr' id='par_1_2' title="bbox 365 546 1505 4736">
     <span class='ocr_line' id='line_1_2' title="bbox 373 546 1504 630; baseline -0.003 -17"><span class='ocrx_word' id='word_1_2' title='bbox 373 547 467 630; x_wconf 88' lang='lat' dir='ltr'>siam,</span> <span class='ocrx_word' id='word_1_3' title='bbox 479 547 510 612; x_wconf 91' lang='lat' dir='ltr'>ei</span> <span class='ocrx_word' id='word_1_4' title='bbox 520 546 723 613; x_wconf 87' lang='lat' dir='ltr'>committens</span> <span class='ocrx_word' id='word_1_5' title='bbox 734 553 766 611; x_wconf 91' lang='lat' dir='ltr'>et</span> <span class='ocrx_word' id='word_1_6' title='bbox 777 547 1006 614; x_wconf 88' lang='lat' dir='ltr'>commendans</span> <span class='ocrx_word' id='word_1_7' title='bbox 1017 549 1051 611; x_wconf 92' lang='lat' dir='ltr'>in</span> <span class='ocrx_word' id='word_1_8' title='bbox 1061 546 1220 630; x_wconf 89' lang='lat' dir='ltr'>omnibns,</span> <span class='ocrx_word' id='word_1_9' title='bbox 1233 546 1315 612; x_wconf 85' lang='lat' dir='ltr'><strong>dixit</strong></span> <span class='ocrx_word' id='word_1_10' title='bbox 1325 546 1369 611; x_wconf 92' lang='lat' dir='ltr'>ei:</span> <span class='ocrx_word' id='word_1_11' title='bbox 1382 548 1504 628; x_wconf 85' lang='lat' dir='ltr'>,Pasce</span> 
     </span>
     <span class='ocr_line' id='line_1_3' title="bbox 374 652 1504 742; baseline -0.004 -21"><span class='ocrx_word' id='word_1_12' title='bbox 374 673 453 722; x_wconf 87' lang='lat' dir='ltr'>oves</span> <span class='ocrx_word' id='word_1_13' title='bbox 469 653 579 720; x_wconf 77' lang='lat' dir='ltr'>meas¹⁴</span> <span class='ocrx_word' id='word_1_14' title='bbox 606 655 716 738; x_wconf 74' lang='lat' dir='ltr'>(duan.</span> <span class='ocrx_word' id='word_1_15' title='bbox 733 653 850 742; x_wconf 74' lang='lat' dir='ltr'>xxi),</span> <span class='ocrx_word' id='word_1_16' title='bbox 876 655 1036 722; x_wconf 86' lang='lat' dir='ltr'>vocabulo</span> <span class='ocrx_word' id='word_1_17' title='bbox 1056 652 1152 720; x_wconf 88' lang='lat' dir='ltr'>tertio</span> <span class='ocrx_word' id='word_1_18' title='bbox 1178 652 1334 738; x_wconf 73' lang='lat' dir='ltr'>repetito,</span> <span class='ocrx_word' id='word_1_19' title='bbox 1361 673 1420 737; x_wconf 91' lang='lat' dir='ltr'>per</span> <span class='ocrx_word' id='word_1_20' title='bbox 1443 653 1504 718; x_wconf 90' lang='lat' dir='ltr'>hoe</span> 
     </span>
     <span class='ocr_line' id='line_1_4' title="bbox 374 760 1503 849; baseline -0.002 -23"><span class='ocrx_word' id='word_1_21' title='bbox 374 769 523 849; x_wconf 90' lang='lat' dir='ltr'>patenter</span> <span class='ocrx_word' id='word_1_22' title='bbox 534 761 717 848; x_wconf 88' lang='lat' dir='ltr'>ostendens,</span> <span class='ocrx_word' id='word_1_23' title='bbox 729 762 816 847; x_wconf 89' lang='lat' dir='ltr'>qnod</span> <span class='ocrx_word' id='word_1_24' title='bbox 828 763 871 828; x_wconf 89' lang='lat' dir='ltr'>ad</span> <span class='ocrx_word' id='word_1_25' title='bbox 887 765 958 847; x_wconf 90' lang='lat' dir='ltr'>ejus</span> <span class='ocrx_word' id='word_1_26' title='bbox 967 761 1053 828; x_wconf 81' lang='lat' dir='ltr'>ovile</span> <span class='ocrx_word' id='word_1_27' title='bbox 1068 781 1133 828; x_wconf 91' lang='lat' dir='ltr'>non</span> <span class='ocrx_word' id='word_1_28' title='bbox 1146 760 1307 847; x_wconf 89' lang='lat' dir='ltr'>pertinent</span> <span class='ocrx_word' id='word_1_29' title='bbox 1320 779 1400 828; x_wconf 87' lang='lat' dir='ltr'>oves</span> <span class='ocrx_word' id='word_1_30' title='bbox 1416 760 1503 841; x_wconf 89' lang='lat' dir='ltr'>illae,</span> 
     </span>
     <span class='ocr_line' id='line_1_5' title="bbox 372 865 1502 955; baseline -0.003 -21"><span class='ocrx_word' id='word_1_31' title='bbox 372 889 511 953; x_wconf 87' lang='lat' dir='ltr'>quaese</span> <span class='ocrx_word' id='word_1_32' title='bbox 527 869 720 936; x_wconf 84' lang='lat' dir='ltr'>commissas</span> <span class='ocrx_word' id='word_1_33' title='bbox 744 875 776 934; x_wconf 88' lang='lat' dir='ltr'>et</span> <span class='ocrx_word' id='word_1_34' title='bbox 792 870 957 955; x_wconf 85' lang='lat' dir='ltr'>subjectas</span> <span class='ocrx_word' id='word_1_35' title='bbox 981 888 1053 935; x_wconf 88' lang='lat' dir='ltr'>esse</span> <span class='ocrx_word' id='word_1_36' title='bbox 1067 867 1170 934; x_wconf 87' lang='lat' dir='ltr'>Beato</span> <span class='ocrx_word' id='word_1_37' title='bbox 1185 867 1282 932; x_wconf 89' lang='lat' dir='ltr'>Petro</span> <span class='ocrx_word' id='word_1_38' title='bbox 1307 865 1502 934; x_wconf 86' lang='lat' dir='ltr'>contumacl-</span> 
     </span>
     <span class='ocr_line' id='line_1_6' title="bbox 372 973 1502 1062; baseline -0.005 -18"><span class='ocrx_word' id='word_1_39' title='bbox 372 985 421 1044; x_wconf 91' lang='lat' dir='ltr'>ter</span> <span class='ocrx_word' id='word_1_40' title='bbox 435 977 654 1062; x_wconf 84' lang='lat' dir='ltr'>denegarent,</span> <span class='ocrx_word' id='word_1_41' title='bbox 680 981 713 1043; x_wconf 91' lang='lat' dir='ltr'>et</span> <span class='ocrx_word' id='word_1_42' title='bbox 729 979 800 1062; x_wconf 87' lang='lat' dir='ltr'>ejus</span> <span class='ocrx_word' id='word_1_43' title='bbox 814 977 977 1044; x_wconf 88' lang='lat' dir='ltr'>noluerint</span> <span class='ocrx_word' id='word_1_44' title='bbox 992 976 1112 1042; x_wconf 91' lang='lat' dir='ltr'>erudiri</span> <span class='ocrx_word' id='word_1_45' title='bbox 1131 974 1279 1041; x_wconf 88' lang='lat' dir='ltr'>doctrina</span> <span class='ocrx_word' id='word_1_46' title='bbox 1294 980 1327 1040; x_wconf 88' lang='lat' dir='ltr'>et</span> <span class='ocrx_word' id='word_1_47' title='bbox 1350 973 1502 1056; x_wconf 77' lang='lat' dir='ltr'>magistu</span> 
     </span>
     <span class='ocr_line' id='line_1_7' title="bbox 371 1081 1505 1168; baseline -0.004 -18"><span class='ocrx_word' id='word_1_48' title='bbox 371 1083 420 1152; x_wconf 91' lang='lat' dir='ltr'>riu</span> <span class='ocrx_word' id='word_1_49' title='bbox 436 1084 618 1168; x_wconf 86' lang='lat' dir='ltr'>subjacere.</span> <span class='ocrx_word' id='word_1_50' title='bbox 642 1083 807 1167; x_wconf 84' lang='lat' dir='ltr'>Siquidem</span> <span class='ocrx_word' id='word_1_51' title='bbox 823 1083 972 1150; x_wconf 79' lang='lat' dir='ltr'>Ecclesia</span> <span class='ocrx_word' id='word_1_52' title='bbox 986 1089 1036 1150; x_wconf 90' lang='lat' dir='ltr'>est</span> <span class='ocrx_word' id='word_1_53' title='bbox 1051 1084 1112 1150; x_wconf 85' lang='lat' dir='ltr'>illa</span> <span class='ocrx_word' id='word_1_54' title='bbox 1127 1102 1223 1165; x_wconf 87' lang='lat' dir='ltr'>area,</span> <span class='ocrx_word' id='word_1_55' title='bbox 1240 1081 1273 1147; x_wconf 94' lang='lat' dir='ltr'>in</span> <span class='ocrx_word' id='word_1_56' title='bbox 1297 1100 1362 1165; x_wconf 88' lang='lat' dir='ltr'>qua</span> <span class='ocrx_word' id='word_1_57' title='bbox 1379 1099 1505 1164; x_wconf 87' lang='lat' dir='ltr'>paucae</span> 
     </span>
     <span class='ocr_line' id='line_1_8' title="bbox 375 1187 1503 1278; baseline -0.005 -19"><span class='ocrx_word' id='word_1_58' title='bbox 375 1194 517 1276; x_wconf 88' lang='lat' dir='ltr'>animae,</span> <span class='ocrx_word' id='word_1_59' title='bbox 534 1192 746 1278; x_wconf 88' lang='lat' dir='ltr'>pereuntibus</span> <span class='ocrx_word' id='word_1_60' title='bbox 763 1191 902 1258; x_wconf 86' lang='lat' dir='ltr'>caeteris</span> <span class='ocrx_word' id='word_1_61' title='bbox 918 1191 952 1258; x_wconf 92' lang='lat' dir='ltr'>in</span> <span class='ocrx_word' id='word_1_62' title='bbox 968 1191 1102 1275; x_wconf 87' lang='lat' dir='ltr'>diluvio,</span> <span class='ocrx_word' id='word_1_63' title='bbox 1122 1196 1196 1259; x_wconf 93' lang='lat' dir='ltr'>snnt</span> <span class='ocrx_word' id='word_1_64' title='bbox 1210 1191 1370 1258; x_wconf 88' lang='lat' dir='ltr'>salvatae.</span> <span class='ocrx_word' id='word_1_65' title='bbox 1399 1187 1503 1270; x_wconf 84' lang='lat' dir='ltr'>Unde,</span> 
     </span>
     <span class='ocr_line' id='line_1_9' title="bbox 372 1297 1505 1388; baseline -0.004 -22"><span class='ocrx_word' id='word_1_66' title='bbox 372 1300 456 1367; x_wconf 88' lang='lat' dir='ltr'>sieut</span> <span class='ocrx_word' id='word_1_67' title='bbox 472 1321 594 1385; x_wconf 89' lang='lat' dir='ltr'>omnes,</span> <span class='ocrx_word' id='word_1_68' title='bbox 611 1320 693 1384; x_wconf 84' lang='lat' dir='ltr'>quos</span> <span class='ocrx_word' id='word_1_69' title='bbox 710 1321 787 1367; x_wconf 89' lang='lat' dir='ltr'>arca</span> <span class='ocrx_word' id='word_1_70' title='bbox 801 1322 866 1368; x_wconf 93' lang='lat' dir='ltr'>non</span> <span class='ocrx_word' id='word_1_71' title='bbox 882 1302 978 1388; x_wconf 89' lang='lat' dir='ltr'>cepit,</span> <span class='ocrx_word' id='word_1_72' title='bbox 994 1301 1028 1367; x_wconf 92' lang='lat' dir='ltr'>in</span> <span class='ocrx_word' id='word_1_73' title='bbox 1043 1299 1165 1368; x_wconf 88' lang='lat' dir='ltr'>diluvio</span> <span class='ocrx_word' id='word_1_74' title='bbox 1182 1300 1357 1386; x_wconf 88' lang='lat' dir='ltr'>perierunt,</span> <span class='ocrx_word' id='word_1_75' title='bbox 1374 1297 1425 1364; x_wconf 89' lang='lat' dir='ltr'>sic</span> <span class='ocrx_word' id='word_1_76' title='bbox 1441 1317 1505 1365; x_wconf 90' lang='lat' dir='ltr'>om-</span> 
     </span>
     <span class='ocr_line' id='line_1_10' title="bbox 372 1405 1505 1492; baseline -0.004 -18"><span class='ocrx_word' id='word_1_77' title='bbox 372 1425 441 1491; x_wconf 88' lang='lat' dir='ltr'>nes,</span> <span class='ocrx_word' id='word_1_78' title='bbox 459 1407 514 1490; x_wconf 87' lang='lat' dir='ltr'>qui</span> <span class='ocrx_word' id='word_1_79' title='bbox 530 1413 625 1473; x_wconf 87' lang='lat' dir='ltr'>extra</span> <span class='ocrx_word' id='word_1_80' title='bbox 635 1407 817 1474; x_wconf 76' lang='lat' dir='ltr'>Ecclesiam</span> <span class='ocrx_word' id='word_1_81' title='bbox 833 1408 957 1474; x_wconf 87' lang='lat' dir='ltr'>inventi</span> <span class='ocrx_word' id='word_1_82' title='bbox 970 1406 1097 1492; x_wconf 83' lang='lat' dir='ltr'>luerint,</span> <span class='ocrx_word' id='word_1_83' title='bbox 1114 1408 1148 1474; x_wconf 91' lang='lat' dir='ltr'>iu</span> <span class='ocrx_word' id='word_1_84' title='bbox 1158 1406 1283 1492; x_wconf 89' lang='lat' dir='ltr'>judicio</span> <span class='ocrx_word' id='word_1_85' title='bbox 1302 1405 1505 1472; x_wconf 86' lang='lat' dir='ltr'>damnabun-</span> 
     </span>
     <span class='ocr_line' id='line_1_11' title="bbox 370 1515 1503 1602; baseline 0 -22"><span class='ocrx_word' id='word_1_86' title='bbox 370 1519 433 1582; x_wconf 91' lang='lat' dir='ltr'>tur.</span> <span class='ocrx_word' id='word_1_87' title='bbox 458 1515 545 1582; x_wconf 84' lang='lat' dir='ltr'>Area</span> <span class='ocrx_word' id='word_1_88' title='bbox 561 1516 647 1582; x_wconf 88' lang='lat' dir='ltr'>enim</span> <span class='ocrx_word' id='word_1_89' title='bbox 662 1515 853 1600; x_wconf 77' lang='lat' dir='ltr'>Ecclesiam,</span> <span class='ocrx_word' id='word_1_90' title='bbox 874 1517 1092 1602; x_wconf 83' lang='lat' dir='ltr'>cataclysmus</span> <span class='ocrx_word' id='word_1_91' title='bbox 1103 1515 1272 1600; x_wconf 86' lang='lat' dir='ltr'>judicium,</span> <span class='ocrx_word' id='word_1_92' title='bbox 1290 1519 1322 1580; x_wconf 91' lang='lat' dir='ltr'>et</span> <span class='ocrx_word' id='word_1_93' title='bbox 1337 1521 1503 1602; x_wconf 79' lang='lat' dir='ltr'>pastorem</span> 
     </span>
     <span class='ocr_line' id='line_1_12' title="bbox 373 1621 1504 1708; baseline -0.003 -20"><span class='ocrx_word' id='word_1_94' title='bbox 373 1622 542 1689; x_wconf 84' lang='lat' dir='ltr'>Ecclesiae</span> <span class='ocrx_word' id='word_1_95' title='bbox 559 1624 689 1690; x_wconf 88' lang='lat' dir='ltr'>Petrum</span> <span class='ocrx_word' id='word_1_96' title='bbox 705 1621 776 1689; x_wconf 87' lang='lat' dir='ltr'>Noe</span> <span class='ocrx_word' id='word_1_97' title='bbox 791 1628 896 1692; x_wconf 86' lang='lat' dir='ltr'>rector</span> <span class='ocrx_word' id='word_1_98' title='bbox 914 1643 1012 1690; x_wconf 87' lang='lat' dir='ltr'>areae</span> <span class='ocrx_word' id='word_1_99' title='bbox 1027 1623 1177 1708; x_wconf 77' lang='lat' dir='ltr'>figurant.</span> <span class='ocrx_word' id='word_1_100' title='bbox 1193 1623 1254 1692; x_wconf 90' lang='lat' dir='ltr'>Ille</span> <span class='ocrx_word' id='word_1_101' title='bbox 1270 1642 1344 1688; x_wconf 89' lang='lat' dir='ltr'>cum</span> <span class='ocrx_word' id='word_1_102' title='bbox 1360 1621 1504 1688; x_wconf 90' lang='lat' dir='ltr'>Domino</span> 
     </span>
     <span class='ocr_line' id='line_1_13' title="bbox 372 1728 1505 1818; baseline -0.002 -22"><span class='ocrx_word' id='word_1_103' title='bbox 372 1729 492 1814; x_wconf 83' lang='lat' dir='ltr'>legitur</span> <span class='ocrx_word' id='word_1_104' title='bbox 507 1729 713 1814; x_wconf 72' lang='lat' dir='ltr'>ambulasse,</span> <span class='ocrx_word' id='word_1_105' title='bbox 739 1729 792 1797; x_wconf 90' lang='lat' dir='ltr'>hic</span> <span class='ocrx_word' id='word_1_106' title='bbox 807 1737 915 1798; x_wconf 88' lang='lat' dir='ltr'>autern</span> <span class='ocrx_word' id='word_1_107' title='bbox 932 1749 1031 1818; x_wconf 88' lang='lat' dir='ltr'>snper</span> <span class='ocrx_word' id='word_1_108' title='bbox 1047 1732 1151 1798; x_wconf 87' lang='lat' dir='ltr'>undas</span> <span class='ocrx_word' id='word_1_109' title='bbox 1167 1730 1278 1814; x_wconf 87' lang='lat' dir='ltr'>maris,</span> <span class='ocrx_word' id='word_1_110' title='bbox 1303 1728 1395 1814; x_wconf 89' lang='lat' dir='ltr'>quod</span> <span class='ocrx_word' id='word_1_111' title='bbox 1419 1729 1505 1794; x_wconf 83' lang='lat' dir='ltr'>hune</span> 
     </span>
     <span class='ocr_line' id='line_1_14' title="bbox 371 1837 1502 1926; baseline -0.004 -20"><span class='ocrx_word' id='word_1_112' title='bbox 371 1838 525 1906; x_wconf 88' lang='lat' dir='ltr'>mnndum</span> <span class='ocrx_word' id='word_1_113' title='bbox 542 1837 716 1923; x_wconf 81' lang='lat' dir='ltr'>signifieat,</span> <span class='ocrx_word' id='word_1_114' title='bbox 733 1837 778 1904; x_wconf 91' lang='lat' dir='ltr'>ad</span> <span class='ocrx_word' id='word_1_115' title='bbox 794 1839 967 1906; x_wconf 90' lang='lat' dir='ltr'>Dominum</span> <span class='ocrx_word' id='word_1_116' title='bbox 984 1839 1135 1907; x_wconf 86' lang='lat' dir='ltr'>scribitur</span> <span class='ocrx_word' id='word_1_117' title='bbox 1154 1839 1355 1926; x_wconf 86' lang='lat' dir='ltr'>pervenisse.</span> <span class='ocrx_word' id='word_1_118' title='bbox 1382 1839 1423 1904; x_wconf 94' lang='lat' dir='ltr'>In</span> <span class='ocrx_word' id='word_1_119' title='bbox 1440 1856 1502 1921; x_wconf 89' lang='lat' dir='ltr'>quo</span> 
     </span>
     <span class='ocr_line' id='line_1_15' title="bbox 370 1945 1502 2033; baseline -0.003 -21"><span class='ocrx_word' id='word_1_120' title='bbox 370 1945 469 2012; x_wconf 89' lang='lat' dir='ltr'>etiam</span> <span class='ocrx_word' id='word_1_121' title='bbox 486 1964 641 2031; x_wconf 83' lang='lat' dir='ltr'>expresse</span> <span class='ocrx_word' id='word_1_122' title='bbox 656 1951 798 2030; x_wconf 87' lang='lat' dir='ltr'>notatur,</span> <span class='ocrx_word' id='word_1_123' title='bbox 814 1947 902 2030; x_wconf 89' lang='lat' dir='ltr'>quod</span> <span class='ocrx_word' id='word_1_124' title='bbox 917 1947 1014 2015; x_wconf 89' lang='lat' dir='ltr'>Petro</span> <span class='ocrx_word' id='word_1_125' title='bbox 1030 1968 1095 2015; x_wconf 89' lang='lat' dir='ltr'>non</span> <span class='ocrx_word' id='word_1_126' title='bbox 1106 1947 1293 2033; x_wconf 77' lang='lat' dir='ltr'>specialiter</span> <span class='ocrx_word' id='word_1_127' title='bbox 1305 1945 1502 2029; x_wconf 82' lang='lat' dir='ltr'>aliqnaspe</span> 
     </span>
     <span class='ocr_line' id='line_1_16' title="bbox 374 2051 1503 2140; baseline -0.003 -20"><span class='ocrx_word' id='word_1_128' title='bbox 374 2055 468 2121; x_wconf 87' lang='lat' dir='ltr'>cialis</span> <span class='ocrx_word' id='word_1_129' title='bbox 478 2055 636 2140; x_wconf 89' lang='lat' dir='ltr'>Ecclesia,</span> <span class='ocrx_word' id='word_1_130' title='bbox 657 2055 716 2121; x_wconf 89' lang='lat' dir='ltr'>scd</span> <span class='ocrx_word' id='word_1_131' title='bbox 726 2061 814 2123; x_wconf 86' lang='lat' dir='ltr'>totus</span> <span class='ocrx_word' id='word_1_132' title='bbox 831 2055 968 2123; x_wconf 91' lang='lat' dir='ltr'>mundus</span> <span class='ocrx_word' id='word_1_133' title='bbox 984 2057 1175 2124; x_wconf 88' lang='lat' dir='ltr'>commissus</span> <span class='ocrx_word' id='word_1_134' title='bbox 1185 2054 1292 2138; x_wconf 83' lang='lat' dir='ltr'>fuerit,</span> <span class='ocrx_word' id='word_1_135' title='bbox 1308 2059 1342 2119; x_wconf 91' lang='lat' dir='ltr'>et</span> <span class='ocrx_word' id='word_1_136' title='bbox 1351 2051 1503 2120; x_wconf 84' lang='lat' dir='ltr'>Ecclesia</span> 
     </span>
     <span class='ocr_line' id='line_1_17' title="bbox 373 2163 1503 2252; baseline -0.004 -22"><span class='ocrx_word' id='word_1_137' title='bbox 373 2165 547 2249; x_wconf 83' lang='lat' dir='ltr'>generalis.</span> <span class='ocrx_word' id='word_1_138' title='bbox 564 2165 659 2250; x_wconf 85' lang='lat' dir='ltr'>Nam,</span> <span class='ocrx_word' id='word_1_139' title='bbox 676 2166 761 2232; x_wconf 90' lang='lat' dir='ltr'>sicut</span> <span class='ocrx_word' id='word_1_140' title='bbox 771 2186 877 2250; x_wconf 82' lang='lat' dir='ltr'>aquae</span> <span class='ocrx_word' id='word_1_141' title='bbox 887 2167 1008 2234; x_wconf 88' lang='lat' dir='ltr'>multae</span> <span class='ocrx_word' id='word_1_142' title='bbox 1018 2173 1092 2234; x_wconf 90' lang='lat' dir='ltr'>sunt</span> <span class='ocrx_word' id='word_1_143' title='bbox 1106 2165 1219 2252; x_wconf 91' lang='lat' dir='ltr'>populi</span> <span class='ocrx_word' id='word_1_144' title='bbox 1230 2164 1332 2248; x_wconf 89' lang='lat' dir='ltr'>multi,</span> <span class='ocrx_word' id='word_1_145' title='bbox 1350 2163 1503 2230; x_wconf 76' lang='lat' dir='ltr'>siemera</span> 
     </span>
     <span class='ocr_line' id='line_1_18' title="bbox 375 2271 1501 2360; baseline -0.001 -23"><span class='ocrx_word' id='word_1_146' title='bbox 375 2279 578 2357; x_wconf 78' lang='lat' dir='ltr'>magnumst</span> <span class='ocrx_word' id='word_1_147' title='bbox 602 2275 784 2359; x_wconf 88' lang='lat' dir='ltr'>spatiosum</span> <span class='ocrx_word' id='word_1_148' title='bbox 809 2275 965 2342; x_wconf 91' lang='lat' dir='ltr'>mundum</span> <span class='ocrx_word' id='word_1_149' title='bbox 985 2275 1148 2360; x_wconf 80' lang='lat' dir='ltr'>significat</span> <span class='ocrx_word' id='word_1_150' title='bbox 1172 2273 1370 2340; x_wconf 86' lang='lat' dir='ltr'>universum.</span> <span class='ocrx_word' id='word_1_151' title='bbox 1397 2271 1501 2350; x_wconf 91' lang='lat' dir='ltr'>Unde,</span> 
     </span>
     <span class='ocr_line' id='line_1_19' title="bbox 372 2377 1501 2466; baseline 0.002 -24"><span class='ocrx_word' id='word_1_152' title='bbox 372 2380 498 2444; x_wconf 89' lang='lat' dir='ltr'>voeatis</span> <span class='ocrx_word' id='word_1_153' title='bbox 515 2379 653 2446; x_wconf 88' lang='lat' dir='ltr'>caeteris</span> <span class='ocrx_word' id='word_1_154' title='bbox 675 2380 708 2446; x_wconf 92' lang='lat' dir='ltr'>in</span> <span class='ocrx_word' id='word_1_155' title='bbox 726 2387 851 2466; x_wconf 86' lang='lat' dir='ltr'>partem</span> <span class='ocrx_word' id='word_1_156' title='bbox 868 2380 1116 2465; x_wconf 89' lang='lat' dir='ltr'>sollicitudinis,</span> <span class='ocrx_word' id='word_1_157' title='bbox 1141 2381 1227 2448; x_wconf 90' lang='lat' dir='ltr'>hune</span> <span class='ocrx_word' id='word_1_158' title='bbox 1242 2377 1426 2464; x_wconf 87' lang='lat' dir='ltr'>assumpsit</span> <span class='ocrx_word' id='word_1_159' title='bbox 1440 2378 1501 2444; x_wconf 93' lang='lat' dir='ltr'>Do-</span> 
     </span>
     <span class='ocr_line' id='line_1_20' title="bbox 373 2484 1501 2574; baseline 0 -26"><span class='ocrx_word' id='word_1_160' title='bbox 373 2484 480 2550; x_wconf 86' lang='lat' dir='ltr'>minus</span> <span class='ocrx_word' id='word_1_161' title='bbox 496 2485 529 2551; x_wconf 89' lang='lat' dir='ltr'>in</span> <span class='ocrx_word' id='word_1_162' title='bbox 552 2487 786 2571; x_wconf 87' lang='lat' dir='ltr'>plenitudinem</span> <span class='ocrx_word' id='word_1_163' title='bbox 812 2489 1004 2574; x_wconf 84' lang='lat' dir='ltr'>potestatis,</span> <span class='ocrx_word' id='word_1_164' title='bbox 1031 2509 1104 2556; x_wconf 87' lang='lat' dir='ltr'>enm</span> <span class='ocrx_word' id='word_1_165' title='bbox 1119 2488 1224 2573; x_wconf 90' lang='lat' dir='ltr'>inquit</span> <span class='ocrx_word' id='word_1_166' title='bbox 1247 2487 1291 2553; x_wconf 86' lang='lat' dir='ltr'>ad</span> <span class='ocrx_word' id='word_1_167' title='bbox 1315 2505 1411 2552; x_wconf 88' lang='lat' dir='ltr'>enm:</span> <span class='ocrx_word' id='word_1_168' title='bbox 1432 2485 1501 2569; x_wconf 80' lang='lat' dir='ltr'>„Tu</span> 
     </span>
     <span class='ocr_line' id='line_1_21' title="bbox 371 2590 1498 2682; baseline 0.001 -26"><span class='ocrx_word' id='word_1_169' title='bbox 371 2593 542 2659; x_wconf 86' lang='lat' dir='ltr'>vocaberis</span> <span class='ocrx_word' id='word_1_170' title='bbox 559 2594 699 2681; x_wconf 77' lang='lat' dir='ltr'>cephas,</span> <span class='ocrx_word' id='word_1_171' title='bbox 716 2596 804 2680; x_wconf 89' lang='lat' dir='ltr'>quod</span> <span class='ocrx_word' id='word_1_172' title='bbox 818 2597 935 2663; x_wconf 90' lang='lat' dir='ltr'>Petrus</span> <span class='ocrx_word' id='word_1_173' title='bbox 951 2595 1201 2682; x_wconf 86' lang='lat' dir='ltr'>interpretatnr“</span> <span class='ocrx_word' id='word_1_174' title='bbox 1220 2592 1332 2682; x_wconf 84' lang='lat' dir='ltr'>(Joan.</span> <span class='ocrx_word' id='word_1_175' title='bbox 1342 2590 1385 2680; x_wconf 90' lang='lat'>1.)</span> <span class='ocrx_word' id='word_1_176' title='bbox 1402 2599 1437 2658; x_wconf 91' lang='lat' dir='ltr'>et</span> <span class='ocrx_word' id='word_1_177' title='bbox 1450 2611 1498 2658; x_wconf 88' lang='lat' dir='ltr'>ca-</span> 
     </span>
     <span class='ocr_line' id='line_1_22' title="bbox 372 2701 1498 2789; baseline 0 -25"><span class='ocrx_word' id='word_1_178' title='bbox 372 2707 439 2786; x_wconf 90' lang='lat' dir='ltr'>pnt,</span> <span class='ocrx_word' id='word_1_179' title='bbox 458 2707 494 2766; x_wconf 90' lang='lat' dir='ltr'>ut</span> <span class='ocrx_word' id='word_1_180' title='bbox 503 2701 634 2769; x_wconf 89' lang='lat' dir='ltr'>Petrum</span> <span class='ocrx_word' id='word_1_181' title='bbox 645 2710 744 2789; x_wconf 88' lang='lat' dir='ltr'>capnt</span> <span class='ocrx_word' id='word_1_182' title='bbox 753 2703 921 2770; x_wconf 89' lang='lat' dir='ltr'>Ecclesiae</span> <span class='ocrx_word' id='word_1_183' title='bbox 931 2704 1177 2788; x_wconf 87' lang='lat' dir='ltr'>demonstraret,</span> <span class='ocrx_word' id='word_1_184' title='bbox 1198 2701 1346 2787; x_wconf 87' lang='lat' dir='ltr'>quisieut</span> <span class='ocrx_word' id='word_1_185' title='bbox 1357 2719 1498 2785; x_wconf 81' lang='lat' dir='ltr'>ungnen-</span> 
     </span>
     <span class='ocr_line' id='line_1_23' title="bbox 370 2807 1498 2897; baseline 0 -25"><span class='ocrx_word' id='word_1_186' title='bbox 370 2813 439 2873; x_wconf 90' lang='lat' dir='ltr'>tum</span> <span class='ocrx_word' id='word_1_187' title='bbox 452 2859 461 2892; x_wconf 96' lang='lat'>,</span> <span class='ocrx_word' id='word_1_188' title='bbox 488 2810 576 2894; x_wconf 90' lang='lat' dir='ltr'>qnod</span> <span class='ocrx_word' id='word_1_189' title='bbox 591 2830 613 2875; x_wconf 92' lang='lat' dir='ltr'>a</span> <span class='ocrx_word' id='word_1_190' title='bbox 627 2811 735 2897; x_wconf 89' lang='lat' dir='ltr'>eapite</span> <span class='ocrx_word' id='word_1_191' title='bbox 751 2811 862 2878; x_wconf 86' lang='lat' dir='ltr'>Aaron</span> <span class='ocrx_word' id='word_1_192' title='bbox 887 2811 1054 2879; x_wconf 88' lang='lat' dir='ltr'>deseendit</span> <span class='ocrx_word' id='word_1_193' title='bbox 1068 2811 1103 2877; x_wconf 93' lang='lat' dir='ltr'>in</span> <span class='ocrx_word' id='word_1_194' title='bbox 1117 2810 1275 2893; x_wconf 88' lang='lat' dir='ltr'>barbam,</span> <span class='ocrx_word' id='word_1_195' title='bbox 1300 2809 1336 2875; x_wconf 92' lang='lat' dir='ltr'>in</span> <span class='ocrx_word' id='word_1_196' title='bbox 1351 2807 1498 2874; x_wconf 89' lang='lat' dir='ltr'>membra</span> 
     </span>
     <span class='ocr_line' id='line_1_24' title="bbox 369 2915 1498 3007; baseline -0.001 -26"><span class='ocrx_word' id='word_1_197' title='bbox 369 2915 575 3002; x_wconf 80' lang='lat' dir='ltr'>diffunderet,</span> <span class='ocrx_word' id='word_1_198' title='bbox 600 2924 636 2984; x_wconf 91' lang='lat' dir='ltr'>nt</span> <span class='ocrx_word' id='word_1_199' title='bbox 650 2917 732 2984; x_wconf 90' lang='lat' dir='ltr'>nihil</span> <span class='ocrx_word' id='word_1_200' title='bbox 747 2919 812 2986; x_wconf 90' lang='lat' dir='ltr'>sibi</span> <span class='ocrx_word' id='word_1_201' title='bbox 827 2921 957 3007; x_wconf 90' lang='lat' dir='ltr'>penitus</span> <span class='ocrx_word' id='word_1_202' title='bbox 973 2920 1147 3006; x_wconf 86' lang='lat' dir='ltr'>deperiret,</span> <span class='ocrx_word' id='word_1_203' title='bbox 1171 2917 1323 3004; x_wconf 87' lang='lat' dir='ltr'>quoniam</span> <span class='ocrx_word' id='word_1_204' title='bbox 1339 2915 1375 2982; x_wconf 93' lang='lat' dir='ltr'>in</span> <span class='ocrx_word' id='word_1_205' title='bbox 1391 2915 1498 3001; x_wconf 85' lang='lat' dir='ltr'>eapite</span> 
     </span>
     <span class='ocr_line' id='line_1_25' title="bbox 369 3023 1497 3112; baseline -0.001 -24"><span class='ocrx_word' id='word_1_206' title='bbox 369 3023 459 3107; x_wconf 82' lang='lat' dir='ltr'>viget</span> <span class='ocrx_word' id='word_1_207' title='bbox 474 3045 628 3092; x_wconf 86' lang='lat' dir='ltr'>sensnum</span> <span class='ocrx_word' id='word_1_208' title='bbox 644 3027 823 3112; x_wconf 87' lang='lat' dir='ltr'>plenitudo,</span> <span class='ocrx_word' id='word_1_209' title='bbox 846 3027 890 3094; x_wconf 89' lang='lat' dir='ltr'>ad</span> <span class='ocrx_word' id='word_1_210' title='bbox 906 3029 1052 3094; x_wconf 90' lang='lat' dir='ltr'>membra</span> <span class='ocrx_word' id='word_1_211' title='bbox 1067 3047 1142 3094; x_wconf 84' lang='lat' dir='ltr'>vero</span> <span class='ocrx_word' id='word_1_212' title='bbox 1158 3045 1235 3112; x_wconf 89' lang='lat' dir='ltr'>pars</span> <span class='ocrx_word' id='word_1_213' title='bbox 1251 3043 1365 3091; x_wconf 87' lang='lat' dir='ltr'>eorum</span> <span class='ocrx_word' id='word_1_214' title='bbox 1382 3023 1497 3106; x_wconf 85' lang='lat' dir='ltr'>aliqua</span> 
     </span>
     <span class='ocr_line' id='line_1_26' title="bbox 370 3131 1496 3220; baseline -0.003 -23"><span class='ocrx_word' id='word_1_215' title='bbox 370 3131 547 3198; x_wconf 86' lang='lat' dir='ltr'>derivatur.</span> <span class='ocrx_word' id='word_1_216' title='bbox 560 3133 707 3218; x_wconf 88' lang='lat' dir='ltr'>Insuper,</span> <span class='ocrx_word' id='word_1_217' title='bbox 724 3137 893 3218; x_wconf 85' lang='lat' dir='ltr'>quaerenti</span> <span class='ocrx_word' id='word_1_218' title='bbox 903 3137 1012 3220; x_wconf 90' lang='lat' dir='ltr'>Petro,</span> <span class='ocrx_word' id='word_1_219' title='bbox 1029 3135 1058 3200; x_wconf 90' lang='lat' dir='ltr'>si</span> <span class='ocrx_word' id='word_1_220' title='bbox 1073 3133 1199 3219; x_wconf 89' lang='lat' dir='ltr'>quoties</span> <span class='ocrx_word' id='word_1_221' title='bbox 1209 3135 1364 3219; x_wconf 87' lang='lat' dir='ltr'>peccaret</span> <span class='ocrx_word' id='word_1_222' title='bbox 1380 3131 1415 3196; x_wconf 96' lang='lat' dir='ltr'>in</span> <span class='ocrx_word' id='word_1_223' title='bbox 1427 3149 1496 3194; x_wconf 89' lang='lat' dir='ltr'>enm</span> 
     </span>
     <span class='ocr_line' id='line_1_27' title="bbox 369 3238 1497 3329; baseline 0 -27"><span class='ocrx_word' id='word_1_224' title='bbox 369 3238 473 3304; x_wconf 84' lang='lat' dir='ltr'>irater</span> <span class='ocrx_word' id='word_1_225' title='bbox 489 3239 571 3324; x_wconf 88' lang='lat' dir='ltr'>ejus,</span> <span class='ocrx_word' id='word_1_226' title='bbox 583 3239 758 3306; x_wconf 84' lang='lat' dir='ltr'>dimitteret</span> <span class='ocrx_word' id='word_1_227' title='bbox 768 3241 799 3306; x_wconf 93' lang='lat' dir='ltr'>ei</span> <span class='ocrx_word' id='word_1_228' title='bbox 808 3259 910 3325; x_wconf 89' lang='lat' dir='ltr'>usque</span> <span class='ocrx_word' id='word_1_229' title='bbox 925 3243 1057 3329; x_wconf 80' lang='lat' dir='ltr'>septies,</span> <span class='ocrx_word' id='word_1_230' title='bbox 1069 3241 1227 3308; x_wconf 87' lang='lat' dir='ltr'>Dominus</span> <span class='ocrx_word' id='word_1_231' title='bbox 1236 3239 1357 3323; x_wconf 77' lang='lat' dir='ltr'>legitur</span> <span class='ocrx_word' id='word_1_232' title='bbox 1367 3256 1497 3323; x_wconf 87' lang='lat' dir='ltr'>respon-</span> 
     </span>
     <span class='ocr_line' id='line_1_28' title="bbox 370 3344 1496 3435; baseline -0.003 -23"><span class='ocrx_word' id='word_1_233' title='bbox 370 3347 478 3413; x_wconf 86' lang='lat' dir='ltr'>disse:</span> <span class='ocrx_word' id='word_1_234' title='bbox 499 3347 592 3431; x_wconf 88' lang='lat' dir='ltr'>,Ncn</span> <span class='ocrx_word' id='word_1_235' title='bbox 607 3345 681 3414; x_wconf 89' lang='lat' dir='ltr'>dico</span> <span class='ocrx_word' id='word_1_236' title='bbox 697 3347 757 3413; x_wconf 90' lang='lat' dir='ltr'>tibi</span> <span class='ocrx_word' id='word_1_237' title='bbox 773 3369 876 3434; x_wconf 87' lang='lat' dir='ltr'>nsque</span> <span class='ocrx_word' id='word_1_238' title='bbox 900 3349 1021 3435; x_wconf 88' lang='lat' dir='ltr'>septies</span> <span class='ocrx_word' id='word_1_239' title='bbox 1031 3401 1039 3434; x_wconf 96' lang='lat'>,</span> <span class='ocrx_word' id='word_1_240' title='bbox 1065 3349 1123 3416; x_wconf 90' lang='lat' dir='ltr'>sed</span> <span class='ocrx_word' id='word_1_241' title='bbox 1144 3366 1246 3431; x_wconf 88' lang='lat' dir='ltr'>usqne</span> <span class='ocrx_word' id='word_1_242' title='bbox 1269 3344 1496 3432; x_wconf 84' lang='lat' dir='ltr'>septuagesies</span> 
     </span>
     <span class='ocr_line' id='line_1_29' title="bbox 370 3451 1496 3541; baseline -0.002 -21"><span class='ocrx_word' id='word_1_243' title='bbox 370 3454 513 3540; x_wconf 85' lang='lat' dir='ltr'>septies“</span> <span class='ocrx_word' id='word_1_244' title='bbox 533 3451 661 3538; x_wconf 85' lang='lat' dir='ltr'>(Matth.</span> <span class='ocrx_word' id='word_1_245' title='bbox 679 3453 824 3541; x_wconf 85' lang='lat' dir='ltr'>xvffl.).</span> <span class='ocrx_word' id='word_1_246' title='bbox 841 3457 936 3541; x_wconf 86' lang='lat' dir='ltr'>Sane,</span> <span class='ocrx_word' id='word_1_247' title='bbox 954 3475 1027 3522; x_wconf 88' lang='lat' dir='ltr'>cum</span> <span class='ocrx_word' id='word_1_248' title='bbox 1041 3473 1137 3523; x_wconf 85' lang='lat' dir='ltr'>omne</span> <span class='ocrx_word' id='word_1_249' title='bbox 1151 3457 1418 3539; x_wconf 86' lang='lat' dir='ltr'>tempusseptem</span> <span class='ocrx_word' id='word_1_250' title='bbox 1435 3452 1496 3518; x_wconf 83' lang='lat' dir='ltr'>die</span> 
     </span>
     <span class='ocr_line' id='line_1_30' title="bbox 368 3559 1496 3648; baseline -0.002 -24"><span class='ocrx_word' id='word_1_251' title='bbox 368 3581 439 3625; x_wconf 90' lang='lat' dir='ltr'>rum</span> <span class='ocrx_word' id='word_1_252' title='bbox 457 3579 592 3628; x_wconf 89' lang='lat' dir='ltr'>numero</span> <span class='ocrx_word' id='word_1_253' title='bbox 603 3561 823 3645; x_wconf 84' lang='lat' dir='ltr'>concludatur,</span> <span class='ocrx_word' id='word_1_254' title='bbox 840 3563 1073 3648; x_wconf 86' lang='lat' dir='ltr'>multiplicatus</span> <span class='ocrx_word' id='word_1_255' title='bbox 1082 3562 1117 3628; x_wconf 90' lang='lat' dir='ltr'>in</span> <span class='ocrx_word' id='word_1_256' title='bbox 1136 3560 1278 3645; x_wconf 88' lang='lat' dir='ltr'>seipsum</span> <span class='ocrx_word' id='word_1_257' title='bbox 1288 3559 1496 3644; x_wconf 84' lang='lat' dir='ltr'>septenarius</span> 
     </span>
     <span class='ocr_line' id='line_1_31' title="bbox 367 3667 1494 3759; baseline -0.001 -27"><span class='ocrx_word' id='word_1_258' title='bbox 367 3669 401 3732; x_wconf 96' lang='lat' dir='ltr'>in</span> <span class='ocrx_word' id='word_1_259' title='bbox 417 3667 479 3735; x_wconf 91' lang='lat' dir='ltr'>hoc</span> <span class='ocrx_word' id='word_1_260' title='bbox 503 3669 575 3737; x_wconf 91' lang='lat' dir='ltr'>loco</span> <span class='ocrx_word' id='word_1_261' title='bbox 590 3675 682 3738; x_wconf 82' lang='lat' dir='ltr'>notat</span> <span class='ocrx_word' id='word_1_262' title='bbox 705 3672 858 3740; x_wconf 87' lang='lat' dir='ltr'>universa</span> <span class='ocrx_word' id='word_1_263' title='bbox 881 3679 1019 3759; x_wconf 88' lang='lat' dir='ltr'>peccata</span> <span class='ocrx_word' id='word_1_264' title='bbox 1037 3671 1278 3752; x_wconf 88' lang='lat' dir='ltr'>universorum,</span> <span class='ocrx_word' id='word_1_265' title='bbox 1304 3687 1379 3732; x_wconf 89' lang='lat' dir='ltr'>cum</span> <span class='ocrx_word' id='word_1_266' title='bbox 1404 3667 1494 3734; x_wconf 90' lang='lat' dir='ltr'>solus</span> 
     </span>
     <span class='ocr_line' id='line_1_32' title="bbox 369 3774 1495 3864; baseline -0.002 -24"><span class='ocrx_word' id='word_1_267' title='bbox 369 3775 485 3842; x_wconf 90' lang='lat' dir='ltr'>Petrus</span> <span class='ocrx_word' id='word_1_268' title='bbox 507 3796 571 3844; x_wconf 91' lang='lat' dir='ltr'>non</span> <span class='ocrx_word' id='word_1_269' title='bbox 587 3778 691 3845; x_wconf 90' lang='lat' dir='ltr'>solnm</span> <span class='ocrx_word' id='word_1_270' title='bbox 707 3779 826 3864; x_wconf 88' lang='lat' dir='ltr'>omnia,</span> <span class='ocrx_word' id='word_1_271' title='bbox 843 3781 902 3848; x_wconf 86' lang='lat' dir='ltr'>sad</span> <span class='ocrx_word' id='word_1_272' title='bbox 919 3786 951 3846; x_wconf 89' lang='lat' dir='ltr'>et</span> <span class='ocrx_word' id='word_1_273' title='bbox 966 3779 1109 3848; x_wconf 89' lang='lat' dir='ltr'>omnium</span> <span class='ocrx_word' id='word_1_274' title='bbox 1125 3777 1230 3864; x_wconf 89' lang='lat' dir='ltr'>possit</span> <span class='ocrx_word' id='word_1_275' title='bbox 1255 3775 1395 3842; x_wconf 86' lang='lat' dir='ltr'>erimina</span> <span class='ocrx_word' id='word_1_276' title='bbox 1415 3774 1495 3842; x_wconf 84' lang='lat' dir='ltr'>rela-</span> 
     </span>
     <span class='ocr_line' id='line_1_33' title="bbox 367 3881 1494 3969; baseline -0.002 -22"><span class='ocrx_word' id='word_1_277' title='bbox 367 3901 457 3948; x_wconf 84' lang='lat' dir='ltr'>xare.</span> <span class='ocrx_word' id='word_1_278' title='bbox 475 3883 543 3967; x_wconf 92' lang='lat' dir='ltr'>lpsi</span> <span class='ocrx_word' id='word_1_279' title='bbox 559 3885 655 3969; x_wconf 90' lang='lat' dir='ltr'>enim,</span> <span class='ocrx_word' id='word_1_280' title='bbox 672 3893 705 3952; x_wconf 91' lang='lat' dir='ltr'>et</span> <span class='ocrx_word' id='word_1_281' title='bbox 720 3907 785 3953; x_wconf 92' lang='lat' dir='ltr'>non</span> <span class='ocrx_word' id='word_1_282' title='bbox 801 3887 869 3969; x_wconf 87' lang='lat' dir='ltr'>alii,</span> <span class='ocrx_word' id='word_1_283' title='bbox 887 3887 1009 3953; x_wconf 90' lang='lat' dir='ltr'>dietum</span> <span class='ocrx_word' id='word_1_284' title='bbox 1025 3907 1046 3952; x_wconf 92' lang='lat' dir='ltr'>a</span> <span class='ocrx_word' id='word_1_285' title='bbox 1061 3886 1200 3954; x_wconf 89' lang='lat' dir='ltr'>Domino</span> <span class='ocrx_word' id='word_1_286' title='bbox 1216 3881 1398 3969; x_wconf 87' lang='lat' dir='ltr'>reperitur:</span> <span class='ocrx_word' id='word_1_287' title='bbox 1423 3883 1494 3966; x_wconf 83' lang='lat' dir='ltr'>„Tu</span> 
     </span>
     <span class='ocr_line' id='line_1_34' title="bbox 368 3990 1496 4083; baseline -0.002 -27"><span class='ocrx_word' id='word_1_288' title='bbox 368 4010 421 4056; x_wconf 92' lang='lat' dir='ltr'>me</span> <span class='ocrx_word' id='word_1_289' title='bbox 435 3991 591 4074; x_wconf 80' lang='lat' dir='ltr'>sequere“</span> <span class='ocrx_word' id='word_1_290' title='bbox 610 3991 738 4076; x_wconf 85' lang='lat' dir='ltr'>(Matth.</span> <span class='ocrx_word' id='word_1_291' title='bbox 755 3997 880 4083; x_wconf 75' lang='lat' dir='ltr'>vlit),</span> <span class='ocrx_word' id='word_1_292' title='bbox 905 3995 1013 4080; x_wconf 88' lang='lat' dir='ltr'>idest,</span> <span class='ocrx_word' id='word_1_293' title='bbox 1038 3996 1071 4061; x_wconf 92' lang='lat' dir='ltr'>in</span> <span class='ocrx_word' id='word_1_294' title='bbox 1086 3994 1156 4060; x_wconf 89' lang='lat' dir='ltr'>veri</span> <span class='ocrx_word' id='word_1_295' title='bbox 1171 3992 1313 4079; x_wconf 85' lang='lat' dir='ltr'>pastoris</span> <span class='ocrx_word' id='word_1_296' title='bbox 1336 3990 1448 4058; x_wconf 85' lang='lat' dir='ltr'>officio</span> <span class='ocrx_word' id='word_1_297' title='bbox 1464 3995 1496 4056; x_wconf 90' lang='lat' dir='ltr'>et</span> 
     </span>
     <span class='ocr_line' id='line_1_35' title="bbox 366 4098 1494 4188; baseline -0.002 -22"><span class='ocrx_word' id='word_1_298' title='bbox 366 4099 540 4184; x_wconf 90' lang='lat' dir='ltr'>potestatis</span> <span class='ocrx_word' id='word_1_299' title='bbox 556 4099 801 4169; x_wconf 88' lang='lat' dir='ltr'>ecclesiastieae</span> <span class='ocrx_word' id='word_1_300' title='bbox 816 4102 1019 4188; x_wconf 88' lang='lat' dir='ltr'>plenitudine</span> <span class='ocrx_word' id='word_1_301' title='bbox 1035 4103 1181 4186; x_wconf 86' lang='lat' dir='ltr'>imitara;</span> <span class='ocrx_word' id='word_1_302' title='bbox 1198 4100 1276 4184; x_wconf 88' lang='lat' dir='ltr'>quia</span> <span class='ocrx_word' id='word_1_303' title='bbox 1286 4119 1362 4165; x_wconf 88' lang='lat' dir='ltr'>eum</span> <span class='ocrx_word' id='word_1_304' title='bbox 1377 4100 1413 4165; x_wconf 87' lang='lat' dir='ltr'>in</span> <span class='ocrx_word' id='word_1_305' title='bbox 1430 4098 1494 4166; x_wconf 88' lang='lat' dir='ltr'>offi-</span> 
     </span>
     <span class='ocr_line' id='line_1_36' title="bbox 366 4205 1495 4294; baseline 0.002 -23"><span class='ocrx_word' id='word_1_306' title='bbox 366 4205 417 4272; x_wconf 88' lang='lat' dir='ltr'>cio</span> <span class='ocrx_word' id='word_1_307' title='bbox 433 4205 598 4272; x_wconf 84' lang='lat' dir='ltr'>lliuarium</span> <span class='ocrx_word' id='word_1_308' title='bbox 615 4208 681 4274; x_wconf 90' lang='lat' dir='ltr'>sibi</span> <span class='ocrx_word' id='word_1_309' title='bbox 698 4210 865 4278; x_wconf 86' lang='lat' dir='ltr'>substituit</span> <span class='ocrx_word' id='word_1_310' title='bbox 880 4211 1040 4278; x_wconf 91' lang='lat' dir='ltr'>Dominus</span> <span class='ocrx_word' id='word_1_311' title='bbox 1057 4217 1089 4277; x_wconf 86' lang='lat' dir='ltr'>at</span> <span class='ocrx_word' id='word_1_312' title='bbox 1104 4213 1138 4277; x_wconf 92' lang='lat' dir='ltr'>in</span> <span class='ocrx_word' id='word_1_313' title='bbox 1155 4209 1343 4294; x_wconf 86' lang='lat' dir='ltr'>magisterio</span> <span class='ocrx_word' id='word_1_314' title='bbox 1369 4226 1495 4274; x_wconf 86' lang='lat' dir='ltr'>sucees-</span> 
     </span>
     <span class='ocr_line' id='line_1_37' title="bbox 366 4313 1495 4405; baseline 0.001 -27"><span class='ocrx_word' id='word_1_315' title='bbox 366 4332 484 4398; x_wconf 87' lang='lat' dir='ltr'>sorem,</span> <span class='ocrx_word' id='word_1_316' title='bbox 500 4313 550 4380; x_wconf 90' lang='lat' dir='ltr'>sic</span> <span class='ocrx_word' id='word_1_317' title='bbox 567 4315 820 4403; x_wconf 83' lang='lat' dir='ltr'>haereditatem,</span> <span class='ocrx_word' id='word_1_318' title='bbox 847 4320 882 4385; x_wconf 94' lang='lat' dir='ltr'>in</span> <span class='ocrx_word' id='word_1_319' title='bbox 897 4321 988 4404; x_wconf 90' lang='lat' dir='ltr'>enjus</span> <span class='ocrx_word' id='word_1_320' title='bbox 1003 4317 1185 4405; x_wconf 86' lang='lat' dir='ltr'>praeclaris</span> <span class='ocrx_word' id='word_1_321' title='bbox 1208 4317 1302 4384; x_wconf 81' lang='lat' dir='ltr'>funes</span> <span class='ocrx_word' id='word_1_322' title='bbox 1317 4315 1391 4398; x_wconf 90' lang='lat' dir='ltr'>ejus</span> <span class='ocrx_word' id='word_1_323' title='bbox 1416 4314 1495 4380; x_wconf 88' lang='lat' dir='ltr'>ceci-</span> 
     </span>
     <span class='ocr_line' id='line_1_38' title="bbox 370 4419 1494 4513; baseline 0 -27"><span class='ocrx_word' id='word_1_324' title='bbox 370 4419 497 4504; x_wconf 87' lang='lat' dir='ltr'>derant,</span> <span class='ocrx_word' id='word_1_325' title='bbox 513 4421 712 4492; x_wconf 84' lang='lat' dir='ltr'>transferens</span> <span class='ocrx_word' id='word_1_326' title='bbox 728 4424 762 4490; x_wconf 92' lang='lat' dir='ltr'>in</span> <span class='ocrx_word' id='word_1_327' title='bbox 777 4426 936 4512; x_wconf 86' lang='lat' dir='ltr'>eumdem,</span> <span class='ocrx_word' id='word_1_328' title='bbox 962 4433 997 4494; x_wconf 88' lang='lat' dir='ltr'>ut</span> <span class='ocrx_word' id='word_1_329' title='bbox 1012 4426 1088 4496; x_wconf 90' lang='lat' dir='ltr'>aliis</span> <span class='ocrx_word' id='word_1_330' title='bbox 1103 4426 1208 4513; x_wconf 90' lang='lat' dir='ltr'>possit</span> <span class='ocrx_word' id='word_1_331' title='bbox 1223 4445 1282 4511; x_wconf 90' lang='lat' dir='ltr'>per</span> <span class='ocrx_word' id='word_1_332' title='bbox 1297 4443 1370 4490; x_wconf 91' lang='lat' dir='ltr'>eum</span> <span class='ocrx_word' id='word_1_333' title='bbox 1386 4429 1421 4490; x_wconf 87' lang='lat' dir='ltr'>et</span> <span class='ocrx_word' id='word_1_334' title='bbox 1434 4421 1494 4489; x_wconf 86' lang='lat' dir='ltr'>sub</span> 
     </span>
     <span class='ocr_line' id='line_1_39' title="bbox 368 4527 1495 4621; baseline 0.001 -26"><span class='ocrx_word' id='word_1_335' title='bbox 368 4546 407 4595; x_wconf 89' lang='lat' dir='ltr'>eo</span> <span class='ocrx_word' id='word_1_336' title='bbox 423 4527 519 4610; x_wconf 87' lang='lat' dir='ltr'>quasi</span> <span class='ocrx_word' id='word_1_337' title='bbox 534 4537 660 4613; x_wconf 83' lang='lat' dir='ltr'>partem</span> <span class='ocrx_word' id='word_1_338' title='bbox 675 4531 783 4600; x_wconf 85' lang='lat' dir='ltr'>tacere</span> <span class='ocrx_word' id='word_1_339' title='bbox 792 4534 835 4601; x_wconf 90' lang='lat' dir='ltr'>de</span> <span class='ocrx_word' id='word_1_340' title='bbox 849 4536 1053 4604; x_wconf 86' lang='lat' dir='ltr'>haereditate</span> <span class='ocrx_word' id='word_1_341' title='bbox 1069 4537 1191 4621; x_wconf 84' lang='lat' dir='ltr'>legata.</span> <span class='ocrx_word' id='word_1_342' title='bbox 1202 4532 1284 4600; x_wconf 81' lang='lat' dir='ltr'>Cum</span> <span class='ocrx_word' id='word_1_343' title='bbox 1293 4532 1402 4618; x_wconf 82' lang='lat' dir='ltr'>igitur,</span> <span class='ocrx_word' id='word_1_344' title='bbox 1419 4527 1495 4600; x_wconf 85' lang='lat' dir='ltr'>licat</span> 
     </span>
     <span class='ocr_line' id='line_1_40' title="bbox 365 4635 1493 4736; baseline 0.003 -32"><span class='ocrx_word' id='word_1_345' title='bbox 365 4635 527 4719; x_wconf 85' lang='lat' dir='ltr'>immeriti,</span> <span class='ocrx_word' id='word_1_346' title='bbox 544 4635 615 4722; x_wconf 86' lang='lat' dir='ltr'>ejus</span> <span class='ocrx_word' id='word_1_347' title='bbox 631 4640 718 4706; x_wconf 87' lang='lat' dir='ltr'>vices</span> <span class='ocrx_word' id='word_1_348' title='bbox 734 4661 887 4730; x_wconf 76' lang='lat' dir='ltr'>geramus</span> <span class='ocrx_word' id='word_1_349' title='bbox 897 4645 930 4714; x_wconf 87' lang='lat' dir='ltr'>in</span> <span class='ocrx_word' id='word_1_350' title='bbox 940 4645 1046 4729; x_wconf 87' lang='lat' dir='ltr'>terris,</span> <span class='ocrx_word' id='word_1_351' title='bbox 1064 4645 1119 4736; x_wconf 90' lang='lat' dir='ltr'>qui</span> <span class='ocrx_word' id='word_1_352' title='bbox 1135 4642 1320 4714; x_wconf 84' lang='lat' dir='ltr'>dominetur</span> <span class='ocrx_word' id='word_1_353' title='bbox 1335 4641 1370 4708; x_wconf 92' lang='lat' dir='ltr'>in</span> <span class='ocrx_word' id='word_1_354' title='bbox 1380 4644 1493 4729; x_wconf 81' lang='lat' dir='ltr'>Regno</span> 
     </span>
    </p>
   </div>
   <div class='ocr_carea' id='block_1_3' title="bbox 0 0 1586 5192">
    <p class='ocr_par' dir='ltr' id='par_1_3' title="bbox 0 0 1586 5192">
     <span class='ocr_line' id='line_1_41' title="bbox 0 0 1586 5192; baseline 0 3"><span class='ocrx_word' id='word_1_355' title='bbox 0 0 1586 5192; x_wconf 95' lang='lat' dir='ltr'> </span> 
     </span>
    </p>
   </div>
  </div>
 </body>
</html>
