3164 5192
840 347 995 454 Q

351 541 416 614 imo
441 544 568 632 primae
592 544 864 632 transgressioni,
893 549 1104 637 qnam'apud
1119 547 1276 616 iaderam
1300 551 1479 642 incurritis,

350 661 540 732 videbimini
565 660 733 730 addidisse
760 661 953 746 secundam,
981 661 1059 730 dum
1075 683 1188 749 arma,
1214 685 1299 752 qnae
1320 665 1356 733 in
1371 667 1481 734 hostes

352 773 456 840 crucis
481 769 702 846 credebamini
718 769 956 857 assumpsisse,
981 773 1016 838 in
1035 770 1294 843 Christianorum
1318 773 1481 842 excidium

350 883 465 950 iterum
491 878 718 962 convertistis,
743 877 807 944 nisi
832 877 1004 947 forsanad
1028 881 1269 949 ermnuandam
1293 883 1428 970 culpam
1449 887 1481 948 et

349 1009 500 1076 poenam,
525 1009 566 1056 ex
581 989 661 1072 zelo,
688 1006 783 1072 quem
800 987 886 1054 circa
908 995 1044 1057 matrem
1060 995 1202 1057 vestram
1218 991 1403 1058 Ecclesiam
1419 992 1480 1058 Ro·

350 1119 479 1166 manam
495 1099 636 1182 habetis,
662 1097 714 1165 oui
730 1095 859 1164 fuerant
874 1097 1029 1182 indevoti,
1056 1097 1142 1184 quod
1158 1098 1200 1164 de
1216 1100 1420 1168 Graecorum
1435 1099 1480 1166 in-

349 1207 492 1276 choastis
508 1207 665 1292 Ecclesia,
685 1207 872 1274 studueritis
888 1226 1121 1274 consummare.
1139 1209 1230 1275 Istud
1247 1209 1346 1292 igitur
1367 1209 1432 1277 erit
1448 1213 1481 1274 et

347 1334 459 1382 verum
487 1313 671 1383 devotionis
697 1314 843 1400 ejusdem
858 1317 1070 1402 Imperatoris
1094 1317 1269 1401 iudicium,
1293 1323 1326 1384 et
1344 1325 1479 1385 vestrae

349 1421 569 1508 simplicitatis
595 1421 729 1490 evidens
746 1428 982 1508 argumentum.
1010 1422 1198 1508 Caeterum,
1221 1423 1298 1490 licet
1312 1433 1478 1511 optemus,

347 1535 391 1614 ut,
417 1547 477 1615 per
491 1528 634 1596 studium
649 1535 681 1594 ct
709 1527 960 1596 sollicitudinem
976 1536 1119 1596 vestram
1128 1579 1136 1613 ,
1164 1529 1207 1596 ad
1224 1528 1431 1599 devotionem
1446 1539 1480 1600 et

325 1636 561 1704 ¹reverentiam
580 1633 793 1721 Apostolicae
819 1634 914 1704 Sedis
941 1635 1301 1723 constantinopolitana
1326 1638 1479 1706 Ecclesia

345 1749 526 1812 revertatur
535 1795 544 1828 ,
575 1744 652 1829 quis
668 1749 778 1810 temen
794 1744 838 1812 ad
854 1745 1033 1812 subsidium
1058 1750 1164 1812 terrae
1179 1744 1319 1812 Sanctae
1335 1767 1479 1834 propen-

345 1850 413 1919 sius
430 1853 614 1939 aspiramus
626 1901 634 1934 ,
661 1873 703 1920 ne
726 1872 900 1920 succursus
926 1854 996 1938 ejus
1022 1853 1142 1920 dilatus
1168 1854 1324 1920 haetenus
1351 1854 1476 1923 diutim

345 1947 514 2028 differatur
523 2011 532 2044 ,
558 1979 725 2026 monemus
742 1961 987 2029 universitatem
1004 1969 1146 2028 vestram
1162 1967 1195 2029 ct
1207 1963 1421 2030 exhortamur
1437 1965 1472 2030 in

342 2070 493 2153 Domino,
510 2077 542 2136 et
556 2087 614 2156 per
630 2066 926 2155 Apostolicavobis
942 2069 1278 2154 scriptamandamus,
1295 2077 1470 2154 quatenns,

342 2175 543 2244 reconciliati
559 2175 801 2244 ecclesiasticae
816 2177 951 2260 unitati,
977 2185 1184 2264 peccatorum
1200 2182 1381 2244 vestrorum
1406 2199 1473 2244 ma-

341 2281 432 2350 culas
447 2283 667 2369 poenitentiae
684 2283 841 2369 lacrymis
857 2283 1006 2369 expietis,
1024 2291 1069 2366 nt,
1086 2284 1287 2351 coniminum
1303 2286 1380 2351 labe
1397 2307 1471 2371 pur·

341 2388 429 2475 goti,
447 2388 567 2453 bellum
583 2388 713 2455 Domini
738 2389 891 2474 possitis,
917 2391 1012 2474 juxta
1027 2391 1166 2476 primum
1190 2391 1308 2459 mentis
1338 2397 1470 2459 vestrae

340 2495 562 2584 propositum,
588 2493 621 2558 in
637 2496 780 2580 puritate
807 2497 915 2564 cordis
931 2504 963 2564 et
979 2499 1125 2584 eorporis
1150 2499 1358 2566 laudabiliter
1375 2519 1467 2585 prae-

339 2604 423 2670 liari.
449 2603 502 2668 Ad
526 2604 811 2690 recuperationem·
830 2605 930 2690 igitur
955 2611 1061 2672 terrae
1075 2605 1216 2673 Sanctae
1239 2606 1317 2674 totis
1343 2607 1468 2674 viribus

338 2709 509 2796 insistatis,
534 2711 685 2796 quoniam
709 2713 744 2778 id
768 2714 831 2780 erit
854 2713 947 2782 vobis
972 2714 1177 2800 potissimum
1199 2722 1233 2782 et
1255 2713 1344 2801 apud
1360 2715 1466 2783 Deum

337 2817 545 2902 meritorium,
562 2825 594 2886 et
604 2819 691 2906 apud
701 2819 850 2888 homines
867 2823 1055 2908 gloriosum.
1072 2823 1141 2891 Nos
1157 2831 1276 2908 autem,
1296 2823 1386 2906 quod
1401 2822 1465 2908 ipsi

337 2932 443 2992 terrac
459 2925 638 2994 viderimus
656 2929 820 3014 expedire,
846 2911 1055 3016 studebimus,
1075 2931 1174 2999 dante
1190 2931 1341 3017 Domino,
1359 2930 1465 2998 elfica·

335 3033 414 3100 citer
429 3053 612 3120 procurare.
630 3036 752 3105 Datum
771 3037 944 3124 Anagniae
962 3041 1023 3104 stb.

689 3231 792 3302 (Migne
806 3253 831 3291 u.
846 3254 869 3288 o.
883 3239 919 3288 11.
936 3239 992 3290 ket.
1006 3236 1065 3291 260.
1079 3239 1113 3303 l.)

768 3515 1028 3527 n-—u———n—

864 3969 938 4038 159.

334 4163 398 4230 ΙΙΙ.
415 4167 506 4232 Inoas
515 4165 675 4254 pdpdnalc
698 4169 851 4236 candedata
866 4194 887 4236 a
902 4171 1049 4236 solomani
1064 4171 1095 4234 da
1111 4191 1133 4234 a
1151 4169 1234 4256 troya'
1245 4169 1461 4255 pilspitkdlcdez

429 4272 573 4360 fenteddi
587 4274 842 4341 datdrosatdccle
853 4275 1114 4366 sopocotocttdao
1130 4278 1239 4362 adpeti.
1256 4278 1355 4342 1203.

434 4451 642 4522 Innocentius
667 4453 850 4541 Episcopus
877 4461 935 4523 etc.
964 4459 1014 4524 De
1037 4455 1303 4532 mentisvestrae
1328 4456 1457 4524 sinceri·

326 4555 395 4622 tate
412 4557 535 4642 contisi,
562 4567 596 4627 et
612 4559 794 4628 devotionis
810 4562 953 4648 puritate
976 4569 1165 4650 sperantes,
1190 4583 1249 4648 pro
1266 4567 1355 4630 certo
1371 4569 1459 4630 tene-

326 4681 416 4750 mus,
443 4667 529 4752 quod
545 4667 588 4736 ad
615 4668 770 4739 bonorem
785 4669 996 4758 Apostolioae
1019 4673 1114 4741 Sedis
1140 4670 1311 4740 intenditis
1335 4679 1369 4740 et
1384 4692 1454 4760 pro·
