3200 5182
853 361 1006 460 „aa

365 555 444 622 dant
459 554 708 641 diligentissime
725 555 899 638 rationem,
928 575 986 641 per
1002 575 1099 640 qnam
1116 556 1281 623 redactam
1308 557 1340 622 in
1366 555 1495 642 scriptis

368 671 529 749 appareat
554 661 731 746 evidenter,
758 663 940 748 pecuniam,
956 683 1064 748 quam,
1090 671 1126 729 ut
1150 664 1342 750 premissum
1358 671 1418 748 est,
1434 663 1493 729 sub

366 769 638 837 testimonialibus
655 769 771 836 litteris
787 790 897 838 secum
913 770 1089 856 attulerint,
1115 790 1188 838 esse
1204 771 1440 855 emecsignatis
1464 767 1496 834 ti-

368 878 482 945 deliter
497 886 530 946 et
546 875 667 945 utiliter
683 877 908 945 distributam:
933 884 967 942 et
982 885 1049 944 tam
1069 878 1307 947 testimoniales
1322 879 1431 946 littere
1447 898 1495 944 se-

367 1007 426 1072 per
442 985 625 1070 quantitate
640 985 776 1072 pecunie
798 965 970 1052 commisse
992 985 1254 1052 distributoribus
1278 986 1372 1071 ipsis,
1398 1006 1497 1070 quam

261 1076 265 1086 '
366 1095 529 1180 scriptura
547 1095 718 1178 raesens,
744 1092 831 1180 quoe
857 1093 1023 1160 careium
1050 1103 1081 1160 o
1106 1093 1272 1178 magistris
1297 1093 1497 1161 ramesen

367 1200 550 1284 antedictis,
567 1200 817 1285 diligentissime
833 1208 1071 1285 conserventur,
1090 1207 1124 1268 et
1139 1209 1172 1268 et
1188 1199 1375 1269 eorumdem
1392 1201 1497 1267 distri-

366 1309 516 1376 butorum
533 1305 613 1373 lidos
630 1314 662 1374 et
678 1307 848 1392 diligentia
864 1307 994 1374 illarum
1013 1307 1195 1374 testimonio
1215 1313 1360 1393 pateant,
1389 1315 1423 1374 et
1447 1329 1496 1374 su-

368 1419 575 1504 spitiosorum
586 1417 817 1499 conquiescant
830 1424 964 1500 mentes,
977 1422 1009 1480 et
1019 1414 1110 1481 labia
1121 1416 1344 1482 conticescant.
1364 1413 1497 1494 Quocir-

367 1547 407 1594 ca
421 1525 616 1594 fraternitati
633 1531 739 1592 vestre
754 1546 814 1613 per
830 1525 1020 1613 apostolica
1036 1526 1159 1612 scripta
1171 1523 1376 1610 mandamus,
1393 1526 1495 1610 quati-

367 1653 428 1700 nus
440 1633 500 1700 hec
519 1633 729 1718 solempniter
749 1654 806 1718 per
825 1641 953 1701 vestras
963 1633 1118 1699 Dioceses
1133 1633 1347 1718 publicantes,
1362 1631 1495 1699 difficul-

369 1749 469 1808 tatem
486 1761 544 1808 serr
561 1761 685 1808 moram
701 1741 846 1825 aliquam
866 1741 1051 1807 nullatenus
1062 1740 1245 1824 innectatis,
1263 1740 1315 1805 vel
1333 1741 1496 1825 permitta-

368 1850 410 1917 tis
426 1851 557 1936 innecti,
575 1851 651 1935 quin
662 1859 728 1916 tam
744 1849 891 1916 collectio
902 1850 1056 1916 vicesime
1067 1867 1125 1934 per
1140 1869 1206 1932 eos,
1218 1848 1272 1933 qui
1284 1848 1328 1915 ad
1339 1847 1428 1916 hoca
1446 1847 1498 1913 bo·

366 1979 407 2025 ne
422 1959 577 2026 memorie
590 1957 778 2026 innocentio
790 1957 881 2043 Papa
891 1957 1123 2042 predecessore
1132 1961 1243 2021 nostro
1256 1955 1399 2038 fuerunt,
1411 1956 1494 2021 sela

367 2065 462 2132 nobis
475 2066 594 2132 fuerint
609 2065 765 2151 deputati,
791 2066 862 2132 sine
877 2063 991 2130 fraude
1008 2085 1047 2130 ae
1065 2081 1280 2150 expensarum
1296 2062 1496 2144 discrimine,

367 2179 463 2256 prout
478 2170 521 2238 ad
532 2171 743 2257 eospertinet,
762 2191 859 2255 quam
870 2172 949 2258 alia,
966 2179 1061 2259 prout
1071 2171 1301 2258 superiussnnt
1318 2168 1493 2258 descripta,

369 2278 545 2344 efficaciter
565 2279 695 2345 valeant
711 2279 895 2346 executioni
905 2280 1064 2346 mandari.
1082 2279 1169 2346 Sane
1194 2278 1367 2366 pecuniam
1384 2279 1497 2346 collec-

369 2391 436 2450 tam
460 2393 491 2450 et
506 2385 725 2468 colligendam
742 2386 775 2451 in
801 2387 924 2454 muncia
937 2408 994 2474 per
1019 2385 1244 2454 distributores
1269 2386 1438 2472 predictos
1453 2385 1497 2451 di·

369 2492 484 2558 stribui
500 2493 657 2576 volumus,
675 2501 707 2559 et
724 2493 914 2562 mandamus
931 2496 1015 2563 inter
1030 2495 1274 2579 crucesignatos
1297 2503 1451 2564 smenuos
1465 2501 1496 2561 et

366 2599 542 2688 prudentes
557 2600 599 2666 de
614 2602 733 2689 populo
750 2603 818 2689 illo,
836 2603 890 2670 ubi
908 2604 1007 2671 luerit
1023 2605 1160 2690 poemia
1171 2605 1244 2691 ipsa
1254 2602 1413 2680 collecta;
1431 2603 1495 2686 qui-

365 2710 427 2776 bus
441 2707 485 2774 ad
501 2709 719 2796 peragendum
735 2717 846 2776 votum
861 2729 954 2778 snum
971 2711 1100 2798 proprie
1117 2732 1180 2779 non
1196 2716 1370 2797 suppetunt
1397 2712 1494 2778 facul-

365 2825 471 2884 tatesz
487 2837 549 2900 que
558 2824 689 2903 recepta
705 2817 766 2885 sub
778 2819 964 2888 testimonio
976 2821 1116 2888 virorum
1135 2817 1279 2887 fidelium
1290 2820 1494 2904 crucesigns·

364 2927 409 2991 tis
426 2925 507 3011 ipsis
523 2923 734 2990 distribuatur
749 2933 892 3012 tempore
908 2926 1087 3014 arripiendi
1108 2927 1243 3012 itineris,
1270 2928 1322 2993 vel
1339 2927 1373 2994 in
1389 2935 1491 3015 portu,

365 3043 461 3119 prout
475 3030 640 3098 videbitur
655 3032 809 3120 expedire
824 3036 904 3120 ipsis
914 3033 1187 3120 distributoribus,
1206 3035 1364 3102 rationem
1374 3033 1492 3118 deilla,

367 3139 451 3206 siout
465 3139 506 3207 de
520 3141 598 3227 alia,
615 3143 646 3206 in
664 3142 793 3227 scriptis
818 3142 956 3209 fideliter
980 3141 1166 3211 reddituris.
1192 3145 1312 3210 Datum
1339 3143 1493 3209 Laterani

366 3247 405 3314 ll.
422 3246 583 3315 kalendas
598 3249 716 3334 Martii,
734 3250 942 3317 Pontificatns
958 3250 1061 3317 nostri
1077 3271 1161 3318 anno
1177 3251 1291 3337 primo.

476 3355 512 3419 ln
529 3354 643 3420 eodem
660 3353 755 3421 modo
771 3355 925 3442 seriptum
943 3367 991 3426 est
1003 3356 1258 3444 archiepiscopo
1275 3355 1448 3425 Goloeensi
1464 3366 1494 3424 et

368 3462 584 3545 suffraganeis
606 3463 694 3548 eius,
721 3470 753 3528 et
770 3464 952 3531 abbatibus
969 3466 1127 3552 exemptis
1151 3487 1209 3552 per
1226 3463 1406 3549 Ungariam
1425 3486 1496 3533 eon-

367 3567 497 3651 stitutis,
516 3575 547 3632 et
564 3567 711 3634 omnibus
728 3571 936 3658 Patriarclris,
948 3573 1219 3660 Arenteptsoopis,
1237 3573 1416 3660 Episcopis
1434 3585 1493 3642 ete.

366 3763 502 3828 (Thalnae,
515 3765 614 3817 Vetera
627 3767 800 3819 Monrrmenta
814 3769 952 3823 Historira
966 3773 1135 3838 Hungariam
1156 3774 1267 3825 Sacram
1289 3776 1459 3830 illustrantia
1472 3777 1491 3826 l.

860 3861 915 3911 luet.
930 3864 954 3912 e.
969 3861 997 3926 l.)

793 4135 1052 4162 -ιι-ἠ-ι-..ι
