3268 5194
370 1091 423 1157 VI.
441 1089 501 1156 Eoo
513 1087 669 1174 pdpdoole
693 1085 836 1172 balldju,
861 1082 1004 1173 oulylycl
1024 1105 1045 1148 a
1069 1081 1239 1150 dulmdtiai
1259 1085 1483 1172 pttspdleb'lcnak

363 1197 558 1286 mcpbuppp'u,
577 1195 657 1281 dopp
666 1195 768 1262 Jaooo
782 1190 922 1282 apulutoi
937 1191 1024 1256 anea
1034 1189 1238 1277 selsb'bbsdth
1253 1191 1438 1277 sliamerp'elc,
1456 1193 1488 1255 do

357 1304 500 1391 pttspdlri
506 1303 623 1389 joquilc
636 1301 892 1389 pyulrorldaddua
908 1299 1066 1386 maqydjdlc
1085 1299 1239 1364 lotdreio
1254 1297 1301 1363 tal
1316 1320 1353 1363 aa
1368 1301 1492 1383 arjos·

738 1407 902 1494 badjaaclc.
926 1405 1114 1472 aaa-929.

472 1607 538 1672 Leo
555 1605 736 1690 Episcopus
762 1621 875 1668 servus
901 1619 1066 1668 serrorum
1086 1601 1148 1666 Dei
1172 1599 1324 1666 Formiuo
1350 1599 1492 1666 Sanctae

363 1710 591 1776 Jadarateusis
607 1705 774 1775 Ecclesiae
790 1707 966 1794 Episcopo,
990 1713 1022 1771 et
1037 1704 1194 1788 Gregorio
1211 1704 1350 1770 Sanctae
1364 1705 1493 1772 Nonou-

363 1819 409 1884 sis
425 1817 593 1884 Ecclesiae
609 1815 784 1901 Episcopo,
801 1813 1015 1896 omnibusque
1024 1811 1197 1898 Episcopis
1216 1831 1274 1898 per
1290 1812 1492 1877 Dalmatiam

361 1925 633 1993 commorantibus
650 1923 776 1988 dilectis
791 1921 867 1986 filiis
883 1927 915 1986 et
930 1920 1080 1986 fidelibus
1095 1922 1226 1988 uostris.
1247 1919 1333 1996 Quia
1349 1921 1493 2003 gratuita

362 2033 424 2097 Dei
439 2031 667 2118 omnipotentis
683 2029 906 2095 misericordia
921 2049 980 2094 ros
996 2029 1029 2094 iu
1046 2027 1235 2114 Episcopali
1254 2026 1359 2093 infula
1374 2029 1491 2092 eonsti-

361 2141 433 2223 tuit,
450 2140 583 2223 dignum
600 2145 659 2222 est,
687 2143 723 2202 ut
738 2145 845 2205 vestro
862 2136 1112 2222 Metropolitano
1128 2137 1268 2202 Sanctae
1286 2136 1493 2221 spalatensis

362 2245 530 2310 Ecclesiae
544 2246 798 2330 Archiepiseopo
815 2263 973 2312 summam
989 2244 1202 2310 reverentiam
1221 2244 1373 2310 exhibere
1389 2242 1492 2308 delec-

362 2352 484 2438 temini,
500 2359 659 2436 quatenus
675 2371 734 2437 per
749 2353 904 2436 ordinem,
931 2359 962 2418 et
978 2371 1124 2419 normam
1138 2353 1288 2436 justitiae
1304 2350 1491 2435 gradientes

363 2459 478 2542 securi,
495 2465 527 2524 et
542 2458 696 2544 intrepidi
711 2459 852 2524 valeatis
869 2459 912 2524 ad
928 2459 1082 2525 Divinam
1097 2458 1402 2543 contemplationem
1420 2477 1491 2542 per-

361 2566 481 2632 venire.
498 2569 583 2632 Nam
599 2566 678 2650 quid
694 2566 834 2633 deterius
851 2587 924 2633 esse
940 2568 1089 2650 comitur,
1106 2585 1204 2649 qnam
1220 2565 1401 2650 Episcopus
1418 2585 1492 2650 pro·

362 2675 687 2761 prioMetropolitauo
699 2676 888 2743 inobediens
899 2695 982 2759 esse,
992 2695 1065 2741 cum
1075 2676 1231 2760 scriptum
1241 2672 1490 2739 sitinAlricauo

363 2778 520 2848 Concilio:
537 2781 646 2866 ,Nihil
655 2781 852 2867 Episcopum
863 2787 991 2866 praeter
1000 2781 1231 2848 conscientiam
1243 2781 1366 2866 proprii
1374 2779 1490 2844 Metro·

363 2889 502 2974 politani
520 2887 643 2971 aliquid
660 2908 758 2973 agere
768 2889 916 2966 debere.“
939 2889 980 2954 Et
996 2891 1026 2955 si
1040 2890 1088 2955 ita
1103 2894 1163 2972 est,
1180 2907 1253 2954 eum
1269 2887 1398 2969 scimus,
1411 2885 1491 2968 quia

360 2993 408 3059 ita
419 3001 479 3078 est,
496 3001 530 3060 ut
544 2994 653 3061 nullus
668 2997 850 3081 Episcopus
867 2995 985 3062 debeat
1010 2997 1177 3081 proprium
1196 3013 1290 3060 suum
1305 2991 1489 3076 Metropoli-

360 3106 428 3166 tam
444 3100 596 3185 ignorare
609 3127 616 3186 ;
633 3121 689 3167 oar
706 3123 764 3170 ros
774 3101 1014 3168 Dalmatiarum
1024 3102 1178 3188 Episcopi
1191 3106 1438 3184 contemptores,
1454 3103 1489 3164 et

362 3207 458 3290 quasi
472 3225 532 3293 per
546 3206 750 3274 latrocinium
767 3208 894 3273 alienas
905 3209 1083 3275 Perochias
1101 3208 1301 3294 diripientes,
1320 3203 1489 3290 usurpatis

362 3312 456 3380 vobis
468 3313 639 3399 profanum
649 3314 871 3408 nomen,quod
877 3315 919 3380 ab
930 3316 1071 3398 antiquis
1081 3315 1229 3401 patribus
1239 3312 1332 3380 robis
1343 3319 1490 3396 creptum

360 3439 434 3488 esse
443 3423 593 3489 cernitur.
605 3423 699 3490 Unde
709 3443 875 3491 monemus
886 3444 954 3506 vos,
966 3429 1001 3488 ut
1011 3441 1122 3491 omnes
1133 3422 1290 3508 Episcopi
1300 3423 1333 3486 iu
1343 3421 1487 3505 propriis

360 3528 518 3595 limitibus
534 3531 599 3595 siut
614 3531 763 3596 contenti.
791 3530 978 3598 Forminum
998 3549 1138 3614 namque
1158 3548 1340 3612 monemus,
1368 3529 1415 3594 ita
1436 3547 1487 3592 su·

360 3656 413 3700 am
429 3637 618 3721 parochiam
634 3639 782 3722 retinere,
798 3637 1070 3721 quemadmodum
1086 3639 1120 3703 in
1132 3636 1274 3721 antiquis
1285 3635 1487 3722 temporibus

360 3743 497 3826 mausit;
520 3742 667 3809 similitor
682 3744 878 3811 Absarensis
894 3744 1062 3811 Ecclesiae
1077 3747 1285 3832 Episcopum,
1310 3749 1342 3808 et
1359 3743 1485 3808 Arbita-

358 3869 445 3934 num,
462 3854 560 3931 atque
575 3851 824 3936 Ragusitanum‚
840 3852 1067 3938 Spalatensem
1079 3853 1179 3918 etiam
1195 3852 1484 3938 Archiepiscopum

357 3958 391 4023 in
407 3955 597 4024 croatorum
610 3963 699 4023 terra
713 3959 871 4042 volumus,
889 3965 923 4024 ut
938 3960 1105 4045 propriam
1126 3977 1219 4025 suam
1234 3958 1422 4044 parochiam
1437 3979 1485 4024 re·

355 4064 477 4146 tineat,
502 4062 774 4145 quemadmodum
799 4064 976 4146 antiquitus
992 4066 1184 4132 Salonitaua
1199 4065 1347 4132 Ecclesia
1369 4065 1485 4132 retine-

357 4170 424 4235 bat.
450 4167 536 4246 Quia
550 4189 615 4237 uon
631 4177 738 4256 potest
755 4169 913 4257 parochia
936 4169 1021 4236 infra
1037 4191 1144 4238 muros
1165 4171 1325 4255 Civitatis,
1351 4173 1410 4238 sed
1425 4193 1485 4258 per

357 4277 535 4360 longinqua
550 4278 660 4362 spatia
683 4283 841 4342 terrarum
857 4277 891 4342 iu
907 4277 1078 4363 plebibus,
1104 4285 1136 4344 et
1154 4277 1253 4362 villis,
1272 4284 1304 4343 et
1319 4279 1425 4364 curis,
1452 4287 1484 4345 et

356 4381 523 4466 Ecclesiis,
539 4389 572 4448 et
586 4383 620 4447 iu
630 4383 751 4469 populo
762 4383 939 4465 antiquitus
953 4383 1176 4450 determinato.
1193 4383 1384 4468 Gregorium
1395 4405 1483 4469 vero,

355 4490 411 4571 qui
427 4489 624 4574 prohibitate
647 4492 802 4576 temporis
818 4491 852 4556 in
869 4489 1060 4558 croatorum
1079 4498 1166 4558 terra
1181 4492 1366 4578 Episcopus
1390 4493 1483 4559 effec-

354 4601 408 4662 tus
423 4601 483 4680 est,
499 4597 718 4682 praecipimus
735 4599 769 4663 iu
785 4598 857 4665 sola
870 4597 1107 4665 Scardonitana
1122 4598 1270 4664 Ecclesia
1291 4605 1484 4668 tantummo-
