3164 5192
601 316 746 420 Q

110 519 187 597 tum,
205 534 246 580 ac
261 514 356 580 nobis
371 511 497 598 ligandi
512 517 544 578 et
561 511 710 580 solvendi
733 511 966 606 recognoscitis
982 519 1194 598 potestatem,
1212 519 1244 579 et

112 623 335 706 magisterium
359 619 604 686 ecclesiastieae
627 619 831 705 disciplinae.
858 621 1084 705 Intelligentes
1111 621 1241 704 etenim,

111 727 198 813 quod
222 728 317 795 nobis
341 747 407 796 non
424 727 529 794 solum
545 727 579 792 in
595 726 697 794 Beato
713 729 810 794 Petro
836 733 886 794 est
902 727 1024 794 dictum
1043 749 1064 794 a
1080 729 1239 795 Domino:

113 837 209 922 „libi
232 835 319 903 dabo
345 836 455 902 clares
471 835 577 918 Regni
592 835 773 920 coelorum,
800 841 833 902 et
849 835 1060 920 quodcunque
1085 835 1240 919 ligaveris

111 963 210 1030 super
218 941 360 1010 terram“
379 949 440 1009 etc.
450 941 566 1029 (Math.
577 941 688 1030 vin),
700 942 864 1010 sednobis
874 944 974 1010 etiam
990 943 1108 1009 dicitur
1125 943 1157 1008 in
1168 942 1243 1008 Pro-

110 1053 231 1137 pheta:
251 1053 356 1136 ,Ecce
371 1049 525 1118 constitui
540 1055 573 1116 te
587 1049 685 1116 hodie
700 1069 799 1134 super
816 1055 929 1134 gentes
946 1056 979 1114 et
994 1053 1119 1134 Regna,
1137 1056 1171 1116 ut
1188 1049 1240 1116 de-

111 1165 233 1244 struas,
250 1164 283 1226 et
293 1159 444 1245 dissipes,
462 1165 495 1227 et
504 1157 686 1244 disperdas,
697 1157 861 1242 aedifices,
877 1163 910 1224 et
922 1158 1071 1242 plantes“
1085 1181 1094 1242 ς
1112 1157 1244 1225 anobis

112 1267 235 1354 petitis,
253 1273 288 1334 ut
302 1267 441 1353 Βιςίιιιιι
457 1265 628 1350 diadema,
653 1272 686 1334 et
701 1265 936 1332 Patriarclralis
953 1265 1244 1350 praeeminentiam

112 1375 294 1459 dignitatis,
311 1374 487 1442 cumidem
502 1374 624 1442 nobilis
641 1373 834 1440 anctoritate
849 1379 963 1441 nostra
983 1373 1045 1440 sibi
1062 1374 1140 1440 velit
1156 1395 1246 1441 coro-

111 1503 190 1548 nam
203 1482 337 1568 imponi,
354 1488 386 1548 et
401 1483 435 1548 in
450 1488 542 1548 terra
556 1499 687 1566 suaper
703 1501 763 1547 nos
780 1479 905 1546 institui
921 1480 1155 1548 Patriaroham.
1174 1481 1244 1548 Nos

112 1595 223 1657 autem
234 1590 438 1676 jamdudum,
458 1597 494 1658 ut
509 1590 550 1656 de
566 1589 671 1675 ipsius
692 1595 724 1655 et
739 1589 959 1673 subjectorum
974 1589 1045 1672 ejus
1060 1587 1242 1674 devotione,

113 1715 153 1762 ac
179 1703 268 1763 statu
292 1703 399 1764 terrae
415 1716 587 1784 possemus
614 1695 700 1763 effici
726 1695 899 1778 certiores,
925 1716 998 1762 cnm
1017 1715 1082 1762 non
1106 1694 1244 1762 velimus

112 1803 327 1888 simpliciter,
353 1805 413 1872 sed
429 1811 580 1890 optamus
596 1804 715 1884 etiam,
742 1809 787 1887 ut,
803 1803 888 1869 sicut
903 1801 1071 1869 descendit
1085 1821 1128 1868 ex
1142 1801 1247 1868 nobili

112 1915 275 1999 prosapia
289 1915 457 2000 Romana,
485 1913 533 1980 sic
549 1913 649 1980 etiam
665 1913 835 1980 Ecclesiae
850 1915 1018 1980 Romanae
1034 1912 1182 1978 instituta
1197 1931 1245 1978 se-

113 2027 251 2104 quatur,
278 2029 310 2087 et
326 2023 369 2088 ab
385 2042 427 2088 ea
442 2021 665 2107 magisterium
681 2019 871 2088 Catholicae
895 2019 971 2087 fidei
987 2026 1020 2086 et
1044 2019 1178 2086 honoris
1194 2020 1245 2086 sui

113 2130 277 2217 suscipiat
300 2131 551 2214 incrementum,
579 2130 731 2196 dilectum
756 2129 858 2194 filium
887 2127 1110 2210 Dominieum,
1135 2128 1246 2194 Archi·

113 2236 344 2322 presbyterum
359 2236 608 2319 Brundusinnm,
624 2235 668 2302 ad
684 2235 831 2320 ejusdem
846 2235 966 2302 nobilis
987 2235 1138 2302 duximus
1153 2255 1244 2320 prae

114 2347 257 2411 sentiam
281 2344 520 2412 destinandum.
547 2345 609 2412 Illo
632 2364 760 2429 quoque
784 2363 856 2410 cum
879 2343 995 2410 litteris
1011 2345 1157 2428 ejusdem
1181 2345 1245 2411 Do·

114 2453 196 2518 mini
212 2453 437 2540 Balgarorum,
455 2455 520 2520 tuis
536 2454 647 2536 etiam,
665 2461 697 2519 et
712 2451 861 2518 Bellotae
877 2451 1048 2538 Principis,
1070 2451 1113 2516 ad
1127 2451 1244 2517 Sedem

115 2561 342 2648 Apostolicam
358 2561 521 2644 redeunte,
539 2561 580 2626 de
596 2559 773 2646 praedictis
787 2557 942 2624 certiores
958 2559 1075 2642 effecti,
1092 2559 1250 2625 dilectum

113 2670 229 2752 filium,
246 2669 276 2734 J.
294 2668 508 2755 Capelianum
524 2673 669 2734 nostrum
679 2718 687 2751 ,
716 2666 883 2732 Ecclesiae
898 2669 1065 2733 Romanae
1087 2667 1245 2750 Legatum

114 2777 252 2844 adeum
271 2776 423 2843 duximus
447 2775 694 2858 destinandum,
718 2775 818 2859 plena
840 2775 872 2839 ei
898 2774 1054 2840 facultate
1077 2793 1244 2855 concessa,

114 2893 151 2952 ut
167 2885 201 2950 in
217 2890 288 2952 tcta
303 2891 391 2951 terra
406 2885 510 2971 ipsius
525 2883 634 2969 quoad
650 2882 837 2968 spiritualia
853 2882 1050 2968 corrigeret,
1077 2902 1163 2966 quae
1179 2900 1245 2947 cor·
1323 2873 1328 2878 ’

114 2993 255 3077 riganda
270 2997 499 3078 cognosceret,
517 2999 550 3058 et
565 2995 724 3056 statueret
733 3040 742 3073 ,
767 3008 851 3072 quae
867 2987 973 3054 forent
989 2988 1168 3054 secundum
1183 2989 1246 3052 Do·

113 3100 239 3165 minum
265 3100 449 3166 statuenda
475 3101 539 3164 Per
559 3099 668 3185 ipsum
693 3116 822 3180 quoque
847 3097 902 3160 uni
918 3095 1246 3182 Archiepiscopornm

112 3215 224 3274 terrae
240 3207 344 3293 ipsius
360 3207 506 3293 pallium,
537 3205 666 3290 insigne
681 3205 834 3270 videlicet
849 3203 1061 3288 plenitudinis
1077 3201 1246 3269 Pontifica-

113 3315 157 3380 lis
174 3314 284 3400 oflicii,
300 3314 453 3380 duximus
470 3313 717 3398 destinandum,
735 3309 929 3376 mandantes
945 3309 1062 3393 eidem,
1080 3315 1123 3394 nt,
1145 3307 1245 3391 siqui

112 3422 229 3488 forsan
244 3422 377 3489 interra
391 3422 450 3488 illa
465 3421 679 3508 promovendi
695 3420 738 3484 ad
757 3419 888 3487 ordines
914 3423 1033 3504 essent,
1055 3419 1107 3483 vel
1123 3417 1157 3482 in
1172 3413 1246 3500 Epi·

112 3550 253 3615 scopnm
265 3529 488 3615 consecrandi,
500 3549 558 3617 per
566 3529 691 3596 vicinos
703 3527 890 3594 Catholicos
900 3527 1060 3593 duntaxat
1066 3524 1247 3610 Episcopos

111 3639 149 3702 in
165 3637 422 3704 ordinandorum
445 3637 669 3721 ordinatione,
696 3641 728 3701 et
744 3634 990 3702 consecratione
1015 3630 1247 3700 consecrando-

113 3767 198 3830 rum,
217 3745 394 3832 procedere
405 3765 471 3811 non
487 3741 644 3810 tardaret.
661 3741 776 3807 Eidem
791 3741 891 3805 etiam
908 3739 1057 3806 dedimus
1073 3739 1106 3804 in
1117 3737 1247 3804 manda·

113 3855 171 3937 tis,
189 3862 225 3920 ut
240 3853 281 3919 de
298 3873 418 3920 corona
436 3851 698 3938 progenitoribus
713 3849 834 3914 nobilis
851 3847 1030 3934 saepedicti
1046 3847 1089 3912 ab
1102 3845 1249 3912 Ecclesia

114 3965 268 4030 Romana
283 3981 451 4046 concessa,
469 3961 646 4044 inquireret
665 3957 853 4043 diligentius
868 3957 1057 4039 veritatem,
1084 3960 1117 4020 et
1131 3959 1249 4018 tracta·

115 4077 168 4137 ret
184 4070 226 4136 dc
242 4071 393 4137 omnibus
419 4088 491 4134 cnm
507 4067 623 4134 eodem
633 4119 642 4152 ,
669 4085 754 4150 quae
773 4069 984 4149 cognosceret
1007 4057 1248 4147 pertractanda,

117 4185 154 4244 ut
168 4196 230 4262 per
244 4176 352 4264 ipsum
367 4174 522 4258 medem,
548 4180 581 4242 et
595 4174 726 4241 nuntios
742 4171 889 4258 ejusdem
904 4169 1026 4238 nobilis
1042 4167 1083 4234 de
1098 4164 1248 4233 omnibus

116 4283 237 4353 redditi
253 4284 430 4367 certiores,
455 4281 634 4351 consultius
651 4287 684 4348 et
700 4279 857 4345 maturius
884 4277 1061 4370 supernae
1075 4271 1250 4360 procedere

116 4393 302 4460 valeamus.
326 4393 439 4479 Nuper
454 4395 564 4457 autern
579 4389 666 4455 idem
682 4387 826 4472 Legatos
841 4391 952 4453 noster
967 4381 1088 4450 nuntiis
1105 4380 1250 4464 ejusdem

118 4499 242 4568 nobilis
259 4499 416 4583 obviavit,
442 4498 485 4565 ad
510 4496 736 4564 charissimum
760 4495 794 4560 in
817 4492 945 4560 Christo
970 4491 1071 4558 filium
1095 4493 1250 4574 nostrum,

119 4610 201 4676 Η...
222 4610 384 4677 illustrem
398 4609 521 4692 Regem
537 4605 725 4691 Ungariae,
750 4601 939 4686 destinatis,
966 4619 1039 4666 cum
1063 4598 1180 4684 quibus
1207 4595 1251 4662 ad

1034 4715 1090 4775 l'l*
