3164 5192
915 285 1026 384 Q

385 480 562 546 Sacristam
587 499 646 566 per
671 486 772 546 totam
798 487 981 546 tenerentur
1005 479 1244 548 hebdomadam
1259 500 1449 566 procurare,
1472 494 1502 548 ct

245 589 255 604 ”
385 589 446 654 boc
462 589 510 655 cis
525 586 732 673 importabile
749 587 920 669 videretur,
938 589 985 654 ita
1001 593 1222 656 convenerunt
1236 607 1309 654 cum
1325 586 1502 671 canonicis,

385 703 420 762 ut
434 719 493 782 pro
510 695 813 781 recompensatione
838 695 1103 781 procurationum
1127 695 1390 782 supradictarum
1414 693 1504 760 babe-

385 813 456 872 rent
471 805 536 891 ipsi
551 809 700 890 quamam
726 808 853 889 partem
873 803 1100 872 decimationis
1117 811 1149 870 ct
1171 803 1374 871 oblationum
1389 803 1430 868 de
1444 823 1504 870 cor-

348 975 352 984 ,
385 933 465 1000 porc
480 912 633 996 civitatis,
651 911 734 978 sicut
749 913 783 978 in
800 910 930 998 scriptis
946 911 1030 978 bone
1046 913 1199 980 memorie
1211 911 1340 996 (laudii,
1358 909 1503 993 Gerardi‚

383 1031 416 1088 et
432 1021 517 1088 Petri
533 1021 822 1109 praedecessorum
846 1025 973 1088 tuorum
989 1021 1172 1088 continetur
1195 1041 1397 1107 expressum.
1422 1023 1504 1086 Pete

384 1131 462 1196 bant
476 1130 609 1214 insuper
625 1127 797 1194 duodecim
813 1129 953 1213 prandia
969 1129 1153 1198 constitutis
1172 1138 1204 1197 ct
1215 1131 1312 1196 certis
1327 1127 1504 1196 festivitati·

382 1240 443 1304 bus
460 1239 537 1304 anni
554 1237 774 1324 percipienda,
791 1240 977 1322 potationes
992 1241 1242 1324 Sabbathorum‚
1266 1247 1298 1306 et
1312 1237 1505 1324 procuratio

381 1346 559 1412 pestribus
584 1331 848 1410 hebdomadariis
865 1346 1004 1430 singulis
1029 1346 1145 1412 diebus
1161 1347 1341 1414 Dominicis
1357 1346 1504 1414 exhiben-

384 1454 436 1519 da.
462 1452 542 1518 (lum
558 1453 656 1536 igitur
672 1471 732 1517 nos
749 1451 857 1517 multis
874 1457 906 1518 et
921 1453 1023 1519 variis
1039 1455 1180 1539 negotiis
1195 1457 1353 1540 occupati,
1371 1454 1416 1520 ad
1430 1454 1504 1520 baec

381 1559 548 1626 intendere
564 1579 629 1626 non
644 1577 834 1644 possemus,
862 1560 1082 1626 venerabilem
1098 1561 1232 1628 fratrem
1247 1568 1394 1630 uosbnm
1409 1560 1440 1626 J.
1456 1560 1504 1624 Vi·

380 1668 574 1734 terbiensem
587 1667 786 1753 Episcopum
795 1669 922 1734 Sanctis
933 1667 1120 1754 Clementis,
1140 1677 1172 1736 et
1188 1669 1341 1736 dilectum
1357 1664 1502 1736 liliumC.

381 1778 421 1842 de
436 1779 556 1844 Sancto
573 1776 731 1862 Apostolc
743 1776 883 1842 Sanctae
899 1777 1025 1842 Mariae
1041 1779 1074 1842 in
1091 1777 1222 1845 Porticu
1232 1779 1417 1844 Diaconum
1433 1775 1503 1841 (lar-

380 1885 507 1951 dinalcs
524 1885 618 1952 vobis
634 1883 854 1950 concessimus
871 1883 1036 1951 auditores
1050 1907 1057 1969 ;
1075 1886 1108 1950 in
1124 1903 1259 1968 qnorum
1270 1885 1433 1969 siqnidem
1448 1902 1502 1951 vos

380 1993 566 2078 praesentia
591 1991 757 2058 constituti
773 1998 849 2076 post
874 1994 992 2060 multas
1010 1993 1263 2082 disceptationes
1280 1999 1312 2058 et
1336 1992 1501 2076 allegatio·

379 2120 436 2166 nes
460 2101 534 2166 hinc
559 2100 635 2165 inde
659 2099 782 2165 saniori
808 2100 858 2164 usi
883 2100 1019 2166 consilio
1044 2102 1153 2166 taliter
1177 2101 1394 2184 convenistis,
1421 2097 1502 2184 qnod

378 2217 527 2291 quartam
542 2215 670 2294 partem
687 2207 910 2274 decimationis
927 2213 959 2272 et
975 2209 1176 2275 oblationum
1200 2208 1340 2274 civitatis
1358 2229 1420 2274 vos
1437 2206 1501 2271 Ole-

379 2315 436 2379 rici
453 2316 516 2401 ipsi
526 2314 780 2400 Archiepiscopo
793 2315 1005 2397 constituetis,
1025 2321 1111 2399 ettu,
1128 2315 1228 2380 frater
1238 2314 1499 2399 Archiepiacope‚

379 2421 473 2487 dabis
490 2419 624 2487 Clericis
641 2422 827 2488 memoratis
846 2421 885 2487 de
901 2422 974 2506 ipsa
991 2430 1108 2505 quarta
1125 2429 1217 2507 parte
1229 2421 1456 2488 decimationis
1471 2428 1499 2487 et

376 2529 576 2595 oblationum
592 2548 651 2614 per
665 2537 756 2594 tuum
771 2537 1013 2615 procuratorem
1029 2530 1196 2596 aunuatim
1212 2529 1328 2613 viginti
1344 2549 1498 2617 perperos

376 2657 435 2722 pro
452 2637 751 2722 recompensatione
776 2636 1037 2723 supradictarum
1061 2637 1344 2724 procurationum,
1369 2644 1404 2701 et
1417 2635 1498 2720 qnod

376 2744 541 2812 residuum
557 2743 653 2810 fuerit
678 2745 718 2810 de
736 2745 808 2830 ipsa
823 2750 959 2829 quarta,
985 2746 1018 2810 in
1036 2761 1114 2811 usus
1129 2751 1203 2812 tuos
1213 2781 1223 2828 μ
1248 2751 1280 2810 et
1295 2743 1497 2812 commodum

375 2858 590 2920 convertatur.
616 2853 793 2918 Praeterea
808 2857 1007 2918 sextantum
1023 2850 1165 2939 prandia
1180 2851 1275 2918 dabis
1296 2852 1422 2918 eisdam
1439 2857 1497 2915 sta·

373 2959 450 3025 tutis
466 2958 696 3026 festivitatibus
713 2957 789 3024 anni
799 3010 807 3044 ,
834 2958 957 3025 scilicet
973 2959 1085 3024 Sancti
1103 2959 1234 3024 Domnii
1244 3009 1252 3042 ,
1278 2961 1495 3038 Pentecostes,

374 3067 406 3133 in
422 3067 650 3134 Trandationc
675 3068 769 3134 Beati
786 3068 936 3149 Domnii,
962 3068 1074 3134 Sancti
1090 3066 1277 3150 Anastasii‚
1303 3066 1496 3134 Sanctorum

374 3175 514 3243 Cosmae
530 3185 562 3242 et
572 3176 735 3258 Damiani,
752 3181 783 3241 ct
798 3175 910 3241 Sancti
921 3176 1100 3259 Vincentii3
1118 3175 1302 3261 potationes
1319 3173 1496 3242 Sabbatha-

372 3303 460 3368 rnm,
488 3289 520 3348 et
533 3282 638 3349 tribus
654 3281 920 3348 hebdomadariis
944 3282 1081 3366 singulis
1097 3281 1280 3349 Dominicis
1296 3281 1414 3348 dicbus
1429 3301 1495 3367 prc-

373 3392 566 3456 curationcs.
583 3387 634 3454 Ab
651 3389 811 3474 omnibus,
829 3397 861 3456 et
876 3391 952 3457 aliis
969 3391 1153 3474 adjutoriis,
1170 3409 1254 3474 quae
1270 3388 1403 3456 atotins
1424 3387 1496 3452 civi·

370 3498 448 3564 tatis
458 3497 591 3564 Olcricis
608 3497 718 3564 debito
734 3499 945 3584 expectatos,
961 3505 1028 3566 tam
1043 3519 1104 3584 pro
1120 3505 1162 3583 te,
1183 3518 1281 3582 quam
1294 3518 1353 3583 pro
1370 3515 1495 3564 succes-

371 3605 498 3672 soribus
522 3605 586 3669 tuis
611 3603 797 3688 praedictos
823 3603 967 3672 Olericos
1000 3612 1158 3691 perpetuo
1182 3603 1300 3672 reddas
1324 3605 1493 3672 immunes.

370 3709 475 3788 Quam
492 3710 602 3793 utique
626 3713 870 3780 conventionem
886 3712 1093 3780 amicabilem
1116 3711 1158 3778 dc
1173 3731 1312 3778 assensu
1337 3719 1370 3780 et
1385 3712 1493 3780 volun·

369 3825 438 3886 tata
453 3817 619 3902 utriusque
635 3819 739 3902 partis
755 3818 877 3886 iactam
886 3869 895 3903 ‚
923 3839 982 3888 uos
999 3824 1105 3886 ratam
1121 3821 1291 3899 habentes,
1308 3827 1340 3886 ct
1355 3820 1492 3900 firmam,

368 3925 653 3994 nonobstantibus
669 3926 798 4012 scriptis
815 3927 1022 4012 supradictis,
1034 3935 1036 3942 ’
1047 3926 1100 3994 vel
1115 3926 1190 3992 aliis
1206 3927 1241 3992 in
1256 3927 1493 4012 praejudicium

366 4035 728 4122 ipsiusArcbiepiscopi
742 4037 988 4122 apparentibus,
1008 4054 1082 4102 cam
1098 4035 1492 4121 auctoritatcApostolica

367 4145 613 4225 confirmamus,
640 4149 672 4208 ct
693 4143 875 4228 praesentis
901 4143 1015 4228 scripti
1039 4143 1220 4229 patrocinio
1246 4143 1490 4212 communimus.

367 4251 579 4318 Decernimue
595 4271 684 4334 ergo,
710 4257 744 4318 ut
758 4251 840 4318 nulli
855 4253 986 4320 omnino
1003 4251 1169 4320 hominum
1187 4250 1287 4318 liceat
1301 4252 1387 4318 hanc
1402 4252 1491 4336 pagi-

365 4379 442 4427 uam
457 4367 590 4426 nostrae
612 4359 866 4435 confirmationis
889 4359 1075 4444 infringere,
1101 4361 1153 4426 vel
1169 4358 1200 4424 ei
1216 4377 1299 4426 ausu
1315 4358 1490 4426 temerario

365 4467 535 4535 contraire.
554 4469 588 4535 Si
604 4468 676 4551 quis
687 4473 794 4536 autam
810 4469 872 4536 boc
887 4475 1081 4554 attemptare
1099 4467 1369 4555 praesumpserit,
1387 4469 1489 4552 indig·

364 4576 530 4642 nationem
546 4576 783 4662 Omnipotentis
803 4576 864 4642 Dei
889 4583 921 4642 et
936 4577 1108 4644 Beatorum
1133 4576 1223 4642 Petri
1247 4583 1278 4642 et
1294 4576 1391 4641 Pauli
1407 4577 1489 4659 Apo·
