3164 5192
895 948 970 1018 108.

369 1147 431 1214 III.
449 1145 592 1213 Kalamon
604 1151 696 1234 pcipe
716 1169 736 1208 a
754 1146 875 1232 jddrci
898 1157 982 1212 areat
1006 1147 1169 1232 praeponi
1196 1148 1333 1232 cpdtsdp
1359 1145 1495 1211 tirtolat

694 1252 931 1340 pdrtfopdedba
948 1256 1039 1319 ucszc'.
1063 1256 1159 1320 1189.

474 1449 623 1516 Clemens
648 1451 831 1536 Episcopus
857 1470 972 1518 seruus
992 1470 1159 1518 seruorum
1176 1450 1239 1516 Dei
1264 1449 1394 1516 dilectis
1421 1449 1495 1516 tiliis

365 1558 404 1625 G.
422 1551 543 1625 Abbati
559 1565 591 1624 et
606 1557 761 1626 fratribus
778 1561 916 1628 salutem
933 1567 965 1626 et
980 1561 1203 1647 Apostolieam
1223 1560 1494 1628 benedictionem.

368 1667 471 1736 Justis
488 1666 688 1755 pententium
705 1667 875 1734 desideriis
893 1669 1028 1754 dignum
1044 1675 1093 1736 est
1108 1689 1168 1735 nos
1188 1667 1317 1734 facilem
1334 1669 1494 1753 praebere

365 1796 559 1844 eonsensum
568 1828 578 1860 ,
596 1781 628 1842 et
643 1782 740 1859 vota,
766 1795 888 1858 quaea
911 1777 1046 1844 rationis
1063 1777 1192 1843 tramite
1216 1798 1281 1843 non
1305 1777 1496 1843 discordant

365 1883 481 1951 ellectu
497 1891 712 1968 prosequente
738 1883 910 1971 complere.
942 1886 1147 1972 llapropter,
1174 1885 1284 1950 dilecti
1300 1884 1335 1949 in
1351 1885 1496 1951 Domino

364 1990 432 2074 lilii,
449 1992 566 2058 vestris
578 1991 678 2074 justis
696 1993 969 2080 postulationibus
987 2003 1081 2080 grato
1098 1999 1324 2061 concurrentes
1342 2013 1493 2076 assensn,

364 2089 546 2165 Ecclesiam
562 2099 672 2166 Sancti
684 2101 817 2167 Martini
833 2121 905 2167 eum
922 2102 1072 2170 omnibus
1089 2101 1297 2189 pertinenciis
1314 2103 1382 2167 suis
1399 2121 1420 2166 a
1438 2122 1495 2187 pa-

363 2207 465 2273 tronis
482 2206 586 2292 ipsius
603 2207 780 2292 Ecclesiae,
798 2207 838 2272 de
856 2228 1014 2274 consensu
1031 2209 1193 2276 ladertini
1209 2207 1361 2294 Capituli,
1385 2229 1495 2274 monu-

365 2315 464 2379 sterio
481 2319 590 2380 vestro
607 2313 663 2400 pia
690 2315 864 2398 largitione
881 2336 1089 2399 concessam,
1117 2316 1163 2382 sic
1180 2325 1215 2382 ut
1232 2317 1337 2400 ipsam
1353 2316 1438 2382 iuste
1456 2337 1495 2382 ac

364 2423 434 2489 sine
450 2422 670 2488 controversia
687 2421 901 2506 possideatis,
929 2425 1041 2507 vobis,
1059 2431 1091 2490 et
1108 2443 1165 2509 per
1182 2445 1240 2490 vos
1257 2423 1363 2488 eidem
1384 2445 1495 2490 mona-

364 2529 462 2595 sterio
473 2529 666 2595 auctoritato
678 2530 871 2618 Apostoliea
885 2525 1124 2614 confirmamus,
1143 2537 1175 2596 et
1185 2532 1367 2616 praesentis
1379 2533 1495 2616 scripti

363 2637 543 2722 patrocinio
560 2641 803 2724 eourmunimus,
822 2647 1011 2726 statuentcS,
1029 2647 1063 2706 ut
1078 2641 1160 2706 nulli
1177 2641 1307 2706 omnino
1326 2639 1494 2706 hominum

364 2746 461 2812 liceat
477 2747 560 2812 hanc
576 2749 733 2833 paginam
758 2757 891 2815 nostrae
915 2747 1166 2815 confirmationis
1192 2747 1367 2832 infringere
1393 2749 1446 2814 vel
1464 2750 1495 2813 ei

364 2873 446 2920 ausu
462 2856 635 2921 temerario
652 2855 823 2922 contraire.
847 2857 879 2921 Si
898 2855 969 2939 quis
988 2861 1095 2921 autem
1112 2855 1172 2922 hoe
1188 2861 1384 2940 attemptare
1400 2877 1495 2940 prae-

364 2961 548 3048 sumpserit,
566 2961 825 3045 indignationem
838 2963 1079 3048 (lmnipotentis
1090 2963 1152 3027 Dei
1170 2968 1202 3028 et
1217 2962 1390 3028 Beatorum
1403 2964 1494 3028 Petri

364 3075 395 3136 et
410 3069 505 3135 Pauli
520 3071 750 3156 Apostolorum
767 3069 836 3134 eius
853 3089 889 3134 se
905 3069 1029 3135 noverit
1045 3067 1258 3134 incursurum.

470 3179 559 3244 Data
583 3178 737 3244 Laterani
762 3176 816 3242 lv.
834 3176 996 3243 kalendas
1020 3175 1119 3259 Julii,
1147 3174 1360 3242 Pontificatus
1387 3179 1495 3245 nostri

363 3307 448 3355 anno
468 3287 620 3355 secundo.

615 3486 730 3552 (Farlati
742 3487 880 3552 Illyricum
893 3485 1005 3536 Sacrum
1018 3483 1050 3538 V.
1063 3483 1119 3536 kat.
1139 3485 1182 3536 65.
1200 3483 1229 3551 l.)

797 3773 1055 3784 ,...-....--...-,-
