3164 5192
590 327 746 431 ...l-92-

109 523 194 606 qued
219 525 393 610 pecuniam
415 523 508 590 tratri
523 531 646 609 nestro,
672 524 795 592 dudum
812 546 832 592 a
848 525 978 595 domine
1002 529 1095 615 Papa
1111 529 1146 596 0.
1164 549 1236 598 cum
1254 547 1260 557 ·

107 633 256 700 omnibus
270 632 473 700 sanctoribus
490 631 557 698 suis
576 633 866 718 excommunicato,
889 634 1116 704 destinandam
1133 657 1244 726 penes·

105 759 139 807 sc
155 741 294 807 baberet
309 749 556 825 congregatam.
573 739 625 807 Ad
641 761 778 825 qnorum
795 743 1019 810 certitudinem
1031 754 1233 830 perserutan-

105 847 179 914 dam
196 869 271 916 enm
287 849 496 936 Principibus
513 851 634 918 nestris
651 850 694 916 ad
708 852 901 918 Vacicnsem
919 851 1102 921 Ecclesiam
1124 875 1234 924 acees-

105 959 205 1024 simus
216 1007 226 1041 ,
255 965 288 1024 et
304 959 347 1023 ab
363 957 510 1042 ejusdem
535 957 670 1026 ecclesie
687 957 862 1027 Genetricis
878 961 1040 1028 altissima
1065 963 1147 1030 bera
1170 963 1235 1032 diei

104 1086 175 1132 cnm
191 1066 407 1153 precessione
423 1066 635 1152 solempniter
651 1067 772 1154 recepti
788 1067 917 1134 luimus.
935 1069 1145 1137 Postmodum
1157 1092 1234 1137 vere

103 1174 269 1262 Episcopo
286 1180 319 1238 et
335 1171 509 1238 canonicis
525 1171 732 1258 convocatis,
749 1194 860 1240 coram
876 1175 1082 1262 Principibus
1102 1179 1233 1263 nestris,

104 1302 281 1366 cameram,
304 1281 338 1346 in
354 1299 419 1365 qua
434 1280 603 1347 dicebatur
619 1281 790 1348 thesaurus
806 1281 985 1350 infidelium
1001 1305 1073 1353 esse
1090 1287 1234 1354 recendi-

102 1397 163 1473 tus,
180 1387 306 1474 aperiri
323 1387 458 1473 pacifice
468 1387 652 1472 petivimus.
670 1387 742 1466 Quo
758 1389 908 1475 petitioni
924 1399 1034 1460 nostre
1046 1393 1232 1462 nullatenus

101 1496 349 1581 acquiescente,
377 1497 483 1580 major
497 1495 592 1562 uobis
609 1500 681 1562 enta
697 1501 747 1563 est
761 1497 916 1582 suspicio.
933 1498 1028 1566 Unde
1043 1519 1103 1568 nes
1125 1501 1233 1587 ipsum

101 1605 279 1691 diligenter
296 1601 553 1687 ammonuimus,
580 1611 615 1670 nt
630 1604 675 1670 ad
690 1604 922 1674 removendam
941 1627 962 1672 a
978 1627 1014 1673 sc
1029 1607 1231 1678 infidelitatis

100 1713 324 1800 suspicionem
351 1711 498 1779 camdem
513 1732 677 1780 eameram
693 1713 815 1801 aperiri
834 1713 974 1800 faceret,
1002 1717 1154 1800 quatinus
1171 1738 1231 1787 nes

100 1823 327 1908 experimento
343 1819 537 1904 videremus,
564 1821 593 1887 si
608 1821 750 1906 pecnnia
764 1822 943 1889 infidelium
962 1830 995 1888 et
1010 1823 1117 1890 littere
1132 1825 1219 1892 tradi

100 1930 197 1998 benis
214 1931 262 1998 ibi
281 1938 392 1998 essent
407 1931 585 1998 recondite.
602 1933 766 2016 Ipsevere
782 1951 848 1999 non
865 1933 970 1999 selum
987 1952 1150 2000 eameram
1166 1955 1231 2002 nen

100 2041 239 2125 aperuit,
257 2059 371 2105 verum
386 2037 486 2105 etiam
500 2039 638 2123 Regiam
647 2039 853 2124 hlajcstatem
868 2046 1015 2108 uestram
1031 2041 1141 2109 multis
1158 2062 1231 2110 eon-

101 2148 245 2214 tumeliis
262 2151 296 2212 et
311 2145 419 2212 verbis
435 2145 604 2231 probrosis
614 2147 814 2233 presumpsit
829 2147 1003 2232 lacessere,
1021 2148 1228 2232 usqueadeo,

100 2255 305 2340 quodetiam
329 2275 389 2322 nes
406 2256 569 2322 latreuem
585 2254 800 2340 vituperando
820 2255 959 2323 vocavit.
988 2255 1059 2334 Quo
1073 2256 1160 2325 facte
1178 2277 1228 2322 ea-

99 2383 221 2428 meram
238 2383 300 2449 per
315 2363 555 2430 thesaurarium
571 2364 694 2448 aperiri
710 2363 865 2447 lecimus,
892 2373 925 2431 et
941 2366 1103 2433 thesauris
1119 2366 1229 2431 Eccle-

100 2471 145 2536 sie
161 2468 341 2538 Canonicis
357 2471 566 2558 presentibus
581 2471 713 2538 intactis
733 2472 865 2539 omnine
881 2473 1022 2556 relictis,
1050 2473 1178 2539 litteras
1194 2473 1228 2539 in

99 2577 278 2662 perniciem
295 2587 441 2646 nestram
458 2579 659 2664 conscriptas
681 2577 751 2644 illie
765 2580 966 2647 invenientes
983 2581 1177 2667 accepimns,
1196 2588 1228 2646 et

99 2687 295 2771 perlatores
311 2687 511 2772 presentium
528 2688 621 2755 vebis
637 2687 876 2772 presentandas
889 2688 1046 2755 misimus.
1064 2687 1227 2772 Quicquid

99 2795 208 2878 itaque
224 2800 340 2860 eontra
355 2795 460 2862 Deum
476 2802 508 2862 et
524 2797 678 2863 honorem
695 2795 841 2861 Ecclesie
866 2794 952 2861 idem
968 2795 1150 2881 Episcopus
1166 2813 1226 2862 nos

100 2903 303 2969 commisisse
318 2903 413 2971 vobis
429 2904 557 2988 dixerit,
578 2925 643 2972 nen
659 2903 810 2970 credatis.
837 2900 1003 2990 E(lninns)
1020 2921 1148 2986 queque
1165 2901 1227 2966 fra

100 3016 147 3075 ter
162 3013 235 3096 ejus
253 3011 468 3079 Varadiensis
493 3013 600 3079 dietus
615 3011 819 3098 Episcopus,
847 3014 940 3096 cnjus
956 3009 1024 3076 vita
1040 3007 1227 3075 detestabili

100 3118 258 3186 relatione
284 3139 350 3188 nen
373 3119 516 3206 indiget,
545 3119 660 3186 videns
682 3139 742 3188 nes
758 3119 945 3186 Palatinum
964 3115 1140 3197 Comitem,
1167 3133 1226 3200 per

98 3243 193 3306 quem
210 3225 277 3312 ipsi
302 3227 427 3293 rabiem
444 3247 607 3294 armornm
632 3226 666 3292 in
681 3225 884 3292 eversionem
902 3229 1048 3290 nestram
1072 3220 1226 3286 incitave-

98 3337 179 3416 rant,
196 3340 334 3420 prepter
346 3334 583 3421 deprehensam
594 3335 664 3418 eJus
674 3331 910 3414 infidelitatem,
927 3327 1140 3414 dignitatibus
1158 3328 1226 3393 suis

101 3437 278 3524 denudare,
295 3447 328 3506 et
337 3441 530 3508 Michaclem
541 3439 698 3508 Comitem
708 3447 842 3527 prepter
852 3436 1061 3504 eminentiam
1081 3454 1139 3501 sne
1151 3435 1225 3501 fide

98 3545 199 3614 litatis
216 3549 323 3616 eidem
339 3569 399 3618 nos
415 3550 499 3616 velle
515 3550 704 3635 subrogare,
722 3547 764 3616 ad
779 3545 1046 3632 impedimentum
1062 3542 1224 3630 propositi

99 3658 200 3724 nestri
226 3659 377 3726 eumdem
393 3659 585 3726 Michaelem
601 3659 760 3726 Comitem
783 3655 987 3724 denuntiavit
1010 3651 1226 3722 excommnni-

99 3769 225 3850 catum;
242 3766 415 3852 imponens
432 3765 473 3849 ei,
489 3785 553 3848 qno
568 3764 740 3849 quemdam
756 3763 919 3846 clericum,
943 3768 978 3828 ut
993 3761 1065 3847 ipse
1081 3759 1222 3842 dicebat,

99 3868 354 3958 incarcerasset;
371 3872 426 3957 qui
442 3879 552 3938 tamen
567 3893 628 3938 nec
643 3872 677 3938 in
694 3889 754 3938 sna
770 3870 937 3956 parochia,
962 3867 1020 3934 sed
1036 3887 1057 3931 a
1072 3873 1224 3952 portana-

102 3975 157 4043 riis
182 3999 257 4046 enm
282 3981 399 4048 litteris
425 3981 644 4065 predictorum
670 3983 785 4064 eaptus
805 3984 838 4043 et
862 3978 1082 4043 incarceratus
1107 3974 1227 4039 iuerat.

99 4083 166 4151 Nee
180 4087 269 4154 idem
285 4087 401 4156 Comes
418 4107 496 4156 suns
512 4087 757 4172 parrochianus,
773 4103 834 4151 nee
851 4085 978 4165 citatus,
996 4099 1056 4146 nec
1072 4079 1227 4146 ammoni-

98 4198 160 4276 tus,
176 4215 238 4262 nec
253 4196 422 4264 confessus
438 4196 600 4262 extiterat.
618 4196 709 4262 Licet
726 4202 835 4262 autem
846 4194 907 4258 bec
923 4197 955 4256 et
971 4187 1038 4254 alia
1060 4188 1148 4252 mala
1163 4204 1227 4250 ma-

64 4321 67 4336 ·
102 4304 217 4372 niieste
231 4305 329 4373 nobis
343 4303 513 4371 intulerint
524 4356 534 4389 ,
558 4304 634 4372 lieet
649 4303 859 4370 infidelitates
882 4317 1011 4379 eornm,
1039 4294 1227 4377 seditiones,

100 4415 352 4498 persecutiones,
377 4415 555 4498 perplexas
571 4419 604 4479 et
619 4413 789 4480 intricatas
804 4412 951 4496 ipsorum
975 4404 1157 4471 simultates
1174 4421 1227 4468 ex·

101 4523 280 4603 perimente
296 4522 493 4606 noverimus,
509 4521 586 4588 licet
602 4539 720 4589 uerene
735 4525 846 4588 nostre
865 4513 1045 4602 perieulum
1057 4518 1090 4579 ct
1103 4527 1227 4576 causas

103 4625 237 4698 haterni
252 4629 343 4696 exilii
352 4678 362 4715 ,
391 4629 497 4698 civilis
514 4628 614 4696 etiam
629 4629 708 4698 bclli
724 4632 756 4694 ct
771 4624 865 4694 effusi
882 4617 1052 4709 sanguinis
1079 4635 1135 4686 ees
1151 4635 1227 4703 epe·
