3202 5190
833 319 986 421 gea

345 521 514 590 scretionis
530 519 678 602 alteram,
695 507 856 601 reliquam
872 517 1053 601 potestatis,
1078 521 1113 580 nt
1128 533 1200 580 cum
1217 516 1412 582 discreveris
1426 514 1470 578 in·

347 637 398 696 ter
413 629 533 696 bonurn
544 633 576 694 et
591 626 723 710 malum,
741 626 847 692 lucem
857 633 889 692 et
904 625 1068 708 tenebras,
1085 629 1233 690 sanmuro
1243 629 1276 690 et
1289 621 1471 710 profanum,

345 737 554 804 commissum
567 735 628 801 tibi
645 733 849 801 materialem
874 731 1020 818 gladium
1036 731 1079 798 ad
1094 730 1271 800 vindictam
1287 730 1471 798 malefacto-

346 863 428 929 rum,
454 843 488 910 in
513 842 643 910 laudem
658 859 736 908 vero
762 842 918 908 bonorum
943 858 1116 924 exerceas,
1143 845 1175 905 et
1199 860 1292 906 arma
1310 845 1426 906 eontra
1439 838 1472 904 il·

346 951 397 1020 los
421 949 649 1037 apprehendas
667 953 701 1014 et
716 955 854 1031 scutum,
880 947 935 1032 qni
952 967 1016 1014 non
1032 955 1209 1032 posuerunt
1226 949 1331 1014 Deum
1349 946 1472 1032 adjuto·
1580 933 1584 942 ’

346 1075 415 1123 rem
432 1056 506 1141 sibi,
524 1055 630 1124 sedin
646 1055 775 1122 feritate
790 1073 851 1120 sua
867 1061 900 1120 et
915 1053 1119 1120 mudtitudinc
1135 1053 1341 1138 confidentes,
1369 1055 1472 1120 nitun-

346 1170 398 1230 tur
423 1169 537 1232 oontra
552 1161 718 1230 stimulum
743 1161 925 1228 oaleilrare.
951 1162 1119 1228 Monemus
1144 1163 1243 1247 igitur
1259 1162 1474 1230 serenitatem

344 1268 483 1354 Regiam
499 1275 533 1335 et
548 1269 715 1336 hortamur
731 1269 906 1352 attentius,
932 1273 964 1334 et
979 1287 1037 1356 per
1060 1270 1250 1356 Apostolica
1273 1270 1334 1336 tibi
1350 1269 1475 1354 scripta

346 1376 559 1458 mandamus,
586 1383 746 1460 quatenus
763 1375 877 1442 eodem
893 1375 1015 1442 vexillo
1030 1375 1064 1441 in
1080 1376 1263 1442 humilitate
1278 1377 1385 1444 cordis
1406 1386 1475 1444 uta-

346 1482 402 1568 ris,
419 1489 453 1548 et
467 1482 551 1548 inter
566 1481 653 1547 acies
664 1481 800 1546 bellicas
817 1499 940 1548 memor
951 1483 1142 1550 DomInicae
1151 1484 1320 1551 Passionis
1337 1486 1474 1568 existas,

345 1591 483 1675 ejusque
507 1589 732 1674 magisterium
755 1609 988 1674 recognoscas,
1015 1591 1067 1656 cui
1089 1592 1248 1658 Dominus
1273 1592 1345 1679 ipse
1371 1593 1474 1659 dixit:

347 1697 417 1784 „un
440 1715 476 1762 es
492 1696 629 1780 Petrus,
656 1703 689 1762 et
711 1715 810 1781 super
831 1697 917 1764 hane
940 1705 1068 1783 petram
1094 1698 1273 1767 aedificabo
1290 1701 1475 1768 Ecclesiam

345 1823 471 1888 meam,
498 1811 531 1870 et
546 1807 662 1888 portae
678 1801 775 1868 inferi
799 1823 864 1870 non
886 1806 1123 1888 praevalebunt
1146 1807 1304 1874 adversus
1320 1827 1415 1894 eam;
1444 1814 1476 1873 et

345 1909 405 1978 tibi
432 1910 518 1978 dabo
544 1911 654 1976 claves
669 1911 774 1994 Regni
800 1911 982 1978 coelorum“
1010 1911 1137 2001 (Matth.
1154 1914 1289 2002 XVIII.)
1317 1917 1372 1981 Sic
1388 1918 1475 1982 enim

345 2015 468 2082 inimici
483 2015 531 2083 tui
546 2037 611 2084 non
627 2016 732 2083 solum
749 2023 861 2084 contra
876 2027 909 2086 te
926 2021 1118 2104 praevalere
1135 2041 1199 2088 non
1215 2028 1384 2110 poterunt,
1417 2023 1476 2088 sed

346 2131 422 2192 aute
436 2123 554 2190 faciem
569 2130 660 2193 tuam
676 2124 774 2191 dante
790 2127 931 2194 Domino
947 2148 1011 2194 non
1027 2129 1217 2196 subsistent.

490 2321 593 2388 (MIgne
607 2337 632 2374 u.
643 2339 667 2376 o.
682 2323 715 2372 11.
731 2323 786 2372 kct.
802 2325 863 2374 295.
877 2325 911 2386 1.;
932 2324 1048 2404 'Iheiner
1062 2341 1086 2376 ιι.
1098 2344 1122 2375 ο.
1133 2325 1153 2374 Ι.
1170 2327 1224 2377 lut.
1238 2329 1280 2378 33.
1295 2328 1324 2394 l.)

873 3125 948 3194 181.

344 3317 530 3384 Jocnnitiuo
545 3342 567 3383 a
582 3319 731 3407 bolqdrok
747 3324 1005 3410 urnllccddjduak
1023 3325 1124 3408 levale,
1140 3328 1282 3414 mclylyel
1297 3331 1361 3394 III.
1381 3333 1473 3395 lucas

342 3426 496 3509 popcoak
504 3429 641 3512 jeleuti,
661 3429 741 3515 dogy
757 3431 819 3495 Leo
834 3430 1029 3498 biboraoktdl
1044 3456 1065 3496 a
1083 3434 1215 3498 korondt
1230 3441 1349 3500 dtucttc.
1372 3440 1471 3502 1204.

452 3619 680 3706 GaloJoannes,
697 3623 875 3691 Rextotius
885 3626 1063 3711 Bulgariae
1078 3629 1285 3714 etBlachiae,
1307 3633 1349 3698 ad
1366 3635 1470 3701 aDeo

343 3736 526 3810 promotum
543 3735 576 3793 et
591 3729 836 3798 sanctissimum
853 3743 885 3801 et
901 3736 934 3801 in
951 3734 1078 3804 Christo
1104 3738 1257 3807 dilectum
1274 3748 1306 3808 et
1321 3743 1471 3810 honorili-

344 3833 566 3902 centirsimum
581 3845 707 3923 patrem
717 3841 822 3926 Regni
838 3843 911 3927 mei,
927 3845 1057 3910 tertium
1073 3848 1294 3914 Innocentium
1314 3859 1347 3916 et
1363 3871 1470 3917 sacer-

343 3939 459 4008 rimum
470 3945 594 4030 Papam
611 3949 734 4015 Romae
751 3957 784 4016 et
800 3972 1020 4020 successorem
1037 3957 1193 4043 principis
1206 3957 1357 4044 Apostoli
1369 3963 1467 4030 Petri.

342 4048 485 4133 Legatue
500 4052 708 4138 Apostolicae
728 4059 841 4142 Sedis,
865 4060 1015 4128 dominus
1041 4065 1107 4131 Leo
1124 4063 1319 4151 cardinalis,
1343 4069 1468 4136 Sancti-

343 4156 420 4221 tatis
435 4162 513 4224 tuae
529 4161 683 4248 scriptum
699 4183 770 4230 meo
787 4165 889 4231 obtuli
904 4168 1065 4254 Imperio;
1092 4170 1265 4238 addiscens
1282 4195 1411 4260 quoqne
1428 4179 1467 4245 de

341 4260 412 4344 ejus
422 4265 564 4332 sanitate
574 4275 606 4334 et
621 4268 853 4355 incolumitate,
868 4273 1091 4361 Omnipotenti
1108 4279 1178 4346 Deo
1191 4287 1224 4346 et
1234 4279 1466 4354 Sanctissimae

340 4369 439 4436 Matri
454 4392 534 4442 suae
551 4377 740 4460 glorificavi.
767 4380 808 4444 ut
823 4381 957 4466 utinam,
979 4384 1066 4467 quod
1082 4389 1237 4472 scriptum
1253 4389 1388 4479 Imperii
1405 4398 1467 4462 mei

340 4473 486 4544 inveniat
501 4480 713 4551 Sanctitatem
738 4493 827 4552 tuam
852 4489 1013 4557 viventem
1038 4499 1072 4558 et
1087 4494 1259 4579 degentem
1285 4505 1464 4569 cumomni

340 4583 464 4664 gaudio
481 4595 513 4654 et
528 4589 711 4676 hilaritate;
738 4601 771 4660 et
786 4597 957 4680 Imperium
976 4619 1082 4668 meum
1092 4653 1101 4686 ,
1128 4625 1185 4691 per
1201 4609 1341 4688 gratiam
1360 4609 1465 4677 Omni-
