3164 5192
622 965 696 1035 134.

85 1167 223 1255 Gerpaly
235 1167 571 1234 didkonbibouuoknok
582 1167 674 1234 leucio
685 1192 705 1233 a
716 1166 1041 1254 spolatoipapociptoz
1051 1169 1082 1232 6⁸
1092 1169 1217 1256 neptes,

83 1277 223 1363 molybas
239 1301 278 1342 uz
289 1282 326 1364 aij
341 1277 455 1343 lcoiuui
466 1275 594 1362 pitspb'lc
609 1275 909 1342 szdmdruuzoknnk
925 1276 1087 1368 scopitmpct
1102 1275 1216 1343 leikain.

603 1385 700 1450 1199.

191 1579 376 1664 Gregorius
392 1581 433 1646 de
444 1579 563 1648 Sancto
574 1575 733 1666 Apostolo
744 1581 806 1646 Dei
823 1579 931 1664 gratia
944 1582 1083 1647 Sanctae
1092 1581 1216 1647 Mariae

80 1689 112 1752 in
130 1688 270 1755 Portiou
287 1689 454 1754 Diaconos
481 1687 666 1754 Cardinalis
692 1687 871 1754 carissimis
897 1687 1123 1770 ammissum,
1149 1687 1217 1753 uni-

82 1817 176 1863 verso
195 1797 299 1876 clero,
317 1800 349 1860 ct
365 1797 488 1880 populo
503 1795 689 1880 Spalatcnsi
710 1797 850 1862 salutem
866 1794 899 1859 in
916 1814 975 1876 eo,
1001 1793 1057 1877 qui
1073 1800 1122 1859 cst
1137 1813 1215 1860 vera

82 1907 186 1972 salus.
216 1902 434 1968 Universitati
458 1907 586 1967 vestrae
602 1903 791 1985 sunctum,
817 1901 904 1988 quod
919 1921 979 1967 nos
995 1901 1215 1967 venerabilem

81 2013 217 2079 fratrem
237 2017 382 2076 nostrum
400 2013 442 2076 Μ.
460 2011 637 2077 Fanensem
648 2011 846 2097 Episcopum
862 2010 1002 2094 benigno
1021 2011 1213 2096 recepimus,

82 2128 113 2187 et
129 2121 164 2185 in
183 2121 240 2202 iis,
267 2139 350 2203 quae
368 2119 432 2186 sibi
448 2119 597 2186 novimus
614 2119 788 2204 expedire,
815 2124 970 2203 quantum
987 2136 1059 2182 cum
1073 2119 1144 2184 Deo
1160 2139 1214 2203 po·

83 2228 217 2311 tuimus,
239 2226 396 2292 auxilium
414 2227 443 2293 ei
454 2227 671 2313 impendimus
681 2233 712 2292 et
723 2227 878 2294 savorem.
895 2227 1014 2292 Verum
1024 2225 1100 2312 quia
1109 2225 1213 2311 ipsius

81 2335 249 2419 promotio
275 2336 430 2402 honorem
455 2341 598 2402 vestrum
623 2333 751 2400 videtur
770 2333 933 2419 respicere
959 2352 997 2398 ac
1023 2331 1212 2418 profectum,

81 2442 332 2508 universitatem
348 2448 492 2509 vestram
509 2461 682 2510 exoramus
699 2441 865 2525 attentius,
882 2439 1079 2507 consulimus
1094 2447 1128 2507 ct
1141 2439 1212 2506 hor-

81 2556 208 2633 tamur,
241 2553 276 2614 ut
292 2548 501 2617 obstcnsione
512 2549 596 2634 juris
612 2550 663 2616 sui
672 2600 680 2633 ,
708 2551 779 2634 ejus
797 2547 1017 2614 defensionem
1037 2545 1212 2613 efficaciter

82 2655 260 2740 adjuvetis.
279 2652 449 2723 Credimus
462 2657 558 2740 enim,
576 2661 786 2742 ctsperamus
802 2654 833 2720 in
851 2655 1001 2738 Domino,
1020 2652 1145 2738 quodsi
1160 2673 1211 2738 aa,

83 2782 166 2845 quae
191 2762 230 2827 in
246 2762 363 2827 litteris
389 2762 579 2848 apostolicis
604 2761 825 2844 continentur,
852 2758 1047 2827 sufficienter
1072 2759 1211 2846 probata

80 2867 223 2951 fucrint;
252 2867 338 2950 quod
353 2869 386 2934 in
414 2868 499 2935 dicto
516 2869 679 2954 Episcopo
695 2868 756 2933 suit
779 2888 837 2953 per
854 2865 1081 2952 spalatensem
1104 2867 1211 2932 Eccle-

81 2975 162 3040 siam
176 2976 400 3060 constitutum,
418 2981 565 3061 optatum
576 2975 681 3058 finem,
698 2981 730 3040 ct
743 2973 897 3056 debitum,
918 2977 1050 3039 auctore
1061 2972 1209 3056 Domino,

81 3089 307 3167 consequetur.

344 3243 461 3306 (Parlati
474 3242 612 3309 illyricum
626 3243 738 3294 Sacrum
751 3243 798 3294 IV.
809 3242 836 3294 k.
851 3242 911 3292 nte.
922 3239 952 3306 l.)

518 3523 779 3536 *unum

612 3988 687 4058 135.

143 4169 317 4234 Beuekueo
333 4169 465 4254 Rupusa
482 4170 513 4234 es
529 4165 662 4234 Ancona
679 4169 798 4255 tangeri
814 4169 944 4234 udrosok
959 4167 1035 4231 kozt.
1056 4167 1152 4234 1199.

191 4363 229 4428 In
244 4363 375 4430 nomine
391 4363 499 4430 Patris
516 4368 546 4429 et
562 4363 637 4429 Filii
653 4369 684 4429 et
699 4363 838 4448 Spiritus
854 4362 965 4429 Sancti
981 4361 1096 4428 Amen.
1117 4361 1206 4426 Haec

85 4477 157 4535 sunt
173 4469 321 4554 capitula
335 4470 428 4555 pacis
445 4471 645 4557 compositae
661 4476 692 4536 et
709 4469 951 4555 componendae
976 4475 1008 4535 et
1027 4467 1205 4535 firmandae

83 4577 162 4642 intcr
179 4577 304 4642 Bonum
314 4577 476 4643 Batonem
488 4578 688 4645 Potestatem
701 4577 864 4660 Anconae,
882 4581 913 4642 et
926 4576 1100 4644 Girardum
1115 4574 1205 4642 Juni-

87 4703 152 4749 oem
169 4703 229 4770 pro
246 4680 415 4750 Communi
432 4681 587 4752 Anconae
610 4705 651 4751 ex
666 4704 731 4752 una
747 4689 857 4771 parte;
884 4689 915 4752 et
930 4681 1113 4752 Kalendum
1129 4703 1204 4751 nnn-
