3164 5192
571 325 728 428 Ant.

62 535 167 613 tegre
187 535 422 595 conseruentur
433 577 441 610 ,
473 545 584 594 eorum
600 545 659 613 pro
675 545 809 610 quorum
835 527 1071 612 gubernatione
1092 547 1130 593 ac
1146 547 1213 594 sns-

62 639 263 704 tentatione
279 655 436 704 ooncessa
452 645 537 720 sunt,
562 636 675 702 usibus
691 637 885 703 omnimodis
902 637 1082 722 profutura.
1111 637 1214 704 Salua

64 743 172 811 Sedis
191 745 386 831 Apostolioe
401 743 606 812 auctoritate.
623 742 675 808 Ad
684 742 839 810 indicium
860 753 968 810 autem
985 744 1080 812 huius
1097 767 1118 810 a
1129 743 1214 811 Sede

65 854 277 938 Apostolica
287 861 441 941 percepte
452 853 628 937 libertatis,
650 873 747 918 unam
760 853 1213 922 unciamaurinobisnostris·

65 981 134 1046 que
152 963 406 1030 successoribus
430 962 525 1029 annis
542 961 681 1045 singulis
697 961 901 1047 persoluetis.
929 962 964 1028 Si
981 983 1043 1047 que
1063 963 1163 1048 igitur
1179 963 1213 1029 in

67 1069 489 1154 emmeramensem,
515 1069 715 1136 secularisue
730 1089 891 1156 persona,
916 1093 977 1138 ane
994 1070 1080 1160 (tgy)
1104 1081 1214 1140 nostre

68 1181 325 1248 constitutionis
335 1180 494 1268 paginam
506 1181 621 1264 sciens,
640 1185 751 1245 eontra
766 1198 840 1246 eam
850 1185 970 1246 temere
984 1182 1095 1248 uenire
1111 1187 1210 1266 ternp-

67 1288 225 1372 tenerit,
251 1288 393 1355 secundo
409 1287 547 1354 tertioue
567 1286 761 1355 commonitu
771 1337 780 1370 ,
807 1287 871 1352 nisi
887 1296 1013 1355 reatum
1033 1309 1125 1356 suum
1141 1309 1214 1356 oon·

68 1417 158 1481 grna
176 1396 409 1464 satisfactione
425 1393 611 1476 eorrexerit,
635 1393 808 1478 potestatis
823 1395 1018 1479 honorisque
1039 1396 1090 1462 sui
1111 1397 1213 1481 digui-

74 1509 148 1570 tate
166 1511 295 1590 eareat,
314 1523 467 1589 reamque
483 1522 519 1568 se
535 1501 655 1569 Diuino
673 1501 791 1569 iudicio
808 1503 948 1569 existere
964 1504 1005 1570 de
1027 1510 1215 1588 perpetrata

73 1613 261 1697 iniquitate
277 1619 454 1699 cognoscat
464 1662 472 1695 ,
498 1618 531 1678 et
547 1632 568 1676 a
584 1609 814 1677 Sauratissimo
840 1631 975 1696 corpore
992 1632 1031 1677 ac
1057 1614 1215 1696 sanguine

6 1767 8 1782 .
72 1723 139 1788 Dei
157 1729 194 1788 et
213 1722 346 1789 Domini
361 1721 590 1808 Redemptoris
605 1721 708 1788 nostri
724 1719 803 1786 Jesu
821 1717 942 1786 Christi
959 1719 1152 1801 alienafiat,
1169 1725 1214 1784 at-

75 1851 141 1914 que
157 1831 196 1898 in
225 1833 370 1897 extremo
394 1829 545 1896 examine
569 1827 714 1895 districte
738 1827 852 1895 ultioni
878 1827 1056 1893 subiaceat.
1083 1823 1214 1893 Cunctis

77 1947 206 2024 autem,
226 1941 331 2007 eidem
346 1941 418 2008 loco
435 1959 496 2006 sua
511 1939 584 2004 iura
599 1937 803 2004 sernentibus
820 1937 862 2002 sit
877 1957 943 2022 pax
959 1935 1091 2002 Domini
1111 1935 1213 2002 nostri

76 2047 157 2115 Jesu
165 2047 303 2132 Christi,
310 2053 470 2132 quatenus
481 2052 513 2112 et
523 2047 575 2112 bic
584 2045 723 2112 fructum
734 2045 818 2112 bone
829 2046 967 2112 actionis
977 2043 1169 2130 percipiant,
1182 2049 1214 2108 et

80 2159 172 2246 apud
183 2159 371 2224 districtum
381 2155 530 2223 Judicem
541 2153 666 2240 premia
676 2159 786 2220 eterne
796 2154 887 2240 pacis
904 2155 1082 2220 inueniant.
1099 2153 1212 2218 Amen.

191 2265 216 2338 †
232 2265 303 2350 Ego
319 2267 435 2330 Petrus
451 2262 493 2329 de
507 2261 598 2329 Bono
609 2262 786 2348 Presbyter
798 2259 984 2328 Oardmalis
995 2260 1079 2326 tituli
1095 2261 1214 2326 Sancte

318 2371 468 2438 Susanna
488 2388 533 2437 ss.

192 2483 217 2560 †
233 2481 304 2567 Ego
316 2481 667 2566 LaboransPresbyter
677 2478 862 2546 Cardinulis
871 2480 989 2546 Sancte
1004 2478 1107 2546 Maris
1123 2482 1215 2542 trans

318 2589 464 2656 Tiberim
479 2589 565 2654 tituli
583 2587 704 2656 Oulixti
720 2609 763 2655 ss.

193 2697 305 2781 tEgo
321 2697 502 2764 Pandulfus
525 2699 703 2783 Presbyter
727 2696 912 2763 cardinalis
935 2695 1128 2762 Basiliensis
1151 2693 1214 2758 ΧΠ

318 2804 548 2891 Apostolorum
565 2826 608 2872 ss.

193 2915 303 2999 tEgo
320 2915 435 2983 Melior
460 2915 633 3000 Presbyter
659 2913 842 2982 Cardinalis
859 2913 1051 2981 Sanctorum
1076 2913 1214 2980 Joannis

320 3032 353 3091 et
367 3025 461 3091 Pauli
478 3025 563 3090 tituli
579 3023 744 3110 Pamaohij
763 3045 806 3090 ss.

195 3133 217 3210 †
232 3134 304 3217 Ego
320 3129 504 3199 Adelardus
520 3133 606 3200 tituli
623 3133 733 3200 Sancti
750 3133 898 3200 Marcelli
914 3132 1088 3217 Presbyter
1103 3128 1214 3196 Cardi-

319 3242 404 3309 nulis
420 3261 464 3308 ss.

528 3346 774 3435 (renarrem)
1128 3421 1137 3434 .

196 3461 217 3538 †
233 3459 314 3543 Ego
329 3455 1153 3542 UrbanusCatholioeEcclesicEpiscopus
1170 3473 1214 3518 ss.

196 3568 217 3644 †
234 3568 305 3651 Ego
320 3567 479 3632 Henricus
494 3564 694 3631 Albanensis
713 3565 896 3650 Episcopus
912 3583 956 3630 ss.

196 3676 216 3752 †
232 3675 304 3760 Ego
320 3675 442 3740 Paulus
457 3674 666 3740 Prenustinus
689 3673 870 3759 Episcopus
886 3673 931 3739 ss.

196 3783 217 3859 †
233 3783 304 3866 Ego
319 3781 468 3848 Jaciutus
477 3783 596 3848 Sancte
606 3781 709 3848 Mario
718 3780 752 3846 in
768 3779 1127 3866 OosmedynDiecouus
1140 3780 1214 3846 Our-

319 3889 439 3957 dinalis
456 3909 499 3956 ss.

196 3997 483 4083 †EgoGratienus
490 3994 1165 4066 GosmeetDamianiDiaconusCardinalis
1172 4015 1215 4062 ss.

197 4109 304 4194 †Rgo
320 4109 487 4176 Rotundus
503 4111 623 4176 Sancte
638 4109 741 4176 Marie
756 4109 790 4174 in
806 4108 936 4176 Porticu
958 4108 1125 4173 Diaconus
1141 4102 1216 4170 Car·

319 4216 438 4283 dinalis
455 4236 498 4282 ss.

199 4324 304 4409 †Ego
320 4325 434 4391 Petrus
455 4326 565 4392 Sancti
585 4325 746 4410 Nioholay
763 4327 795 4392 in
816 4325 954 4392 Caruere
975 4322 1120 4390 Tulliani
1139 4323 1214 4389 Dia·

320 4453 420 4501 conus
437 4433 621 4502 cardinalis
643 4455 686 4503 ss.

197 4541 217 4618 †
234 4541 305 4626 Ego
320 4542 481 4609 Radulfus
498 4543 608 4611 Sancti
624 4542 757 4628 Georgij
783 4542 827 4608 ud
842 4541 955 4610 Velnm
972 4541 1114 4610 Aureum
1139 4541 1214 4610 Dia·

320 4669 421 4718 conus
437 4648 620 4720 Gurdinelis
642 4671 685 4718 ss.
