3164 5192
587 315 749 423 „aa

102 515 295 585 beneficium
311 517 463 603 assecuti,
484 522 517 584 et
532 517 619 602 qnod
634 517 779 598 universi
799 517 940 585 Comites
957 523 989 584 et
1005 517 1068 586 duo
1085 515 1228 586 Barones

102 627 143 692 ad
159 626 429 694 satisfaciendum
441 627 538 711 juxta
555 627 745 694 mandatum
761 636 923 712 nostrum,
947 647 1044 714 super
1060 648 1117 713 co,
1142 629 1230 713 quod

101 734 190 820 apud
200 734 356 801 Jaderam
372 715 573 802 sententiam
585 735 932 802 excommunicationis
947 735 1161 817 incurrerant,
1171 755 1230 822 per

101 845 252 926 patentes
261 841 389 908 litteras
399 861 435 907 se
446 862 486 908 ac
498 861 574 910 snos
591 841 819 927 obligaverant
830 859 1043 927 successores,
1055 843 1227 926 inlitteris,

101 968 183 1032 quas
200 949 282 1035 ipsis
298 949 500 1034 remisimus,
528 945 712 1016 notavimus
728 949 790 1018 hoc
805 969 970 1036 expresse,
996 955 1031 1016 ut
1047 950 1156 1017 nullus
1178 971 1228 1018 eo-

101 1076 171 1122 rum
189 1057 254 1122 sibi
269 1063 392 1124 temere
401 1057 613 1142 blandiretur,
631 1057 849 1142 quodterram
860 1059 1057 1127 Graecorum
1068 1078 1229 1146 occupare

101 1165 165 1230 sibi
181 1166 235 1231 vel
252 1165 406 1252 praedari
422 1165 544 1250 liceret,
561 1172 718 1251 tanqmm
736 1167 842 1232 minus
858 1165 1068 1253 Apostolicae
1084 1165 1162 1233 Sodi
1177 1167 1229 1234 de·

100 1280 222 1358 rotam,
239 1279 271 1339 et
282 1272 371 1355 quod
381 1269 959 1358 ImperatorConstantinopolitanae,
970 1273 1119 1358 deposito
1129 1273 1229 1341 fratrc

98 1399 158 1446 sno
176 1385 210 1446 et
224 1380 323 1448 etiam
338 1389 536 1464 excaecato,
552 1379 727 1466 Imperium
742 1385 925 1466 usurparat,
943 1399 1015 1446 cum
1036 1401 1147 1448 eornm
1163 1403 1228 1450 non

98 1487 239 1552 easetde
249 1487 395 1573 ipsorum
406 1487 554 1572 judicare
565 1488 703 1573 delictis,
714 1509 773 1554 nec
784 1489 827 1553 ad
837 1489 898 1555 hoc
908 1487 1012 1554 crucis
1023 1489 1226 1574 signaculum

97 1595 366 1682 assumpsissent,
392 1596 618 1662 inhibitionem
642 1616 768 1680 quoque
785 1596 1019 1682 praemissam,
1044 1596 1227 1683 quaeipsis

97 1703 159 1768 sub
175 1703 440 1770 interminatione
465 1703 683 1770 anathematis
700 1702 789 1768 lacta
811 1709 881 1768 erat
891 1753 899 1786 ,
928 1721 984 1768 cos
1000 1703 1228 1769 mandavimus

98 1810 287 1877 memoriter
306 1811 455 1878 retinere.
476 1812 567 1878 Licet
581 1811 681 1896 igitur
696 1817 893 1896 optaremus,
919 1815 954 1876 ut
969 1827 1027 1895 per
1040 1809 1180 1877 studium
1197 1819 1229 1877 et

102 1917 1072 2004 sollieitudinemeorumdemConstantinopolitanallcclesia
1082 1917 1229 1986 addcvo·

99 2029 224 2095 tionem
241 2026 412 2093 Ecclesiae
423 2029 591 2095 Romanae
607 2027 736 2110 rediret,
753 2025 947 2111 quiatamen
959 2046 1014 2094 eos
1024 2025 1229 2094 circumveni·

98 2156 134 2204 re
144 2155 206 2203 nec
220 2135 381 2222 volumus,
397 2156 458 2204 nec
471 2137 636 2222 dehemus,
654 2155 802 2203 veremur
818 2155 875 2203 eos
892 2135 998 2202 denuo
1014 2135 1227 2203 excommuni·

96 2245 240 2312 cationis
255 2245 450 2312 sententiam
466 2246 652 2331 incurrisse,
663 2244 835 2328 multisque
844 2244 980 2330 videtur,
992 2243 1079 2329 quod
1098 2250 1226 2311 creatu

96 2352 237 2439 perjurii
252 2353 439 2420 nullatenus
455 2355 521 2420 sint
536 2355 704 2438 immunes,
729 2352 816 2438 quod
832 2357 944 2419 eontra
959 2351 994 2418 id
1009 2352 1121 2418 venire
1135 2370 1226 2437 prae,-

96 2460 309 2546 sumpscrint,
334 2463 421 2547 qnod
438 2461 487 2530 eis
503 2462 700 2547 prohibitum
716 2460 821 2527 inerat
840 2461 900 2526 snb
916 2459 1027 2529 debito
1038 2461 1225 2544 Juramcnti.

97 2569 188 2647 Quia
202 2589 281 2636 vero
297 2570 442 2654 ipsorum
458 2571 574 2636 salutis
585 2571 835 2638 sollicitudinem
858 2570 999 2654 gerimus
1016 2569 1225 2655 pastoralem,

96 2696 268 2743 monemus
277 2677 512 2746 fraternitatem
523 2685 675 2764 vestram,
686 2684 719 2744 et
728 2697 787 2764 per
796 2677 989 2765 Apostolioa
999 2677 1092 2745 vobis
1103 2677 1226 2763 scripta

97 2786 306 2872 mandamns,
322 2793 482 2870 quatenus
497 2787 627 2854 instetis
642 2787 774 2856 monitis
790 2793 822 2853 et
836 2786 1118 2856 exhortationibus
1134 2784 1223 2871 apud

97 2915 166 2980 cos,
184 2901 220 2960 ut
236 2914 295 2982 per
310 2895 439 2979 legatos
454 2901 582 2964 nostros
591 2947 601 2981 ,
627 2895 680 2962 vel
697 2915 807 2963 eorum
825 2895 971 2980 alterum,
996 2897 1049 2961 vel
1064 2897 1165 2961 alium
1181 2894 1226 2960 vi·

95 3023 169 3069 rnm
186 3003 372 3088 discretum,
400 3023 497 3087 quem
513 3009 647 3088 uterque
663 3003 716 3070 vel
732 3004 815 3070 alter
831 3024 941 3072 eornm
956 3003 1000 3070 ad
1020 3003 1080 3069 hoc
1097 3003 1225 3068 duxerit

96 3111 328 3197 delegandum,
354 3112 570 3180 absolutionis
586 3113 776 3180 beneficium
793 3112 909 3181 devote
923 3111 1108 3196 quaesitum
1122 3111 1225 3200 perci-

95 3238 177 3306 pere
192 3219 225 3285 in
241 3240 321 3287 vera
346 3221 452 3290 cordis
476 3221 668 3290 contritione
684 3228 876 3308 procurent,
900 3219 1001 3287 etsie
1023 3218 1224 3286 reconciliati

95 3327 344 3394 ecclesiasticae
359 3330 488 3415 unitati,
505 3337 539 3396 et
554 3330 602 3396 sic
610 3331 742 3418 purgati
759 3330 867 3396 alabe
883 3327 1062 3412 criminum,
1084 3327 1116 3391 in
1133 3327 1224 3394 obse·

92 3434 209 3520 quium
226 3433 307 3502 Jesn
323 3437 444 3505 Christi
459 3437 647 3524 procedant,
665 3439 716 3505 oui
733 3439 838 3524 aliter,
863 3439 947 3505 sicut
964 3435 1133 3522 credimus,
1159 3454 1223 3502 non

94 3545 278 3631 placerent.
295 3546 362 3613 Vos
379 3566 516 3633 quoque,
541 3548 570 3614 si
586 3547 815 3615 consentiendo
828 3567 940 3615 eorum
955 3545 1083 3612 actibus
1098 3562 1224 3612 excom·

95 3654 330 3724 manicationis
347 3656 507 3724 maculam
524 3655 715 3743 incurristis,
734 3656 831 3723 simili
848 3656 943 3724 modo
953 3676 1013 3723 vos
1028 3654 1158 3724 faciatis
1169 3655 1224 3724 ab·

95 3762 193 3832 solvi.
209 3761 367 3841 Quamvis
383 3770 500 3850 autem,
518 3769 554 3830 ut
568 3765 692 3832 veritas
711 3785 767 3833 eos
783 3765 909 3850 liberet,
935 3765 1133 3833 noluerimus
1150 3784 1223 3851 snp-

93 3872 237 3961 primere
253 3874 445 3961 veritatem,
460 3894 520 3941 ros
535 3879 657 3960 tamen,
673 3883 708 3942 ut
724 3875 850 3961 alicnis,
870 3881 903 3941 et
919 3875 1059 3942 maxime
1076 3873 1221 3959 Graecis,

94 4001 158 4050 sua
173 3982 318 4050 verenda
333 4002 398 4051 non
414 3983 588 4069 detegant,
614 3981 753 4052 sollicite
768 3982 959 4070 procuretis,
986 3981 1123 4050 neforto
1142 3982 1223 4049 scin·

94 4091 170 4158 tilla
186 4091 390 4178 devotionis,
417 4093 551 4176 quaein
567 4093 639 4178 ipso
656 4093 856 4179 Imperatore
871 4093 999 4159 videtur
1021 4109 1171 4174 accensa,
1188 4091 1222 4155 in

92 4198 277 4285 jacturam,
304 4206 460 4270 nontam
484 4207 630 4268 nostram
657 4219 754 4284 qnam
778 4219 890 4284 suam,
918 4198 1023 4287 possit
1048 4196 1221 4280 exstingui.

95 4307 217 4374 Datum
233 4307 464 4394 Anagniae...
481 4329 568 4376 anno
585 4313 687 4376 sexto.

94 4469 188 4542 Migne
201 4489 227 4526 u.
241 4493 264 4528 o.
279 4469 316 4528 ῙῙ.
331 4467 386 4531 lr‘clt.
401 4471 462 4530 262.
476 4469 512 4540 l,
537 4470 614 4531 Taiel
627 4469 656 4528 es
669 4471 793 4538 Thomas,
807 4467 955 4526 Urlrnndan
966 4489 1013 4524 aar
1027 4467 1130 4524 lllteren
1144 4469 1228 4544 Hau-y
1262 4539 1266 4548 Ι

177 4565 245 4618 ‹lela-
261 4567 316 4619 und
329 4568 578 4636 Staatsgeschiehtc
591 4567 638 4618 der
650 4565 786 4632 Republilr
796 4563 917 4631 Venedig
930 4564 951 4615 1.
965 4565 1021 4617 hut.
1035 4564 1095 4616 436,
1109 4563 1137 4630 l.)
1227 4605 1231 4652 ἰ

529 4709 784 4724 *tuan—‘-
