3164 5192
865 347 1022 448 ...22³3

377 549 420 616 ad
435 553 470 615 ta
485 553 519 616 at
532 547 678 616 nobilem
694 551 906 614 memoratum
923 543 1074 612 duximus
1085 545 1324 631 destinandum,
1340 549 1394 614 oui
1409 546 1509 616 otiam

377 655 600 726 sommiaimus
615 655 705 722 vioes
720 659 861 736 nostras,
877 652 957 720 utin
973 657 1043 720 tota
1058 659 1148 719 terra
1162 660 1221 720 tua
1236 654 1348 737 quoad
1359 655 1512 742 spiritua

378 763 425 830 lia
440 765 593 848 eorrigat,
610 782 673 848 quo
688 760 882 844 eorrigenda
897 759 1095 844 cognoverit,
1120 767 1153 826 et
1169 765 1302 844 statuat,
1319 781 1382 847 qne
1398 779 1512 829 seeun-

379 872 455 940 dum
471 873 576 938 Deum
591 869 711 938 inerint
726 868 911 936 statuenda.
938 865 1001 932 Per
1017 866 1123 948 ipsum
1140 886 1268 951 quoqne
1286 867 1441 935 fidelitati
1456 875 1514 936 tuo

377 979 533 1066 pallium,
560 977 689 1062 insigne
705 977 859 1044 videlieet
874 973 1087 1061 plenitudinis
1103 974 1301 1042 Pontifioalis
1321 974 1433 1060 offleii,
1460 978 1513 1044 de·

378 1087 548 1170 sinamus,
564 1086 624 1152 tibi
637 1085 729 1152 iuxta
744 1084 893 1167 formam,
909 1102 1008 1167 quarn
1023 1082 1085 1150 sub
1095 1082 1186 1150 bulla
1197 1088 1309 1151 nostra
1327 1082 1514 1168 dirigimus,

378 1193 621 1262 eonferendum.
650 1195 819 1262 Monernus
834 1192 934 1276 igitur
957 1190 1194 1258 fraternitatem
1209 1197 1298 1258 tuanr
1315 1197 1347 1257 st
1362 1192 1511 1260 exhorta-

381 1321 451 1368 mur
467 1305 600 1384 atteuta,
626 1319 685 1386 per
699 1297 892 1386 Apostolioa
907 1298 1030 1384 scripta
1045 1298 1249 1383 mandantes,
1267 1305 1432 1383 quatenus
1447 1301 1515 1366 dia·

379 1407 548 1494 gisterium
564 1413 596 1474 et
611 1407 789 1474 Primatum
804 1405 899 1474 Sedis
918 1400 1108 1492 Apostolioe
1133 1425 1382 1492 recognoscens,
1408 1407 1446 1472 in
1461 1427 1516 1475 no-

380 1521 492 1584 straet
503 1515 986 1583 EuolesieRomanedevotions
998 1515 1168 1600 persistas,
1189 1521 1222 1580 et
1230 1515 1392 1599 Legatum
1402 1515 1516 1604 ipsum

384 1622 469 1690 sieut
483 1641 658 1708 personam
668 1627 814 1690 nostram
829 1621 969 1708 benigne
986 1621 1125 1709 recipias
1141 1627 1173 1688 et
1190 1622 1367 1690 honorifiee
1377 1623 1517 1690 studeas

383 1735 606 1816 portraotare‚
632 1728 778 1796 salubria
793 1729 918 1796 monita
933 1736 966 1795 et
981 1733 1103 1794 aututa
1129 1729 1233 1815 ipsius
1249 1733 1281 1793 ot
1295 1733 1330 1794 tu
1346 1729 1422 1814 ipse
1438 1732 1516 1796 reoi-

378 1833 492 1923 piens‚
519 1843 552 1903 at
567 1835 610 1902 ab
626 1837 780 1904 universa
795 1836 1012 1920 Bnlgarornm
1034 1841 1068 1902 et
1082 1835 1280 1904 Blaehorum
1299 1835 1454 1903 Euelesia
1470 1856 1516 1902 re

379 1943 444 2030 oipi
458 1942 584 2008 iaoiens
601 1947 633 2010 et
647 1943 782 2026 servari,
809 1950 844 2010 nt
860 1943 915 2027 qui
930 1963 952 2008 a
967 1942 1122 2009 Romanis
1145 1949 1315 2009 uexerunt
1339 1945 1515 2029 originem,

379 2051 526 2118 Eoelesie
544 2050 689 2118 Romane
704 2050 852 2117 instituta
871 2055 1058 2134 sequamur.
1075 2049 1213 2116 Novaria
1229 2057 1348 2132 autem,
1365 2051 1458 2134 quod
1473 2052 1515 2118 ei-

380 2159 455 2226 dem
471 2159 597 2242 Legato
613 2163 725 2226 nostro
751 2157 902 2224 dedimus
918 2158 952 2224 in
968 2155 1133 2222 mandatis
1142 2206 1152 2239 ‚
1178 2163 1214 2222 ιιι
1230 2157 1258 2223 oi
1275 2157 1330 2242 qui
1346 2157 1465 2225 iorsan
1483 2159 1516 2226 in

378 2265 549 2352 provintia
565 2272 622 2334 tua
636 2263 848 2351 promovendi
864 2263 908 2330 ad
920 2263 1052 2332 ordinas
1068 2263 1199 2347 fuerint,
1215 2263 1269 2330 vel
1281 2265 1315 2331 in
1326 2264 1514 2353 Episoopos

378 2371 610 2458 memorandi,
636 2392 694 2458 per
709 2373 844 2456 vioinos,
869 2369 1055 2438 Gathoiioos
1081 2369 1241 2436 duntaxat
1256 2371 1456 2456 Episcopos,
1482 2380 1515 2438 et

381 2479 580 2548 ordinandos
596 2481 742 2568 ordinet,
766 2487 800 2548 ot
814 2478 1053 2550 oouseorandos
1074 2487 1251 2548 eonseoret.
1280 2480 1514 2550 Mandavimus

379 2607 508 2674 quoque
523 2588 607 2675 ipsi,
635 2597 672 2658 ut
687 2590 729 2658 de
744 2611 865 2660 eorona
879 2589 1141 2676 progenitoribus
1167 2589 1314 2656 eiusdem
1332 2589 1455 2656 nobilis
1471 2591 1514 2656 ab

379 2697 531 2764 Eedesia
545 2697 694 2766 &mana
707 2699 848 2781 eollata,
876 2705 945 2764 tam
961 2717 1020 2784 por
1035 2697 1137 2766 libros
1152 2704 1299 2781 veteres,
1328 2715 1426 2780 qnam
1444 2697 1514 2764 alia

380 2802 574 2872 dooumenta
598 2804 743 2888 inquirat
767 2805 957 2889 diligentius
971 2803 1144 2871 veritatem
1153 2853 1163 2888 ,
1192 2803 1282 2870 etde
1302 2801 1455 2871 omnibus
1470 2813 1513 2872 te

381 2929 454 2978 oum
470 2917 597 2996 traetet,
613 2930 677 2996 que
692 2911 813 2978 inerint
827 2910 1078 2998 pertraotanda,
1103 2916 1139 2976 ut
1154 2931 1228 2978 enm
1242 2929 1303 2996 per
1317 2911 1428 2996 ipsum
1444 2917 1513 2979 tum

378 3016 508 3086 nuntios
530 3023 603 3085 tuos
618 3018 661 3086 do
676 3019 826 3087 omnibns
842 3018 960 3086 redditi
975 3018 1130 3086 fuerimus
1146 3017 1313 3102 eertiores,
1330 3019 1512 3086 eonsultius

381 3129 415 3190 at
429 3124 605 3209 maturius,
632 3131 730 3210 prout
745 3125 983 3211 prooedendum
999 3125 1116 3210 fuerit,
1143 3124 1371 3212 procedamus.
1391 3125 1513 3192 Datum

381 3233 535 3300 Laterani
551 3233 590 3300 V.
606 3231 768 3300 kalendas
787 3234 988 3302 Deoembris.

524 3429 627 3500 (Migno
640 3448 667 3485 a.
681 3434 741 3485 o.1.
755 3432 813 3485 Ιιιιι.
828 3429 1154 3494 1116.l.;'1¹haineru.o.
1168 3431 1191 3482 1.
1205 3430 1261 3481 ket.
1279 3429 1323 3483 17.
1336 3430 1367 3498 l.)
