3202 5190
825 355 986 456 Q

345 561 387 627 ob
403 555 743 642 recompensacionem
770 551 938 618 fidelitatis
955 548 1025 617 elus
1042 557 1074 614 ct
1090 539 1239 633 seruiclj,
1266 547 1352 631 qnod
1377 547 1470 612 nobis

345 666 486 750 benigne
500 662 682 744 deuotoque
698 659 919 726 indesinenter
936 655 1069 738 exibuit,
1087 662 1206 721 terram
1223 653 1387 738 quandam
1410 670 1472 736 que

345 767 791 850 uocatnrNouao,Geuriensi
801 766 918 831 Castro
929 763 1139 845 subtractam,
1150 762 1220 827 iure
1232 767 1390 846 perpetuo
1401 779 1472 824 con·

346 881 478 946 tulimus
502 875 745 963 possidendam.
771 873 871 940 Ouius
896 880 980 938 terre
997 871 1103 956 prima
1128 875 1215 935 meta
1238 867 1353 954 incipit
1379 867 1473 932 iuxta

346 985 544 1068 Danubium,
560 991 593 1050 et
608 981 754 1070 procedit
771 981 814 1046 ad
830 985 993 1064 stagnum,
1010 977 1097 1063 qnod
1112 983 1248 1046 uocatur
1258 975 1380 1058 Karia,
1398 973 1476 1040 iude

347 1093 452 1164 tandit
467 1091 509 1158 ad
526 1090 722 1172 Danubium,
739 1088 795 1172 qui
811 1089 897 1173 wigo
917 1087 1035 1152 dicitnr
1050 1083 1210 1169 Agduna3
1237 1083 1313 1150 hinc
1328 1081 1478 1168 promtu

349 1201 392 1268 ad
408 1203 506 1285 caput
522 1199 634 1280 Kena,
660 1217 681 1262 a
697 1215 759 1280 quo
777 1195 885 1280 capite
901 1193 1092 1279 regrediens
1107 1191 1211 1257 tendit
1227 1189 1270 1256 ad
1286 1189 1476 1256 Danubium

349 1315 462 1375 tenena
489 1313 592 1372 metas
618 1323 690 1370 cum
707 1304 833 1370 Gemite
849 1301 1003 1385 Heldrlh;
1031 1307 1064 1367 et
1080 1301 1142 1366 due
1164 1299 1269 1366 manle
1279 1349 1288 1382 ,
1314 1318 1377 1382 que
1393 1299 1479 1364 inter

349 1417 415 1482 iam
431 1415 536 1482 dictas
553 1419 657 1479 metas
673 1413 735 1478 site
751 1419 836 1492 sunt,
854 1411 1014 1496 pertinent
1030 1410 1073 1476 ad
1089 1409 1226 1474 eandem
1242 1413 1371 1473 terram.
1397 1405 1479 1473 Gou-

350 1523 480 1590 tullurus
496 1519 631 1605 insuper
646 1521 733 1588 dicto
750 1519 832 1588 Potb
850 1519 1001 1587 Palatino
1018 1527 1052 1584 et
1066 1517 1284 1585 blussunicnsi
1301 1515 1423 1584 domiti
1440 1515 1481 1580 de

349 1637 439 1696 terra
455 1627 598 1693 ciuilium
613 1625 753 1714 predicti
770 1627 890 1710 castri,
916 1625 1068 1694 videlicet
1084 1627 1124 1692 de
1139 1633 1227 1691 terra
1244 1624 1340 1691 Retlai
1356 1629 1481 1689 terram

352 1737 395 1804 ed
421 1733 581 1800 culturam
608 1733 706 1798 duum
733 1731 818 1819 (lgy)
839 1737 1020 1799 aratrorum
1046 1731 1277 1816 sufficientem
1305 1730 1425 1796 dantes
1451 1730 1481 1794 el
1595 1815 1596 1824 ἵ

351 1849 478 1932 partem
493 1847 561 1906 tam
580 1841 620 1905 de
645 1847 762 1924 stagno
779 1861 877 1924 quam
894 1841 935 1906 de
951 1839 1163 1923 arundineto,
1190 1839 1276 1905 etde
1293 1846 1400 1924 prato,
1427 1839 1481 1904 nbi

353 1953 461 2020 lenum
477 1955 616 2032 secatur,
634 1947 678 2013 ad
694 1954 798 2014 sortes
814 1947 912 2014 duum
929 1953 1110 2016 aratrorum
1128 1949 1353 2034 pertinentem.
1371 1949 1481 2014 Prete-

354 2077 412 2126 rea
428 2055 608 2124 fidelissimi
625 2056 727 2122 nostri
752 2055 921 2121 memorati
936 2055 1017 2123 Pcth
1034 2055 1175 2122 Palatini
1195 2063 1227 2121 et
1242 2055 1482 2122 blusauniensis

353 2164 488 2233 Gomltis
504 2163 654 2248 preclara
670 2163 828 2246 obsequia
844 2171 877 2230 et
894 2165 1008 2228 merita
1025 2165 1277 2246 considerantes,
1297 2169 1422 2229 terram
1439 2161 1483 2228 ad

354 2275 503 2339 Castrum
519 2269 745 2336 blussunieuse
770 2271 1000 2356 pertinentem,
1026 2292 1089 2354 que
1114 2277 1163 2338 eat
1189 2271 1275 2336 circa
1291 2269 1482 2337 Danubium

353 2380 387 2446 in
412 2381 573 2460 Kamaua,
600 2377 664 2444 sibi
688 2379 757 2444 iure
789 2378 982 2446 hereditario
1008 2378 1241 2464 possidendam
1272 2378 1482 2444 contulimus.

354 2485 453 2552 Gaius
479 2483 584 2569 prima
610 2491 696 2550 meta
721 2485 836 2571 incipit
861 2505 974 2552 uersus
999 2487 1157 2553 orientem
1184 2485 1274 2550 iuxta
1293 2483 1482 2550 Danubium

354 2601 468 2660 teneus
494 2597 596 2658 metas
622 2613 693 2658 oum
720 2593 888 2678 'I'enkere;
921 2593 996 2659 inde
1023 2593 1171 2679 procedit
1197 2593 1240 2658 ad
1266 2592 1483 2670 occidentem,

355 2699 517 2767 transiens
532 2717 591 2783 per
617 2717 770 2781 magnam
793 2697 900 2780 uiam3
930 2699 1007 2766 inde
1022 2699 1124 2765 tendit
1147 2698 1190 2765 ad
1205 2697 1393 2784 palludem,
1421 2716 1485 2784 que

358 2809 443 2893 wigo
460 2812 594 2875 uocatur
619 2806 773 2872 humerou
789 2807 902 2890 potok,
923 2827 985 2890 que
1001 2806 1092 2873 uenit
1108 2805 1149 2872 de
1165 2805 1309 2888 Bordos;
1335 2804 1414 2870 inde
1430 2824 1485 2870 na-

356 2915 405 2982 dit
420 2915 464 2980 ad
479 2919 651 2999 stagnum,
668 2913 724 2978 ubi
739 2911 848 2978 finitur
864 2914 928 2996 uia,
955 2933 1018 2995 que
1034 2914 1153 2980 dicitur
1173 2920 1297 2998 parata,
1315 2931 1380 2994 que
1395 2914 1485 2998 wlgo

356 3027 490 3090 uocatur
504 3024 663 3102 Etteuen,
690 3027 723 3084 et
737 3020 836 3086 habet
852 3028 972 3086 metam
987 3023 1072 3088 ultra
1096 3027 1246 3105 stagnum
1263 3039 1361 3106 super
1376 3019 1485 3105 ripam

356 3129 500 3196 eiusdem
517 3126 644 3210 stagni;
672 3127 748 3192 inde
765 3125 947 3210 regreditur
964 3127 1007 3192 ad
1024 3127 1227 3214 Danubium,
1247 3132 1280 3193 et
1294 3125 1396 3194 habet
1412 3128 1487 3193 ulti·

357 3257 443 3304 mam
460 3241 578 3302 metam
595 3255 693 3319 super
708 3235 894 3300 Danubium
919 3234 952 3302 'ru
968 3236 1031 3300 fine
1047 3251 1145 3302 arene
1165 3235 1330 3320 Episcopi.
1356 3237 1394 3300 ln
1410 3255 1487 3321 pos-

357 3343 536 3414 sessionem
561 3363 638 3409 uero
665 3341 822 3408 dictarum
849 3349 1006 3408 terrarum
1029 3362 1089 3426 per
1117 3342 1310 3426 pristaldum
1335 3349 1485 3409 nostrum

357 3451 513 3519 Gomitem
530 3449 736 3516 Valentinum
763 3449 804 3514 de
819 3449 902 3515 uilla
916 3449 1004 3515 Teoh
1021 3450 1128 3534 ipsum
1147 3447 1284 3515 lecimus
1308 3449 1485 3516 introduci.

357 3558 402 3624 ut
417 3561 526 3622 autem
542 3555 602 3621 hec
618 3577 638 3620 a
653 3557 747 3624 nobis
759 3557 847 3623 lacta
862 3555 1001 3624 donacio
1011 3558 1110 3623 nullis
1130 3577 1272 3641 unquam
1282 3556 1487 3643 temporibus

358 3664 469 3728 ualeat
484 3663 663 3743 retractari,
687 3663 832 3747 presenti
849 3683 921 3729 eam
938 3663 1061 3748 pagina
1076 3664 1110 3730 in
1127 3663 1278 3730 noticiam
1294 3661 1413 3729 deduci
1430 3687 1487 3752 po·

358 3764 516 3835 tororum
531 3775 564 3831 et
577 3765 680 3850 Regio
696 3771 899 3836 auctoritatis
915 3771 1025 3856 sigillo
1043 3771 1179 3837 lecimus
1196 3769 1397 3837 communiri.
1420 3769 1487 3836 Da·

358 3883 424 3942 tum
449 3895 508 3961 per
533 3893 647 3940 manus
674 3875 822 3959 magistri
846 3879 971 3946 Thomu
987 3879 1238 3966 Bozprimicnsis
1263 3877 1427 3969 Pueporlti
1455 3887 1488 3945 et

358 3983 433 4050 aule
447 3981 551 4065 Regia
568 3981 783 4066 Cancellarij,
811 4005 896 4051 anno
921 3988 965 4052 ab
981 3985 1211 4055 lucaruacioue
1227 3973 1358 4066 Domini
1383 3987 1486 4052 mille·

358 4091 439 4157 simo
456 4087 521 4156 00⁰
536 4089 589 4154 X⁰.
608 4089 795 4156 Venerabili
812 4091 963 4160 Johanne
983 4093 1200 4178 Strigoniensi
1216 4093 1483 4178 Archiopisoopo,

357 4196 549 4266 Reuerendo
575 4195 728 4263 Bertoldo
754 4197 925 4264 colocensi
950 4199 1062 4268 Electo
1080 4208 1112 4267 et
1131 4201 1222 4268 Banu
1248 4197 1485 4282 existentibns3

357 4303 483 4371 Dalauo
493 4285 895 4385 Quinque-Docleslonsem
911 4311 944 4370 et
959 4305 1112 4372 Bolezlao
1123 4306 1340 4389 Waoionsem,
1362 4305 1485 4372 Katha-

356 4427 443 4498 pano
453 4410 656 4496 Agrlensem,
671 4409 812 4492 Symone
822 4411 1083 4495 Waradieusem,
1100 4411 1271 4478 Desiderio
1282 4409 1485 4482 Chenadien-

358 4535 445 4599 sem,
462 4513 627 4582 Wlllelmo
643 4515 989 4600 Transsiluanensem,
1018 4517 1186 4586 cochomo
1216 4517 1484 4604 Zagrabionsem,

357 4622 453 4689 Petro
470 4620 694 4708 Gaurieusem,
710 4625 852 4694 Robeuo
869 4624 1142 4711 Berprlmiensem
1158 4625 1325 4692 Ecclesiae
1347 4625 1486 4696 feliciter
