3238 5184
630 885 709 954 885.

105 1071 168 1136 IX.
187 1069 417 1157 Gerpelypdpc
428 1092 450 1132 u
456 1066 731 1156 jadraidraekaak
741 1067 1025 1154 mcpbappja,lroyp
1035 1063 1238 1132 aJadrooan

106 1180 179 1244 leod
196 1202 240 1247 aa.
264 1181 425 1266 pra'aopom'
450 1182 586 1267 apdtartp
611 1176 689 1243 ellan
713 1181 890 1243 tdmaaztott
909 1176 1077 1264 panaazok
1101 1175 1239 1263 ltpydbca

541 1284 688 1372 elp‘drp'on.
711 1283 808 1350 1233.

229 1481 406 1569 Gregorius
431 1481 615 1568 Episcopus
640 1499 752 1548 servus
777 1499 943 1550 servorum
969 1481 1031 1547 Dei
1057 1479 1239 1547 venerabili

108 1592 207 1659 fratri
218 1641 226 1658 .
238 1637 268 1658 ..
283 1589 538 1675 archiepiscopo
554 1587 718 1673 Jadrensi,
745 1588 882 1655 salutem
902 1593 935 1654 et
950 1588 1172 1674 Apostolicam
1188 1588 1240 1653 be-

109 1700 341 1768 nedictionem.
369 1695 599 1764 maternitatis
625 1701 680 1762 tue
695 1695 822 1762 litteras
837 1694 978 1780 benigne
1000 1696 1191 1782 recepimus,
1209 1702 1242 1762 et

110 1828 175 1893 que
185 1807 433 1876 continebantur
442 1805 476 1872 in
492 1805 541 1871 eis
552 1802 773 1872 intelleximus
784 1802 969 1888 diligenter,
987 1803 1239 1871 sollicitudinem

109 1924 212 2001 tuam,
238 1934 336 2000 qnam
350 1919 384 1981 te
398 1913 433 1980 in
449 1911 640 1980 executione
666 1911 891 1993 mandatorum
912 1917 1093 1978 nostrorum
1120 1903 1246 1979 habere*

114 2023 300 2107 didicimus,
325 2021 502 2110 plurimum
526 2019 560 2087 in
576 2019 717 2089 Domino
741 2017 1016 2087 commendantes.
1042 2020 1132 2087 Sicut
1154 2019 1240 2086 enirn

113 2127 261 2218 predicte
276 2127 384 2196 littere
399 2126 620 2212 continebant,
646 2146 718 2194 cnm
734 2125 856 2194 dudum
881 2131 1013 2213 recepto
1031 2145 1130 2215 snper
1146 2125 1242 2194 reior-

114 2239 259 2306 matione
274 2257 399 2305 morum
414 2244 447 2304 ct
462 2235 662 2305 correctione
678 2254 869 2304 excessuum
887 2233 1088 2304 subditorum
1104 2243 1242 2318 tuorum,

115 2347 289 2435 presertim
308 2343 541 2414 incontinentia
556 2343 637 2414 vitio
646 2344 874 2429 laborantium,
895 2343 937 2410 ab
953 2343 1143 2431 Apostolica
1159 2345 1244 2412 Sede

116 2456 285 2544 mandato,
302 2455 346 2523 ad
362 2453 586 2524 executionem
601 2453 703 2541 ipsius
720 2454 925 2542 procederes,
949 2461 1045 2540 prout
1061 2451 1180 2540 decuit,
1197 2475 1244 2522 re-

118 2572 279 2652 verenter,
296 2563 469 2632 associatis
493 2563 552 2631 tibi
567 2561 696 2630 dilectis
720 2562 795 2630 tiliis
809 2563 851 2628 M.
868 2561 1118 2650 Archidiacono,
1135 2563 1171 2630 G.
1188 2565 1245 2630 Ar-

120 2671 367 2761 chipresbitero,
386 2677 420 2739 et
435 2671 475 2739 G.
491 2670 677 2738 Primicerio
695 2668 921 2757 Jadrensibus,
938 2677 1070 2738 contra.
1089 2721 1097 2737 .
1115 2723 1122 2739 .
1140 2671 1245 2738 Abba-

118 2789 185 2850 tem
202 2779 393 2850 lionasterii
408 2779 521 2847 Sancti
538 2777 713 2864 Grisogoni
739 2783 772 2844 et
786 2779 1003 2845 Passerennm
1027 2779 1246 2847 Presbiterum

122 2887 313 2976 Jadrenses,
331 2886 461 2975 publice
473 2886 649 2956 infamatos
665 2885 706 2953 de
722 2886 866 2973 ipsorum
886 2885 1085 2968 excessibus,
1109 2886 1247 2954 sollicite

119 2997 292 3066 ueritatem
306 2994 485 3082 inquirens,
502 3001 550 3064 tot
567 2999 600 3063 et
614 2994 716 3062 mutis
729 3013 785 3062 eos
801 2992 917 3082 plenos
932 2992 1066 3078 flagitiis
1083 2992 1247 3079 invenisti,

121 3103 210 3192 quod
234 3101 350 3191 pudori
376 3102 590 3171 referentibus
614 3111 648 3171 et
671 3101 878 3171 audientibus
894 3111 969 3172 sunt
990 3100 1126 3168 horrori.
1155 3101 1247 3169 idem

122 3212 209 3280 enim
234 3209 358 3294 Abbas,
386 3216 422 3278 ut
446 3207 487 3276 de
510 3209 586 3277 aliis
612 3211 846 3298 suprascriptis
879 3211 1065 3278 excessibus
1089 3215 1247 3296 taceatur,

124 3317 211 3386 siout
226 3335 329 3402 equus
344 3321 378 3384 et
393 3316 509 3403 mulus,
526 3319 560 3385 in
576 3317 692 3402 quibus
709 3339 773 3388 non
792 3324 843 3387 est
857 3318 1052 3405 intellectus,
1064 3338 1128 3384 non
1144 3317 1249 3385 minus

122 3434 273 3516 patenter
290 3445 388 3512 quam
404 3425 635 3514 imprudenter,
651 3432 754 3496 totum
769 3428 803 3495 in
818 3427 949 3515 lapsum
971 3425 1078 3494 carnis
1094 3425 1250 3512 dampna-

126 3534 237 3604 biliter
263 3554 299 3602 se
315 3533 462 3619 effundit,
489 3534 642 3602 iumentis
658 3535 886 3623 insipientibus
903 3541 1121 3624 comparatus,
1148 3533 1191 3600 ad
1206 3533 1251 3601 in·

125 3651 195 3711 star
211 3661 322 3710 eorum
347 3641 380 3709 in
396 3649 537 3711 stercore
553 3651 827 3731 computrescens,
854 3649 887 3711 et
902 3644 996 3728 quasi
1019 3664 1085 3710 non
1101 3641 1166 3710 sibi
1181 3664 1252 3728 pro-

125 3753 200 3842 pria
215 3749 314 3837 culpa
339 3749 498 3836 sufficiat,
525 3758 560 3818 nt
576 3771 653 3818 suas
671 3752 785 3840 culpas
805 3749 925 3819 efficiat
950 3750 1108 3834 aliorum,
1134 3751 1254 3836 fiatque

126 3860 238 3928 anima
263 3877 324 3926 sua
340 3877 400 3946 pro
417 3857 587 3926 animabus
605 3859 744 3944 illorum,
769 3879 826 3928 eos
843 3860 876 3926 in
896 3858 1126 3945 suprascriptis
1143 3857 1255 3942 iniqui·

127 3969 251 4038 tatibus
268 3965 482 4052 coniouendo,
509 3967 591 4034 dnos
606 3966 692 4036 filios
709 3987 787 4036 suos
803 3966 990 4051 monachos,
1008 3967 1061 4032 vel
1078 3963 1186 4030 verius
1202 3964 1254 4031 de-

129 4077 309 4162 moniacos,
335 4081 368 4144 et
393 4075 476 4145 alios
492 4075 684 4164 impudicos,
709 4075 804 4162 quasi
822 4081 924 4144 testes
941 4095 1000 4142 sue
1015 4073 1256 4158 incontinentis,

130 4185 221 4255 circa
236 4205 272 4254 se
287 4185 414 4271 retinet,
440 4185 496 4271 qui
510 4185 663 4254 tabernas
679 4185 797 4254 armati
813 4191 846 4252 et
859 4182 1041 4272 prostibula
1055 4181 1258 4268 frequentan-

126 4303 190 4380 tes,
210 4293 412 4363 committunt
428 4295 572 4381 rapinas,
598 4295 795 4382 presbiteros
815 4293 997 4378 verberant,
1023 4292 1172 4359 auferunt
1187 4311 1259 4377 spo·

128 4403 185 4489 lia,
203 4400 321 4471 ludunt
345 4401 388 4471 ad
404 4403 497 4472 aleas
523 4402 654 4492 publice
669 4403 702 4469 in
727 4403 856 4488 plateis,
884 4400 1154 4468 excommunicati
1178 4399 1260 4466 celc-

129 4512 238 4598 brant,
255 4509 353 4580 irnnro
370 4511 489 4599 verius,
507 4517 663 4599 quantum
676 4511 711 4576 in
725 4511 773 4578 eis
790 4517 849 4595 est,
867 4507 975 4578 officia
985 4507 1108 4575 Divina
1122 4506 1261 4594 propha-

129 4624 221 4704 nant,
248 4618 405 4690 mandata
420 4619 568 4690 Ecclesie
583 4621 728 4690 Romane
746 4624 986 4705 contempnunt,
1013 4615 1137 4685 nullam
1160 4617 1261 4701 agunt
