3200 5182
890 871 969 938 278.

365 1055 394 1122 si
412 1056 583 1142 ossaprdrui
597 1053 753 1141 kdptalan
767 1055 870 1140 dtirja
886 1054 918 1117 cu
933 1051 1080 1118 tiramus·
1095 1052 1211 1117 Rebar-t
1230 1052 1403 1140 sermationi
1413 1059 1490 1136 pits-

555 1161 681 1248 pdltnelr
698 1161 773 1226 274.
790 1183 834 1225 aa.
851 1183 882 1225 o.
899 1159 1183 1248 bu'aoaysdpleoeldt.
1199 1162 1297 1226 1226.

737 1354 1119 1422 Aison

483 1535 651 1602 Vniuersis
667 1533 790 1600 Ohristi
815 1533 976 1616 fidelibus,
1003 1533 1047 1599 ad
1072 1553 1153 1616 qnos
1178 1552 1313 1619 presens
1339 1534 1495 1619 scriptum

370 1643 563 1728 peruenerit,
579 1642 766 1728 Capitulum
775 1640 1041 1727 Wesprimiensis
1057 1639 1201 1708 Ecclesia
1215 1642 1353 1708 salutem
1370 1641 1403 1706 in
1419 1661 1496 1706 uero

374 1749 521 1816 salutari.
546 1749 667 1816 Notum
694 1749 736 1816 sit
752 1749 902 1816 omnibus
927 1755 995 1814 tam
1019 1748 1222 1834 presentibus
1246 1769 1345 1832 qnam
1370 1747 1495 1828 futuris,

346 1931 349 1938 ‚
375 1857 461 1942 quod
486 1857 611 1924 litteras
639 1857 761 1923 domini
785 1855 888 1924 nostri
916 1855 1049 1922 Roberti
1075 1855 1231 1941 Episcopi
1256 1857 1440 1941 recepimus
1465 1856 1497 1920 in

372 1965 458 2031 huno
474 1964 604 2033 modum
620 1965 843 2033 continentes:

481 2073 551 2160 Ego
565 2073 603 2139 R.
620 2073 682 2140 Dei
707 2073 820 2159 gracia
836 2071 1087 2157 vesprimiensis
1108 2071 1289 2157 Episcopus
1312 2071 1375 2138 stb.
1402 2067 1497 2157 (mint

375 2179 509 2248 festebb
527 2181 603 2248 275.
619 2201 665 2248 sa.
683 2178 730 2266 a.)

481 2287 584 2372 Igitur
600 2288 681 2354 satis
708 2285 877 2354 certificati
894 2285 935 2352 de
951 2287 1137 2356 huiusmodi
1157 2293 1343 2354 contractus
1359 2287 1497 2354 testimo·

375 2397 439 2478 nio,
455 2413 496 2458 ne
512 2413 664 2460 successu
690 2397 847 2479 temporis
863 2396 917 2462 uel
933 2395 1119 2480 calumpnia
1132 2394 1349 2480 dissoluatnr;
1370 2413 1497 2480 presen-

374 2506 440 2565 tem
456 2498 608 2565 cedulam
624 2499 667 2564 ad
683 2518 795 2565 eorum
821 2500 1041 2570 roborandum
1058 2501 1145 2567 idem
1161 2499 1282 2566 factum
1306 2501 1496 2567 tradidimus

378 2607 478 2692 sigilli
495 2608 596 2674 nostri
613 2607 789 2674 munimine
804 2609 1002 2678 roboratam.
1019 2612 1139 2676 Datum
1152 2629 1210 2695 per
1221 2629 1336 2676 manus
1353 2609 1499 2694 magistri

377 2714 538 2782 Johannis
554 2715 698 2782 Lectoris
716 2715 981 2802 Wesprimicnsis
1001 2737 1086 2784 anno
1102 2718 1147 2781 bi⁰
1158 2717 1309 2783 CC⁰XX⁰
1320 2717 1380 2782 VI.⁰
1405 2719 1498 2784 Reue-

378 2820 479 2888 rendo
496 2821 627 2889 domino
645 2829 781 2908 etpatre
795 2829 905 2890 nostro
922 2823 1150 2890 Bartholomeo
1161 2823 1336 2911 Episcopo,
1353 2825 1499 2891 Johanne

378 2929 558 3018 Proposito,
584 2933 759 2999 Salomone
783 2932 934 3017 Contere,
962 2933 1087 3000 Mathia
1111 2933 1253 3000 Custode
1276 2935 1497 3000 existentibus.

378 3127 516 3194 (Eredetie
531 3127 704 3194 bb'rhdrtys'rn,
719 3131 829 3196 melyro!
843 3147 859 3181 a
873 3129 1005 3198 kr'tptalan
1018 3131 1138 3199 pccsdtJ's
1151 3129 1377 3199 irirtyausinegeu
1399 3134 1500 3199 siigg,a

703 3221 785 3271 budai
795 3221 847 3270 kir.
861 3223 983 3274 kaurarui
994 3221 1183 3292 leveltdrbun.)
