<?xml version="1.0" encoding="UTF-8"?>
<!DOCTYPE html PUBLIC "-//W3C//DTD XHTML 1.0 Transitional//EN"
    "http://www.w3.org/TR/xhtml1/DTD/xhtml1-transitional.dtd">
<html xmlns="http://www.w3.org/1999/xhtml" xml:lang="en" lang="en">
 <head>
  <title>
</title>
<meta http-equiv="Content-Type" content="text/html;charset=utf-8" />
  <meta name='ocr-system' content='tesseract 3.04.00' />
  <meta name='ocr-capabilities' content='ocr_page ocr_carea ocr_par ocr_line ocrx_word'/>
</head>
<body>
  <div class='ocr_page' id='page_1' title='image "./codexdiplomatic05wenzgoog_0471.png"; bbox 0 0 3200 5182; ppageno 0'>
   <div class='ocr_carea' id='block_1_1' title="bbox 596 313 811 417">
    <p class='ocr_par' dir='ltr' id='par_1_1' title="bbox 596 313 811 417">
     <span class='ocr_line' id='line_1_1' title="bbox 596 313 811 417; baseline 0.005 -84"><span class='ocrx_word' id='word_1_1' title='bbox 596 313 752 417; x_wconf 50' lang='lat'><em>223.-</em></span> <span class='ocrx_word' id='word_1_2' title='bbox 810 325 811 334; x_wconf 12' lang='lat' dir='ltr'><strong>t</strong></span> 
     </span>
    </p>
   </div>
   <div class='ocr_carea' id='block_1_2' title="bbox 103 509 1237 1462">
    <p class='ocr_par' dir='ltr' id='par_1_2' title="bbox 103 509 1237 1462">
     <span class='ocr_line' id='line_1_2' title="bbox 103 509 1236 596; baseline 0.005 -18"><span class='ocrx_word' id='word_1_3' title='bbox 103 513 206 594; x_wconf 70' lang='lat' dir='ltr'><strong>vium,</strong></span> <span class='ocrx_word' id='word_1_4' title='bbox 223 511 283 596; x_wconf 39' lang='lat' dir='ltr'><strong>vbi,</strong></span> <span class='ocrx_word' id='word_1_5' title='bbox 293 510 423 578; x_wconf 88' lang='lat' dir='ltr'><strong>termini</strong></span> <span class='ocrx_word' id='word_1_6' title='bbox 448 516 524 578; x_wconf 88' lang='lat' dir='ltr'><strong>sunt</strong></span> <span class='ocrx_word' id='word_1_7' title='bbox 546 529 588 576; x_wconf 87' lang='lat' dir='ltr'><strong>ex</strong></span> <span class='ocrx_word' id='word_1_8' title='bbox 605 509 710 575; x_wconf 79' lang='lat' dir='ltr'><strong>alteru</strong></span> <span class='ocrx_word' id='word_1_9' title='bbox 726 513 819 594; x_wconf 84' lang='lat' dir='ltr'><strong>parte</strong></span> <span class='ocrx_word' id='word_1_10' title='bbox 835 509 962 576; x_wconf 85' lang='lat' dir='ltr'><strong>Zoboth</strong></span> <span class='ocrx_word' id='word_1_11' title='bbox 979 511 1087 580; x_wconf 84' lang='lat' dir='ltr'><strong>Baran</strong></span> <span class='ocrx_word' id='word_1_12' title='bbox 1108 522 1140 582; x_wconf 90' lang='lat' dir='ltr'><strong>et</strong></span> <span class='ocrx_word' id='word_1_13' title='bbox 1156 515 1236 584; x_wconf 81' lang='lat' dir='ltr'><strong>Con-</strong></span> 
     </span>
     <span class='ocr_line' id='line_1_3' title="bbox 106 619 1236 706; baseline 0.008 -21"><span class='ocrx_word' id='word_1_14' title='bbox 106 619 201 705; x_wconf 81' lang='lat' dir='ltr'><strong>radj3</strong></span> <span class='ocrx_word' id='word_1_15' title='bbox 229 620 306 688; x_wconf 83' lang='lat' dir='ltr'><strong>inde</strong></span> <span class='ocrx_word' id='word_1_16' title='bbox 321 639 381 706; x_wconf 92' lang='lat' dir='ltr'><strong>per</strong></span> <span class='ocrx_word' id='word_1_17' title='bbox 406 619 528 686; x_wconf 83' lang='lat' dir='ltr'><strong>dictem</strong></span> <span class='ocrx_word' id='word_1_18' title='bbox 554 620 640 684; x_wconf 86' lang='lat' dir='ltr'><strong>viam</strong></span> <span class='ocrx_word' id='word_1_19' title='bbox 661 637 794 684; x_wconf 76' lang='lat' dir='ltr'><strong>currens</strong></span> <span class='ocrx_word' id='word_1_20' title='bbox 820 626 973 704; x_wconf 81' lang='lat' dir='ltr'><strong>properat</strong></span> <span class='ocrx_word' id='word_1_21' title='bbox 989 619 1032 686; x_wconf 83' lang='lat' dir='ltr'><strong>ad</strong></span> <span class='ocrx_word' id='word_1_22' title='bbox 1056 631 1160 692; x_wconf 80' lang='lat' dir='ltr'><strong>metus</strong></span> <span class='ocrx_word' id='word_1_23' title='bbox 1176 627 1236 694; x_wconf 83' lang='lat' dir='ltr'><strong>sub</strong></span> 
     </span>
     <span class='ocr_line' id='line_1_4' title="bbox 104 725 1237 816; baseline 0.005 -22"><span class='ocrx_word' id='word_1_24' title='bbox 104 727 164 794; x_wconf 83' lang='lat' dir='ltr'><strong>vin</strong></span> <span class='ocrx_word' id='word_1_25' title='bbox 178 727 364 795; x_wconf 82' lang='lat' dir='ltr'><strong>Salomonis</strong></span> <span class='ocrx_word' id='word_1_26' title='bbox 379 727 480 812; x_wconf 81' lang='lat' dir='ltr'><strong>sitas;</strong></span> <span class='ocrx_word' id='word_1_27' title='bbox 498 733 530 793; x_wconf 88' lang='lat' dir='ltr'><strong>et</strong></span> <span class='ocrx_word' id='word_1_28' title='bbox 547 727 588 792; x_wconf 85' lang='lat' dir='ltr'><strong>ab</strong></span> <span class='ocrx_word' id='word_1_29' title='bbox 605 725 677 792; x_wconf 87' lang='lat' dir='ltr'><strong>istis</strong></span> <span class='ocrx_word' id='word_1_30' title='bbox 692 725 871 812; x_wconf 89' lang='lat' dir='ltr'><strong>perplures</strong></span> <span class='ocrx_word' id='word_1_31' title='bbox 888 733 991 793; x_wconf 87' lang='lat' dir='ltr'><strong>metas</strong></span> <span class='ocrx_word' id='word_1_32' title='bbox 1007 731 1115 816; x_wconf 80' lang='lat' dir='ltr'><strong>pergit</strong></span> <span class='ocrx_word' id='word_1_33' title='bbox 1124 732 1167 799; x_wconf 84' lang='lat' dir='ltr'><strong>ud</strong></span> <span class='ocrx_word' id='word_1_34' title='bbox 1182 755 1237 800; x_wconf 82' lang='lat' dir='ltr'><strong>en-</strong></span> 
     </span>
     <span class='ocr_line' id='line_1_5' title="bbox 105 833 1236 920; baseline 0.009 -20"><span class='ocrx_word' id='word_1_35' title='bbox 105 835 231 919; x_wconf 83' lang='lat' dir='ltr'><strong>gulum‚</strong></span> <span class='ocrx_word' id='word_1_36' title='bbox 247 835 282 900; x_wconf 95' lang='lat' dir='ltr'><strong>in</strong></span> <span class='ocrx_word' id='word_1_37' title='bbox 298 854 361 918; x_wconf 90' lang='lat' dir='ltr'><strong>quo</strong></span> <span class='ocrx_word' id='word_1_38' title='bbox 377 841 463 902; x_wconf 88' lang='lat' dir='ltr'><strong>mete</strong></span> <span class='ocrx_word' id='word_1_39' title='bbox 478 836 604 920; x_wconf 82' lang='lat' dir='ltr'><strong>iaoent;</strong></span> <span class='ocrx_word' id='word_1_40' title='bbox 622 853 719 918; x_wconf 89' lang='lat' dir='ltr'><strong>quem</strong></span> <span class='ocrx_word' id='word_1_41' title='bbox 736 834 922 917; x_wconf 88' lang='lat' dir='ltr'><strong>relinquens</strong></span> <span class='ocrx_word' id='word_1_42' title='bbox 938 833 1107 904; x_wconf 87' lang='lat' dir='ltr'><strong>deseendit</strong></span> <span class='ocrx_word' id='word_1_43' title='bbox 1122 860 1236 910; x_wconf 87' lang='lat' dir='ltr'><strong>versus</strong></span> 
     </span>
     <span class='ocr_line' id='line_1_6' title="bbox 106 942 1236 1030; baseline 0.007 -22"><span class='ocrx_word' id='word_1_44' title='bbox 106 942 278 1010; x_wconf 80' lang='lat' dir='ltr'><strong>meridiem</strong></span> <span class='ocrx_word' id='word_1_45' title='bbox 294 944 327 1008; x_wconf 95' lang='lat' dir='ltr'><strong>in</strong></span> <span class='ocrx_word' id='word_1_46' title='bbox 344 942 493 1029; x_wconf 86' lang='lat' dir='ltr'><strong>riuulum,</strong></span> <span class='ocrx_word' id='word_1_47' title='bbox 519 943 692 1030; x_wconf 89' lang='lat' dir='ltr'><strong>ipsumque</strong></span> <span class='ocrx_word' id='word_1_48' title='bbox 708 962 836 1030; x_wconf 87' lang='lat' dir='ltr'><strong>semper</strong></span> <span class='ocrx_word' id='word_1_49' title='bbox 851 943 1078 1014; x_wconf 75' lang='lat' dir='ltr'><strong>descendendo</strong></span> <span class='ocrx_word' id='word_1_50' title='bbox 1105 951 1236 1016; x_wconf 89' lang='lat' dir='ltr'><strong>reuerti-</strong></span> 
     </span>
     <span class='ocr_line' id='line_1_7' title="bbox 106 1048 1236 1138; baseline 0.01 -24"><span class='ocrx_word' id='word_1_51' title='bbox 106 1053 163 1115; x_wconf 88' lang='lat' dir='ltr'><strong>tur</strong></span> <span class='ocrx_word' id='word_1_52' title='bbox 178 1049 222 1116; x_wconf 80' lang='lat' dir='ltr'><strong>ed</strong></span> <span class='ocrx_word' id='word_1_53' title='bbox 237 1048 345 1138; x_wconf 78' lang='lat' dir='ltr'><strong>zplffa,</strong></span> <span class='ocrx_word' id='word_1_54' title='bbox 363 1049 448 1116; x_wconf 83' lang='lat' dir='ltr'><strong>vnde</strong></span> <span class='ocrx_word' id='word_1_55' title='bbox 463 1057 681 1137; x_wconf 76' lang='lat' dir='ltr'><strong>processerat.</strong></span> <span class='ocrx_word' id='word_1_56' title='bbox 706 1050 796 1117; x_wconf 86' lang='lat' dir='ltr'><strong>Infra</strong></span> <span class='ocrx_word' id='word_1_57' title='bbox 811 1055 915 1117; x_wconf 85' lang='lat' dir='ltr'><strong>metas</strong></span> <span class='ocrx_word' id='word_1_58' title='bbox 931 1051 1012 1120; x_wconf 84' lang='lat' dir='ltr'><strong>istas</strong></span> <span class='ocrx_word' id='word_1_59' title='bbox 1036 1055 1143 1123; x_wconf 89' lang='lat' dir='ltr'><strong>nullus</strong></span> <span class='ocrx_word' id='word_1_60' title='bbox 1160 1058 1236 1125; x_wconf 84' lang='lat' dir='ltr'><strong>elie-</strong></span> 
     </span>
     <span class='ocr_line' id='line_1_8' title="bbox 105 1155 1236 1244; baseline 0.008 -22"><span class='ocrx_word' id='word_1_61' title='bbox 105 1177 170 1222; x_wconf 86' lang='lat' dir='ltr'><strong>nus</strong></span> <span class='ocrx_word' id='word_1_62' title='bbox 186 1155 313 1241; x_wconf 82' lang='lat' dir='ltr'><strong>aliquid</strong></span> <span class='ocrx_word' id='word_1_63' title='bbox 329 1155 485 1244; x_wconf 79' lang='lat' dir='ltr'><strong>possidet,</strong></span> <span class='ocrx_word' id='word_1_64' title='bbox 504 1165 612 1244; x_wconf 85' lang='lat' dir='ltr'><strong>preter</strong></span> <span class='ocrx_word' id='word_1_65' title='bbox 625 1159 708 1225; x_wconf 87' lang='lat' dir='ltr'><strong>filios</strong></span> <span class='ocrx_word' id='word_1_66' title='bbox 724 1158 848 1242; x_wconf 85' lang='lat' dir='ltr'><strong>Bwoze,</strong></span> <span class='ocrx_word' id='word_1_67' title='bbox 865 1159 920 1241; x_wconf 87' lang='lat' dir='ltr'><strong>qui</strong></span> <span class='ocrx_word' id='word_1_68' title='bbox 936 1165 1057 1228; x_wconf 83' lang='lat' dir='ltr'><strong>terram</strong></span> <span class='ocrx_word' id='word_1_69' title='bbox 1067 1163 1188 1232; x_wconf 78' lang='lat' dir='ltr'><strong>cultam</strong></span> <span class='ocrx_word' id='word_1_70' title='bbox 1198 1173 1236 1231; x_wconf 85' lang='lat' dir='ltr'><strong>et</strong></span> 
     </span>
     <span class='ocr_line' id='line_1_9' title="bbox 104 1265 1236 1358; baseline 0.009 -28"><span class='ocrx_word' id='word_1_71' title='bbox 104 1266 265 1332; x_wconf 83' lang='lat' dir='ltr'><strong>incultum</strong></span> <span class='ocrx_word' id='word_1_72' title='bbox 290 1265 514 1334; x_wconf 86' lang='lat' dir='ltr'><strong>tantummodo</strong></span> <span class='ocrx_word' id='word_1_73' title='bbox 546 1266 716 1353; x_wconf 89' lang='lat' dir='ltr'><strong>possident</strong></span> <span class='ocrx_word' id='word_1_74' title='bbox 740 1267 783 1333; x_wconf 82' lang='lat' dir='ltr'><strong>od</strong></span> <span class='ocrx_word' id='word_1_75' title='bbox 809 1287 907 1333; x_wconf 89' lang='lat' dir='ltr'><strong>vnum</strong></span> <span class='ocrx_word' id='word_1_76' title='bbox 933 1276 1096 1358; x_wconf 77' lang='lat' dir='ltr'><strong>aratrum,</strong></span> <span class='ocrx_word' id='word_1_77' title='bbox 1129 1279 1236 1340; x_wconf 84' lang='lat' dir='ltr'><strong>oeteru</strong></span> 
     </span>
     <span class='ocr_line' id='line_1_10' title="bbox 105 1373 920 1462; baseline 0.006 -25"><span class='ocrx_word' id='word_1_78' title='bbox 105 1375 220 1440; x_wconf 83' lang='lat' dir='ltr'><strong>omniu</strong></span> <span class='ocrx_word' id='word_1_79' title='bbox 235 1379 312 1440; x_wconf 88' lang='lat' dir='ltr'><strong>sunt</strong></span> <span class='ocrx_word' id='word_1_80' title='bbox 328 1373 484 1441; x_wconf 79' lang='lat' dir='ltr'><strong>Eeolesie.</strong></span> <span class='ocrx_word' id='word_1_81' title='bbox 502 1373 629 1452; x_wconf 83' lang='lat' dir='ltr'><strong>Quibus</strong></span> <span class='ocrx_word' id='word_1_82' title='bbox 645 1375 842 1462; x_wconf 81' lang='lat' dir='ltr'><strong>presentatis</strong></span> <span class='ocrx_word' id='word_1_83' title='bbox 858 1377 920 1442; x_wconf 84' lang='lat' dir='ltr'><strong>stb.</strong></span> 
     </span>
    </p>
   </div>
   <div class='ocr_carea' id='block_1_3' title="bbox 209 1573 1138 1649">
    <p class='ocr_par' dir='ltr' id='par_1_3' title="bbox 209 1573 1138 1649">
     <span class='ocr_line' id='line_1_11' title="bbox 209 1573 1138 1649; baseline 0.002 -21"><span class='ocrx_word' id='word_1_84' title='bbox 209 1577 244 1641; x_wconf 69' lang='lat' dir='ltr'><strong>(A</strong></span> <span class='ocrx_word' id='word_1_85' title='bbox 256 1573 338 1627; x_wconf 82' lang='lat' dir='ltr'><strong>budai</strong></span> <span class='ocrx_word' id='word_1_86' title='bbox 353 1576 379 1626; x_wconf 86' lang='lat' dir='ltr'><strong>lr.</strong></span> <span class='ocrx_word' id='word_1_87' title='bbox 393 1576 516 1626; x_wconf 75' lang='lat' dir='ltr'><strong>lamanai</strong></span> <span class='ocrx_word' id='word_1_88' title='bbox 532 1573 699 1628; x_wconf 74' lang='lat' dir='ltr'><strong>leveltalrbnn</strong></span> <span class='ocrx_word' id='word_1_89' title='bbox 712 1578 798 1625; x_wconf 78' lang='lat' dir='ltr'><strong>tlretttt</strong></span> <span class='ocrx_word' id='word_1_90' title='bbox 811 1574 911 1624; x_wconf 85' lang='lat' dir='ltr'><strong>oredoti</strong></span> <span class='ocrx_word' id='word_1_91' title='bbox 925 1574 1138 1649; x_wconf 77' lang='lat' dir='ltr'><strong>ittlouovtlbttl.)</strong></span> 
     </span>
    </p>
   </div>
   <div class='ocr_carea' id='block_1_4' title="bbox 546 1859 808 1871">
    <p class='ocr_par' dir='ltr' id='par_1_4' title="bbox 546 1859 808 1871">
     <span class='ocr_line' id='line_1_12' title="bbox 546 1859 808 1871; baseline -0.011 0"><span class='ocrx_word' id='word_1_92' title='bbox 546 1859 808 1871; x_wconf 59' lang='grc' dir='ltr'><strong>--η--ι--ι-</strong></span> 
     </span>
    </p>
   </div>
   <div class='ocr_carea' id='block_1_5' title="bbox 107 2488 1237 2686">
    <p class='ocr_par' dir='ltr' id='par_1_5' title="bbox 107 2488 1237 2686">
     <span class='ocr_line' id='line_1_13' title="bbox 107 2488 1237 2582; baseline 0.002 -23"><span class='ocrx_word' id='word_1_93' title='bbox 107 2493 157 2559; x_wconf 75' lang='lat' dir='ltr'><strong>Az</strong></span> <span class='ocrx_word' id='word_1_94' title='bbox 172 2491 355 2576; x_wconf 72' lang='lat' dir='ltr'><strong>eszterpami</strong></span> <span class='ocrx_word' id='word_1_95' title='bbox 370 2488 528 2574; x_wconf 73' lang='lat' dir='ltr'><strong>kdptalao</strong></span> <span class='ocrx_word' id='word_1_96' title='bbox 553 2488 825 2574; x_wconf 77' lang='lat' dir='ltr'><strong>bizouysripleoele,</strong></span> <span class='ocrx_word' id='word_1_97' title='bbox 852 2489 932 2578; x_wconf 71' lang='lat' dir='ltr'><strong>kopp</strong></span> <span class='ocrx_word' id='word_1_98' title='bbox 955 2491 1101 2580; x_wconf 70' lang='lat' dir='ltr'><strong>Weudepi</strong></span> <span class='ocrx_word' id='word_1_99' title='bbox 1120 2495 1237 2582; x_wconf 80' lang='lat' dir='ltr'><strong>Epeleu</strong></span> 
     </span>
     <span class='ocr_line' id='line_1_14' title="bbox 263 2595 1090 2686; baseline 0.006 -25"><span class='ocrx_word' id='word_1_100' title='bbox 263 2597 331 2661; x_wconf 74' lang='lat' dir='ltr'><strong>leoli</strong></span> <span class='ocrx_word' id='word_1_101' title='bbox 345 2595 535 2682; x_wconf 75' lang='lat' dir='ltr'><strong>birtoltjoprit</strong></span> <span class='ocrx_word' id='word_1_102' title='bbox 551 2595 646 2682; x_wconf 82' lang='lat' dir='ltr'><strong>Epeli</strong></span> <span class='ocrx_word' id='word_1_103' title='bbox 662 2597 842 2663; x_wconf 70' lang='lat' dir='ltr'><strong>Beoozeuelo</strong></span> <span class='ocrx_word' id='word_1_104' title='bbox 858 2599 974 2686; x_wconf 79' lang='lat' dir='ltr'><strong>eludju.</strong></span> <span class='ocrx_word' id='word_1_105' title='bbox 994 2603 1090 2666; x_wconf 86' lang='lat'><strong><em>1225.</em></strong></span> 
     </span>
    </p>
   </div>
   <div class='ocr_carea' id='block_1_6' title="bbox 108 2773 1237 4683">
    <p class='ocr_par' dir='ltr' id='par_1_6' title="bbox 108 2773 1237 4683">
     <span class='ocr_line' id='line_1_15' title="bbox 219 2773 1237 2869; baseline 0.009 -29"><span class='ocrx_word' id='word_1_106' title='bbox 219 2775 376 2842; x_wconf 84' lang='lat' dir='ltr'><strong>Nicoleus</strong></span> <span class='ocrx_word' id='word_1_107' title='bbox 393 2773 582 2860; x_wconf 89' lang='lat' dir='ltr'><strong>Prepositus</strong></span> <span class='ocrx_word' id='word_1_108' title='bbox 598 2775 831 2860; x_wconf 83' lang='lat' dir='ltr'><strong>Strigoniensis</strong></span> <span class='ocrx_word' id='word_1_109' title='bbox 848 2785 881 2843; x_wconf 86' lang='lat' dir='ltr'><strong>et</strong></span> <span class='ocrx_word' id='word_1_110' title='bbox 897 2779 1042 2846; x_wconf 84' lang='lat' dir='ltr'><strong>eiusdem</strong></span> <span class='ocrx_word' id='word_1_111' title='bbox 1063 2781 1126 2848; x_wconf 87' lang='lat' dir='ltr'><strong>looi</strong></span> <span class='ocrx_word' id='word_1_112' title='bbox 1143 2780 1237 2869; x_wconf 75' lang='lat' dir='ltr'><strong>Capi-</strong></span> 
     </span>
     <span class='ocr_line' id='line_1_16' title="bbox 110 2881 1236 2971; baseline 0.006 -23"><span class='ocrx_word' id='word_1_113' title='bbox 110 2885 217 2950; x_wconf 87' lang='lat' dir='ltr'><strong>tulum</strong></span> <span class='ocrx_word' id='word_1_114' title='bbox 234 2882 394 2968; x_wconf 88' lang='lat' dir='ltr'><strong>omnibus,</strong></span> <span class='ocrx_word' id='word_1_115' title='bbox 411 2881 454 2948; x_wconf 81' lang='lat' dir='ltr'><strong>ad</strong></span> <span class='ocrx_word' id='word_1_116' title='bbox 470 2902 552 2966; x_wconf 89' lang='lat' dir='ltr'><strong>quos</strong></span> <span class='ocrx_word' id='word_1_117' title='bbox 568 2881 675 2950; x_wconf 89' lang='lat' dir='ltr'><strong>littere</strong></span> <span class='ocrx_word' id='word_1_118' title='bbox 692 2893 860 2971; x_wconf 88' lang='lat' dir='ltr'><strong>presentes</strong></span> <span class='ocrx_word' id='word_1_119' title='bbox 880 2887 1098 2971; x_wconf 87' lang='lat' dir='ltr'><strong>peruenerint,</strong></span> <span class='ocrx_word' id='word_1_120' title='bbox 1116 2889 1236 2956; x_wconf 84' lang='lat' dir='ltr'><strong>oraeio-</strong></span> 
     </span>
     <span class='ocr_line' id='line_1_17' title="bbox 110 2989 1236 3080; baseline 0.007 -24"><span class='ocrx_word' id='word_1_121' title='bbox 110 3011 170 3056; x_wconf 85' lang='lat' dir='ltr'><strong>nes</strong></span> <span class='ocrx_word' id='word_1_122' title='bbox 187 2993 222 3056; x_wconf 93' lang='lat' dir='ltr'><strong>in</strong></span> <span class='ocrx_word' id='word_1_123' title='bbox 239 2990 389 3057; x_wconf 91' lang='lat' dir='ltr'><strong>Domino.</strong></span> <span class='ocrx_word' id='word_1_124' title='bbox 418 2989 629 3057; x_wconf 85' lang='lat' dir='ltr'><strong>Vniuersitati</strong></span> <span class='ocrx_word' id='word_1_125' title='bbox 646 3001 754 3059; x_wconf 85' lang='lat' dir='ltr'><strong>uestro</strong></span> <span class='ocrx_word' id='word_1_126' title='bbox 770 2993 1000 3078; x_wconf 82' lang='lat' dir='ltr'><strong>significemus,</strong></span> <span class='ocrx_word' id='word_1_127' title='bbox 1017 2997 1104 3080; x_wconf 88' lang='lat' dir='ltr'><strong>quod</strong></span> <span class='ocrx_word' id='word_1_128' title='bbox 1119 3000 1236 3064; x_wconf 78' lang='lat' dir='ltr'><strong>consti·</strong></span> 
     </span>
     <span class='ocr_line' id='line_1_18' title="bbox 109 3099 1236 3188; baseline 0.007 -24"><span class='ocrx_word' id='word_1_129' title='bbox 109 3099 189 3164; x_wconf 87' lang='lat' dir='ltr'><strong>tutis</strong></span> <span class='ocrx_word' id='word_1_130' title='bbox 215 3099 249 3164; x_wconf 94' lang='lat' dir='ltr'><strong>in</strong></span> <span class='ocrx_word' id='word_1_131' title='bbox 275 3104 389 3165; x_wconf 81' lang='lat' dir='ltr'><strong>nostra</strong></span> <span class='ocrx_word' id='word_1_132' title='bbox 413 3099 584 3183; x_wconf 83' lang='lat' dir='ltr'><strong>presenoie</strong></span> <span class='ocrx_word' id='word_1_133' title='bbox 600 3100 770 3186; x_wconf 86' lang='lat' dir='ltr'><strong>Wendegy</strong></span> <span class='ocrx_word' id='word_1_134' title='bbox 787 3100 828 3166; x_wconf 90' lang='lat' dir='ltr'><strong>de</strong></span> <span class='ocrx_word' id='word_1_135' title='bbox 854 3101 932 3168; x_wconf 83' lang='lat' dir='ltr'><strong>uilla</strong></span> <span class='ocrx_word' id='word_1_136' title='bbox 956 3103 1073 3188; x_wconf 78' lang='lat' dir='ltr'><strong>lipely‚</strong></span> <span class='ocrx_word' id='word_1_137' title='bbox 1100 3107 1143 3172; x_wconf 82' lang='lat' dir='ltr'><strong>ub</strong></span> <span class='ocrx_word' id='word_1_138' title='bbox 1171 3126 1236 3172; x_wconf 83' lang='lat' dir='ltr'><strong>unu</strong></span> 
     </span>
     <span class='ocr_line' id='line_1_19' title="bbox 110 3205 1236 3294; baseline 0.003 -21"><span class='ocrx_word' id='word_1_139' title='bbox 110 3213 217 3292; x_wconf 82' lang='lat' dir='ltr'><strong>parte,</strong></span> <span class='ocrx_word' id='word_1_140' title='bbox 235 3205 410 3272; x_wconf 89' lang='lat' dir='ltr'><strong>Benedioto</strong></span> <span class='ocrx_word' id='word_1_141' title='bbox 437 3213 468 3271; x_wconf 93' lang='lat' dir='ltr'><strong>et</strong></span> <span class='ocrx_word' id='word_1_142' title='bbox 484 3205 552 3272; x_wconf 89' lang='lat' dir='ltr'><strong>illio</strong></span> <span class='ocrx_word' id='word_1_143' title='bbox 568 3208 638 3274; x_wconf 87' lang='lat' dir='ltr'><strong>eius</strong></span> <span class='ocrx_word' id='word_1_144' title='bbox 653 3208 788 3274; x_wconf 86' lang='lat' dir='ltr'><strong>Muthud</strong></span> <span class='ocrx_word' id='word_1_145' title='bbox 814 3207 854 3274; x_wconf 90' lang='lat' dir='ltr'><strong>de</strong></span> <span class='ocrx_word' id='word_1_146' title='bbox 878 3209 992 3274; x_wconf 86' lang='lat' dir='ltr'><strong>eedem</strong></span> <span class='ocrx_word' id='word_1_147' title='bbox 1018 3211 1107 3294; x_wconf 78' lang='lat' dir='ltr'><strong>uilla,</strong></span> <span class='ocrx_word' id='word_1_148' title='bbox 1134 3211 1175 3276; x_wconf 80' lang='lat' dir='ltr'><strong>ab</strong></span> <span class='ocrx_word' id='word_1_149' title='bbox 1192 3213 1236 3276; x_wconf 84' lang='lat' dir='ltr'><strong>al·</strong></span> 
     </span>
     <span class='ocr_line' id='line_1_20' title="bbox 109 3314 1235 3401; baseline 0.004 -21"><span class='ocrx_word' id='word_1_150' title='bbox 109 3322 193 3398; x_wconf 81' lang='lat' dir='ltr'><strong>tere,</strong></span> <span class='ocrx_word' id='word_1_151' title='bbox 212 3314 381 3401; x_wconf 89' lang='lat' dir='ltr'><strong>proposuit</strong></span> <span class='ocrx_word' id='word_1_152' title='bbox 406 3314 511 3379; x_wconf 86' lang='lat' dir='ltr'><strong>dictus</strong></span> <span class='ocrx_word' id='word_1_153' title='bbox 528 3314 709 3400; x_wconf 82' lang='lat' dir='ltr'><strong>Wendegy,</strong></span> <span class='ocrx_word' id='word_1_154' title='bbox 735 3316 822 3398; x_wconf 87' lang='lat' dir='ltr'><strong>quod</strong></span> <span class='ocrx_word' id='word_1_155' title='bbox 838 3315 898 3399; x_wconf 83' lang='lat' dir='ltr'><strong>ius,</strong></span> <span class='ocrx_word' id='word_1_156' title='bbox 923 3315 1008 3400; x_wconf 87' lang='lat' dir='ltr'><strong>quod</strong></span> <span class='ocrx_word' id='word_1_157' title='bbox 1034 3317 1177 3384; x_wconf 83' lang='lat' dir='ltr'><strong>habebat</strong></span> <span class='ocrx_word' id='word_1_158' title='bbox 1201 3321 1235 3385; x_wconf 92' lang='lat' dir='ltr'><strong>iu</strong></span> 
     </span>
     <span class='ocr_line' id='line_1_21' title="bbox 110 3421 1235 3508; baseline 0.002 -20"><span class='ocrx_word' id='word_1_159' title='bbox 110 3423 200 3488; x_wconf 80' lang='lat' dir='ltr'><strong>diota</strong></span> <span class='ocrx_word' id='word_1_160' title='bbox 216 3421 296 3486; x_wconf 83' lang='lat' dir='ltr'><strong>uilla</strong></span> <span class='ocrx_word' id='word_1_161' title='bbox 313 3421 427 3506; x_wconf 84' lang='lat' dir='ltr'><strong>Epely‚</strong></span> <span class='ocrx_word' id='word_1_162' title='bbox 454 3428 521 3493; x_wconf 83' lang='lat' dir='ltr'><strong>tant</strong></span> <span class='ocrx_word' id='word_1_163' title='bbox 538 3421 570 3486; x_wconf 91' lang='lat' dir='ltr'><strong>in</strong></span> <span class='ocrx_word' id='word_1_164' title='bbox 587 3429 681 3506; x_wconf 88' lang='lat' dir='ltr'><strong>terra,</strong></span> <span class='ocrx_word' id='word_1_165' title='bbox 710 3441 806 3506; x_wconf 82' lang='lat' dir='ltr'><strong>quern</strong></span> <span class='ocrx_word' id='word_1_166' title='bbox 824 3423 856 3486; x_wconf 94' lang='lat' dir='ltr'><strong>in</strong></span> <span class='ocrx_word' id='word_1_167' title='bbox 874 3422 991 3507; x_wconf 77' lang='lat' dir='ltr'><strong>teneto,</strong></span> <span class='ocrx_word' id='word_1_168' title='bbox 1018 3443 1115 3508; x_wconf 82' lang='lat' dir='ltr'><strong>quem</strong></span> <span class='ocrx_word' id='word_1_169' title='bbox 1132 3427 1235 3492; x_wconf 81' lang='lat' dir='ltr'><strong>eoiam</strong></span> 
     </span>
     <span class='ocr_line' id='line_1_22' title="bbox 109 3528 1235 3614; baseline 0.006 -21"><span class='ocrx_word' id='word_1_170' title='bbox 109 3530 141 3594; x_wconf 90' lang='lat' dir='ltr'><strong>io</strong></span> <span class='ocrx_word' id='word_1_171' title='bbox 162 3528 301 3611; x_wconf 83' lang='lat' dir='ltr'><strong>siluulis‚</strong></span> <span class='ocrx_word' id='word_1_172' title='bbox 328 3547 391 3611; x_wconf 90' lang='lat' dir='ltr'><strong>que</strong></span> <span class='ocrx_word' id='word_1_173' title='bbox 407 3528 507 3609; x_wconf 86' lang='lat' dir='ltr'><strong>vulgo</strong></span> <span class='ocrx_word' id='word_1_174' title='bbox 524 3531 647 3594; x_wconf 66' lang='lat' dir='ltr'><strong>lot-ool</strong></span> <span class='ocrx_word' id='word_1_175' title='bbox 669 3529 830 3614; x_wconf 82' lang='lat' dir='ltr'><strong>dicuntur,</strong></span> <span class='ocrx_word' id='word_1_176' title='bbox 858 3529 898 3596; x_wconf 89' lang='lat' dir='ltr'><strong>de</strong></span> <span class='ocrx_word' id='word_1_177' title='bbox 916 3532 1083 3599; x_wconf 81' lang='lat' dir='ltr'><strong>uoluntate</strong></span> <span class='ocrx_word' id='word_1_178' title='bbox 1100 3533 1235 3602; x_wconf 82' lang='lat' dir='ltr'><strong>uilluno-</strong></span> 
     </span>
     <span class='ocr_line' id='line_1_23' title="bbox 109 3633 1236 3727; baseline 0.006 -25"><span class='ocrx_word' id='word_1_179' title='bbox 109 3657 182 3702; x_wconf 88' lang='lat' dir='ltr'><strong>rum</strong></span> <span class='ocrx_word' id='word_1_180' title='bbox 209 3654 349 3718; x_wconf 86' lang='lat' dir='ltr'><strong>suorum,</strong></span> <span class='ocrx_word' id='word_1_181' title='bbox 377 3633 505 3719; x_wconf 81' lang='lat' dir='ltr'><strong>prelato</strong></span> <span class='ocrx_word' id='word_1_182' title='bbox 530 3636 706 3702; x_wconf 87' lang='lat' dir='ltr'><strong>Benedioto</strong></span> <span class='ocrx_word' id='word_1_183' title='bbox 723 3645 755 3702; x_wconf 89' lang='lat' dir='ltr'><strong>et</strong></span> <span class='ocrx_word' id='word_1_184' title='bbox 780 3639 846 3706; x_wconf 88' lang='lat' dir='ltr'><strong>lilio</strong></span> <span class='ocrx_word' id='word_1_185' title='bbox 870 3639 941 3706; x_wconf 89' lang='lat' dir='ltr'><strong>eius</strong></span> <span class='ocrx_word' id='word_1_186' title='bbox 956 3641 1092 3707; x_wconf 87' lang='lat' dir='ltr'><strong>Muthud</strong></span> <span class='ocrx_word' id='word_1_187' title='bbox 1115 3663 1174 3727; x_wconf 89' lang='lat' dir='ltr'><strong>pro</strong></span> <span class='ocrx_word' id='word_1_188' title='bbox 1191 3645 1236 3709; x_wconf 89' lang='lat' dir='ltr'><strong>IV</strong></span> 
     </span>
     <span class='ocr_line' id='line_1_24' title="bbox 109 3740 1233 3835; baseline 0.007 -25"><span class='ocrx_word' id='word_1_189' title='bbox 109 3743 231 3810; x_wconf 81' lang='lat' dir='ltr'><strong>mareis</strong></span> <span class='ocrx_word' id='word_1_190' title='bbox 248 3743 376 3825; x_wconf 85' lang='lat' dir='ltr'><strong>argenti</strong></span> <span class='ocrx_word' id='word_1_191' title='bbox 392 3749 425 3808; x_wconf 88' lang='lat' dir='ltr'><strong>et</strong></span> <span class='ocrx_word' id='word_1_192' title='bbox 442 3740 578 3808; x_wconf 85' lang='lat' dir='ltr'><strong>dimidio</strong></span> <span class='ocrx_word' id='word_1_193' title='bbox 593 3744 739 3811; x_wconf 85' lang='lat' dir='ltr'><strong>totaliter</strong></span> <span class='ocrx_word' id='word_1_194' title='bbox 754 3745 965 3832; x_wconf 84' lang='lat' dir='ltr'><strong>uendidisset,</strong></span> <span class='ocrx_word' id='word_1_195' title='bbox 990 3757 1147 3835; x_wconf 88' lang='lat' dir='ltr'><strong>perpetuo</strong></span> <span class='ocrx_word' id='word_1_196' title='bbox 1164 3772 1233 3835; x_wconf 91' lang='lat' dir='ltr'><strong>pos-</strong></span> 
     </span>
     <span class='ocr_line' id='line_1_25' title="bbox 109 3850 1236 3939; baseline 0.008 -21"><span class='ocrx_word' id='word_1_197' title='bbox 109 3850 295 3935; x_wconf 84' lang='lat' dir='ltr'><strong>sidendum,</strong></span> <span class='ocrx_word' id='word_1_198' title='bbox 322 3859 355 3918; x_wconf 84' lang='lat' dir='ltr'><strong>et</strong></span> <span class='ocrx_word' id='word_1_199' title='bbox 369 3850 416 3917; x_wconf 86' lang='lat' dir='ltr'><strong>de</strong></span> <span class='ocrx_word' id='word_1_200' title='bbox 427 3854 537 3938; x_wconf 89' lang='lat' dir='ltr'><strong>preoio</strong></span> <span class='ocrx_word' id='word_1_201' title='bbox 563 3854 751 3937; x_wconf 85' lang='lat' dir='ltr'><strong>plenissime</strong></span> <span class='ocrx_word' id='word_1_202' title='bbox 768 3857 831 3939; x_wconf 87' lang='lat' dir='ltr'><strong>sibj</strong></span> <span class='ocrx_word' id='word_1_203' title='bbox 847 3857 1049 3924; x_wconf 83' lang='lat' dir='ltr'><strong>satisfaotum</strong></span> <span class='ocrx_word' id='word_1_204' title='bbox 1076 3877 1149 3925; x_wconf 86' lang='lat' dir='ltr'><strong>esse</strong></span> <span class='ocrx_word' id='word_1_205' title='bbox 1165 3881 1236 3926; x_wconf 90' lang='lat' dir='ltr'><strong>oon·</strong></span> 
     </span>
     <span class='ocr_line' id='line_1_26' title="bbox 108 3961 1235 4048; baseline 0.008 -24"><span class='ocrx_word' id='word_1_206' title='bbox 108 3961 217 4025; x_wconf 86' lang='lat' dir='ltr'><strong>lessus</strong></span> <span class='ocrx_word' id='word_1_207' title='bbox 235 3969 294 4024; x_wconf 89' lang='lat' dir='ltr'><strong>est.</strong></span> <span class='ocrx_word' id='word_1_208' title='bbox 319 3961 391 4044; x_wconf 82' lang='lat' dir='ltr'><strong>llys</strong></span> <span class='ocrx_word' id='word_1_209' title='bbox 407 3980 428 4024; x_wconf 86' lang='lat' dir='ltr'><strong>a</strong></span> <span class='ocrx_word' id='word_1_210' title='bbox 445 3961 614 4028; x_wconf 88' lang='lat' dir='ltr'><strong>uenditore</strong></span> <span class='ocrx_word' id='word_1_211' title='bbox 630 3963 817 4048; x_wconf 85' lang='lat' dir='ltr'><strong>propositis,</strong></span> <span class='ocrx_word' id='word_1_212' title='bbox 842 3965 886 4030; x_wconf 92' lang='lat' dir='ltr'><strong>VI</strong></span> <span class='ocrx_word' id='word_1_213' title='bbox 902 3965 1048 4031; x_wconf 87' lang='lat' dir='ltr'><strong>homines</strong></span> <span class='ocrx_word' id='word_1_214' title='bbox 1064 3965 1105 4030; x_wconf 88' lang='lat' dir='ltr'><strong>de</strong></span> <span class='ocrx_word' id='word_1_215' title='bbox 1121 3967 1235 4033; x_wconf 81' lang='lat' dir='ltr'><strong>eadem</strong></span> 
     </span>
     <span class='ocr_line' id='line_1_27' title="bbox 108 4067 1236 4157; baseline 0.004 -24"><span class='ocrx_word' id='word_1_216' title='bbox 108 4068 202 4151; x_wconf 85' lang='lat' dir='ltr'><strong>nilla,</strong></span> <span class='ocrx_word' id='word_1_217' title='bbox 220 4067 391 4134; x_wconf 76' lang='lat' dir='ltr'><strong>uidelicet:</strong></span> <span class='ocrx_word' id='word_1_218' title='bbox 418 4069 572 4152; x_wconf 79' lang='lat' dir='ltr'><strong>lacobus,</strong></span> <span class='ocrx_word' id='word_1_219' title='bbox 599 4069 713 4152; x_wconf 78' lang='lat' dir='ltr'><strong>Petha,</strong></span> <span class='ocrx_word' id='word_1_220' title='bbox 730 4069 843 4154; x_wconf 78' lang='lat' dir='ltr'><strong>Chele,</strong></span> <span class='ocrx_word' id='word_1_221' title='bbox 861 4069 969 4157; x_wconf 84' lang='lat' dir='ltr'><strong>Mogd,</strong></span> <span class='ocrx_word' id='word_1_222' title='bbox 997 4071 1131 4156; x_wconf 79' lang='lat' dir='ltr'><strong>Resona,</strong></span> <span class='ocrx_word' id='word_1_223' title='bbox 1153 4071 1236 4138; x_wconf 85' lang='lat' dir='ltr'><strong>Ohu-</strong></span> 
     </span>
     <span class='ocr_line' id='line_1_28' title="bbox 109 4173 1235 4262; baseline 0.004 -21"><span class='ocrx_word' id='word_1_224' title='bbox 109 4195 195 4258; x_wconf 86' lang='lat' dir='ltr'><strong>mov,</strong></span> <span class='ocrx_word' id='word_1_225' title='bbox 223 4194 263 4238; x_wconf 84' lang='lat' dir='ltr'><strong>er</strong></span> <span class='ocrx_word' id='word_1_226' title='bbox 280 4181 373 4260; x_wconf 83' lang='lat' dir='ltr'><strong>parte</strong></span> <span class='ocrx_word' id='word_1_227' title='bbox 397 4173 590 4242; x_wconf 86' lang='lat' dir='ltr'><strong>uillanorum</strong></span> <span class='ocrx_word' id='word_1_228' title='bbox 616 4177 809 4262; x_wconf 83' lang='lat' dir='ltr'><strong>transmissj,</strong></span> <span class='ocrx_word' id='word_1_229' title='bbox 837 4181 871 4242; x_wconf 89' lang='lat' dir='ltr'><strong>ut</strong></span> <span class='ocrx_word' id='word_1_230' title='bbox 888 4177 1047 4262; x_wconf 85' lang='lat' dir='ltr'><strong>dioebunt,</strong></span> <span class='ocrx_word' id='word_1_231' title='bbox 1074 4178 1235 4262; x_wconf 83' lang='lat' dir='ltr'><strong>prefatum</strong></span> 
     </span>
     <span class='ocr_line' id='line_1_29' title="bbox 108 4283 1235 4371; baseline 0.003 -21"><span class='ocrx_word' id='word_1_232' title='bbox 108 4288 311 4350; x_wconf 78' lang='lat' dir='ltr'><strong>contractum</strong></span> <span class='ocrx_word' id='word_1_233' title='bbox 324 4283 406 4369; x_wconf 85' lang='lat' dir='ltr'><strong>ipsis</strong></span> <span class='ocrx_word' id='word_1_234' title='bbox 423 4284 701 4352; x_wconf 79' lang='lat' dir='ltr'><strong>consencientibus</strong></span> <span class='ocrx_word' id='word_1_235' title='bbox 712 4286 797 4352; x_wconf 91' lang='lat' dir='ltr'><strong>inter</strong></span> <span class='ocrx_word' id='word_1_236' title='bbox 813 4291 923 4371; x_wconf 85' lang='lat' dir='ltr'><strong>partes</strong></span> <span class='ocrx_word' id='word_1_237' title='bbox 939 4285 1059 4351; x_wconf 83' lang='lat' dir='ltr'><strong>laetum</strong></span> <span class='ocrx_word' id='word_1_238' title='bbox 1077 4305 1150 4352; x_wconf 86' lang='lat' dir='ltr'><strong>esse</strong></span> <span class='ocrx_word' id='word_1_239' title='bbox 1163 4307 1235 4371; x_wconf 91' lang='lat' dir='ltr'><strong>pro-</strong></span> 
     </span>
     <span class='ocr_line' id='line_1_30' title="bbox 109 4393 1236 4479; baseline 0.001 -21"><span class='ocrx_word' id='word_1_240' title='bbox 109 4393 221 4476; x_wconf 79' lang='lat' dir='ltr'><strong>testntj</strong></span> <span class='ocrx_word' id='word_1_241' title='bbox 239 4395 323 4456; x_wconf 91' lang='lat' dir='ltr'><strong>sunt.</strong></span> <span class='ocrx_word' id='word_1_242' title='bbox 350 4393 602 4460; x_wconf 88' lang='lat' dir='ltr'><strong>Postuluuerunt</strong></span> <span class='ocrx_word' id='word_1_243' title='bbox 618 4413 697 4475; x_wconf 85' lang='lat' dir='ltr'><strong>ergo</strong></span> <span class='ocrx_word' id='word_1_244' title='bbox 714 4395 824 4458; x_wconf 91' lang='lat' dir='ltr'><strong>ouines</strong></span> <span class='ocrx_word' id='word_1_245' title='bbox 841 4394 1062 4476; x_wconf 79' lang='lat' dir='ltr'><strong>communiter,</strong></span> <span class='ocrx_word' id='word_1_246' title='bbox 1089 4399 1123 4458; x_wconf 92' lang='lat' dir='ltr'><strong>ut</strong></span> <span class='ocrx_word' id='word_1_247' title='bbox 1138 4413 1236 4479; x_wconf 90' lang='lat' dir='ltr'><strong>super</strong></span> 
     </span>
     <span class='ocr_line' id='line_1_31' title="bbox 108 4497 1237 4584; baseline 0.002 -20"><span class='ocrx_word' id='word_1_248' title='bbox 108 4499 171 4564; x_wconf 87' lang='lat' dir='ltr'><strong>hoo</strong></span> <span class='ocrx_word' id='word_1_249' title='bbox 198 4497 285 4564; x_wconf 79' lang='lat' dir='ltr'><strong>laeto</strong></span> <span class='ocrx_word' id='word_1_250' title='bbox 301 4499 427 4566; x_wconf 78' lang='lat' dir='ltr'><strong>litteras</strong></span> <span class='ocrx_word' id='word_1_251' title='bbox 452 4499 703 4568; x_wconf 79' lang='lat' dir='ltr'><strong>concederemus</strong></span> <span class='ocrx_word' id='word_1_252' title='bbox 728 4501 982 4584; x_wconf 82' lang='lat' dir='ltr'><strong>testimoniales,</strong></span> <span class='ocrx_word' id='word_1_253' title='bbox 1007 4501 1110 4584; x_wconf 77' lang='lat' dir='ltr'><strong>sigilli</strong></span> <span class='ocrx_word' id='word_1_254' title='bbox 1135 4502 1237 4568; x_wconf 88' lang='lat' dir='ltr'><strong>nostri</strong></span> 
     </span>
     <span class='ocr_line' id='line_1_32' title="bbox 109 4603 1235 4683; baseline 0.005 -11"><span class='ocrx_word' id='word_1_255' title='bbox 109 4604 288 4672; x_wconf 87' lang='lat' dir='ltr'><strong>munimine</strong></span> <span class='ocrx_word' id='word_1_256' title='bbox 312 4606 494 4672; x_wconf 79' lang='lat' dir='ltr'><strong>roboratas.</strong></span> <span class='ocrx_word' id='word_1_257' title='bbox 520 4603 616 4683; x_wconf 84' lang='lat' dir='ltr'><strong>Quod</strong></span> <span class='ocrx_word' id='word_1_258' title='bbox 632 4613 663 4672; x_wconf 87' lang='lat' dir='ltr'><strong>et</strong></span> <span class='ocrx_word' id='word_1_259' title='bbox 679 4604 815 4674; x_wconf 79' lang='lat' dir='ltr'><strong>fecimus</strong></span> <span class='ocrx_word' id='word_1_260' title='bbox 833 4627 918 4674; x_wconf 84' lang='lat' dir='ltr'><strong>enno</strong></span> <span class='ocrx_word' id='word_1_261' title='bbox 945 4607 987 4673; x_wconf 83' lang='lat' dir='ltr'><strong>ab</strong></span> <span class='ocrx_word' id='word_1_262' title='bbox 1002 4607 1235 4678; x_wconf 80' lang='lat' dir='ltr'><strong>Inoernueione</strong></span> 
     </span>
    </p>
   </div>
   <div class='ocr_carea' id='block_1_7' title="bbox 0 0 1605 5182">
    <p class='ocr_par' dir='ltr' id='par_1_7' title="bbox 0 0 1605 5182">
     <span class='ocr_line' id='line_1_33' title="bbox 0 0 1605 5182; baseline 0 0"><span class='ocrx_word' id='word_1_263' title='bbox 0 0 1605 5182; x_wconf 95' lang='lat' dir='ltr'><strong> </strong></span> 
     </span>
    </p>
   </div>
  </div>
 </body>
</html>
