3202 5190
606 327 768 432 *236-

117 531 152 595 in
173 521 355 590 festivitate
380 521 533 590 videlicet
547 524 658 591 Sancti
675 524 866 609 Michaelis,
895 527 1066 594 coronavit
1076 577 1085 610 ,
1114 533 1146 594 ct
1162 529 1254 595 bene·

119 629 202 695 dixit
218 631 411 718 Imperatori
424 629 629 716 0a10j0ami,
642 632 783 700 Domino
800 631 944 701 omnium
962 633 1190 718 Bulgarorum,
1209 644 1254 703 at-

118 755 180 821 que
190 737 398 822 Blachorum,
415 743 448 804 et
464 758 562 826 super
579 742 688 826 posuit
704 741 806 828 capiti
817 761 876 808 suo
888 741 1026 826 Regiam
1037 761 1205 829 coronam,
1221 749 1255 811 et

121 851 287 932 sceptrum
304 847 372 912 suis
388 846 539 912 manibus
566 847 748 934 imponcns.
778 847 897 916 Omnia
922 849 1005 915 haec
1030 850 1206 935 complevit
1221 858 1254 916 et

116 952 258 1039 perfecit
273 953 453 1020 secundum
467 955 657 1022 Sanctitatis
668 957 805 1022 Vestrae
822 955 918 1040 velle,
936 961 968 1024 ct
983 956 1183 1024 benedicens
1198 978 1253 1025 no

122 1061 182 1144 bis,
202 1067 396 1147 segregatus
413 1069 463 1128 cst
479 1082 499 1126 a
515 1063 611 1130 nobis
627 1064 749 1130 mensis
765 1064 961 1132 Novembris
982 1063 1035 1131 die
1052 1064 1250 1148 quintodeci-

120 1189 183 1236 mo.
200 1170 341 1254 Interea,
359 1169 443 1235 sciat
458 1172 578 1236 Vestra
593 1172 716 1256 Magna
731 1171 910 1254 Sanctitas,
928 1171 1016 1256 quod
1033 1170 1114 1238 duos
1130 1189 1251 1269 pueros

118 1295 159 1341 ex
176 1283 352 1364 praecepto
369 1277 492 1345 domini
516 1279 725 1364 Imperatoris
741 1279 834 1346 vobis
857 1278 969 1362 mitt03
996 1297 1078 1344 unus
1096 1282 1146 1345 cst
1160 1297 1249 1362 pres-

118 1381 228 1467 byteri
245 1383 450 1450 Constantini
475 1383 579 1468 fiilos,
607 1384 691 1449 alius
717 1403 794 1450 vero
810 1385 928 1469 Regis,
956 1389 990 1449 nt
1006 1404 1047 1450 en
1073 1390 1248 1470 praecepto

118 1491 258 1556 Vestrae
275 1490 465 1556 Sanctitatis
481 1491 605 1557 litteras
618 1491 753 1558 Latinas
770 1491 949 1558 addiscant.
968 1491 1009 1556 ut
1019 1491 1177 1576 quidquid
1187 1511 1249 1557 me·

117 1597 216 1662 ditari
243 1596 361 1662 valetis
377 1596 421 1661 ad
441 1597 596 1664 honorem
621 1599 844 1684 Imperatoris,
870 1598 1009 1665 faciatis.
1037 1600 1248 1665 Manuteneat

118 1704 205 1770 cuim
215 1704 677 1772 DeusVestramSanctitatem
689 1725 748 1790 per
759 1707 863 1772 multa
873 1713 905 1772 et
916 1707 1080 1789 longaeva
1090 1712 1246 1790 tempora.

251 1898 354 1965 (ldigno
367 1917 393 1953 u.
407 1917 431 1952 o.
444 1903 481 1953 11.
496 1903 552 1955 loc
567 1904 628 1953 558.
641 1903 677 1966 l.;
697 1903 814 1954 Thelser
828 1919 853 1954 u.
868 1921 892 1958 o.
907 1905 929 1954 1.
943 1904 998 1954 irbi.
1012 1904 1056 1954 39.
1070 1903 1100 1968 l.)

549 2205 811 2220 ψ

635 2705 712 2773 183.

108 2907 172 2972 ΙΙΙ.
189 2907 281 2971 Iuczc
293 2907 450 2991 pdpdnak
466 2905 558 2970 leuato
574 2903 724 2970 Doudolo
745 2905 869 2968 Heus-ilc
894 2906 1043 2973 velaacaei
1069 2906 1202 2992 dopebea
1217 2931 1239 2973 a

175 3012 299 3098 jddrui
314 3015 346 3077 ds
360 3010 652 3096 kcuctantiadpolya'
668 3011 841 3096 escmdayelc
858 3012 1044 3098 tdrpydbau.
1062 3015 1160 3077 1204.

215 3210 425 3276 Innocentius
449 3207 630 3293 Episcopus
648 3213 708 3272 etc.
725 3205 827 3272 nobili
849 3205 919 3272 viro
931 3255 938 3269 .
952 3254 978 3270 ..
1003 3207 1086 3273 Duci
1102 3209 1237 3276 Veneto-

106 3335 192 3398 rum,
218 3314 368 3401 spIritum
394 3313 530 3382 Consilii
556 3313 707 3380 sanioris.
734 3311 1024 3380 Praedecessorum
1052 3320 1235 3383 nostrorum

106 3420 258 3506 vestigiis
273 3420 488 3504 inhaerentes,
506 3419 561 3502 qui
578 3418 743 3484 civitatem
754 3417 963 3484 Venetiarom
974 3419 1007 3484 in
1017 3421 1166 3505 pluribus
1182 3422 1236 3488 ho-

107 3533 276 3610 norarunt,
294 3527 338 3593 ad
353 3527 510 3594 honorem
526 3525 597 3609 ejus
612 3523 811 3592 intendimus
827 3531 860 3591 et
875 3524 1065 3609 proiectum,
1082 3547 1143 3593 nec
1154 3527 1236 3594 diffr-

110 3638 190 3704 ciles
205 3653 267 3702 nos
283 3634 488 3701 exhibuimus
505 3633 537 3700 iu
553 3633 766 3718 petitionibus
791 3634 886 3702 nohis
902 3655 962 3721 pro
977 3636 1053 3721 ipsa
1068 3635 1233 3721 porrectis,

106 3744 164 3812 sed
183 3763 252 3826 eas,
269 3749 425 3825 quantum
441 3761 514 3808 com
530 3741 611 3824 Deo,
628 3747 660 3805 et
675 3738 848 3808 honestate
861 3742 1036 3828 potuimus,
1053 3744 1235 3810 curavimus

107 3868 311 3938 promovere,
338 3850 421 3915 sicut
436 3853 469 3914 et
483 3849 547 3934 ipsi
567 3847 725 3933 novimus,
753 3856 785 3915 et
801 3855 834 3914 te
849 3850 1011 3917 credimus
1037 3851 1233 3918 meminisse.

105 3960 223 4025 Verum
240 3963 361 4041 quanto
378 3957 485 4040 magis
502 3954 545 4022 ad
561 3955 632 4039 ejus
648 3953 866 4040 aspiravimus
886 3956 1088 4024 commodum
1107 3963 1139 4022 et
1157 3978 1234 4043 aog-

108 4071 262 4147 mentom,
287 4071 379 4133 tanto
396 4063 654 4133 desideravimus
670 4061 830 4148 amplios,
857 4081 899 4129 ne
913 4064 1002 4130 illius
1017 4064 1051 4128 in
1068 4082 1103 4129 se
1120 4085 1233 4150 provo·

106 4183 196 4242 caret
212 4174 382 4258 offensam,
399 4173 454 4258 qui
469 4175 595 4240 exaltat
610 4172 757 4253 humiles,
775 4179 807 4239 et
816 4173 967 4240 humiliat
982 4173 1153 4239 exaltatos.
1168 4170 1234 4239 No·

107 4289 200 4349 verat
215 4287 324 4348 antem
340 4289 398 4348 tua
412 4281 579 4363 nobilitas,
595 4283 731 4346 noverat
746 4285 779 4345 et
788 4281 927 4368 populus
937 4282 1143 4362 Venetorum,
1157 4297 1233 4363 qua-

102 4391 175 4457 liter
200 4386 411 4455 charissimus
423 4389 461 4453 dn
477 4386 607 4454 Christo
631 4385 719 4454 filius
734 4391 855 4470 noster,
880 4387 921 4452 Η.
938 4389 1008 4453 Rex
1027 4385 1233 4468 Ungarorum

103 4495 258 4579 Illustris,
276 4501 309 4561 et
323 4493 445 4564 nobilis
459 4495 510 4562 vir
524 4495 564 4562 Α.
580 4497 667 4579 Dux,
682 4493 784 4561 irater
799 4493 913 4580 ipsius,
933 4501 1178 4579 assumpserant
1193 4495 1233 4561 si·

108 4622 208 4692 gnum
230 4603 353 4687 crucis,
379 4609 413 4670 et
436 4605 471 4672 in
494 4609 601 4671 terrae
625 4600 766 4670 Sanctae
791 4600 970 4670 subsidium
995 4606 1234 4690 proposuerant
