3164 5192
909 363 975 428 236

861 453 1019 474 ,-

376 552 529 620 dilectum
544 555 644 624 filium
662 557 740 623 J...
757 557 972 644 Capelianum
989 569 1021 625 et
1037 561 1230 628 familiarem
1251 573 1406 646 nostrum,
1423 567 1510 652 Apo

375 661 488 728 stolioa
505 661 599 730 Sedis
616 663 795 748 Legatum,
825 666 929 731 virum
945 668 1117 753 providum
1134 677 1167 734 et
1188 670 1383 749 discretum,
1410 694 1510 756 quem

375 787 435 836 nos
452 777 485 835 et
499 769 617 837 fratres
634 773 746 856 nostri,
766 793 823 838 sue
839 775 1008 858 religionis
1025 785 1056 842 et
1069 779 1242 862 probitatis
1259 781 1403 862 obtentu,
1424 781 1511 847 inter

374 884 500 944 ceteros
516 877 704 964 capellanos
716 887 845 948 nostros
862 884 1016 966 specialis
1032 883 1216 951 dilectionis
1233 887 1266 952 in
1277 889 1420 956 Domino
1435 891 1509 955 bra-

374 983 456 1049 chiis
471 987 714 1071 amplexamur,
742 988 882 1071 benigne
899 991 1043 1076 recipere
1060 999 1092 1057 et
1108 1001 1309 1078 pertractare
1329 997 1511 1063 honorifice

375 1091 566 1175 procuretis.
590 1093 659 1160 Nos
684 1094 769 1159 eninr
794 1095 951 1162 habentes
977 1118 1036 1163 vos
1060 1098 1092 1162 in
1118 1097 1296 1166 visceribus
1322 1103 1508 1186 eharitatis,

374 1217 504 1264 oramus
520 1197 564 1263 ad
578 1200 770 1284 Dominum,
797 1211 832 1267 ut
847 1203 894 1268 sio
912 1223 970 1290 per
986 1205 1072 1272 bona
1095 1207 1290 1291 temporalia
1304 1207 1432 1274 tribnat
1445 1230 1508 1278 vos

374 1305 523 1390 transire,
550 1308 637 1392 quod
655 1309 786 1375 tandem
810 1311 985 1378 obtineatis
1011 1321 1131 1379 eterna.
1155 1315 1276 1380 Datum
1291 1317 1450 1384 Laterani
1468 1319 1507 1382 V.

375 1411 535 1480 kalendas
558 1415 755 1482 Decembris.

517 1611 620 1678 (Migne
632 1629 659 1664 u.
673 1631 695 1666 ο.
708 1617 731 1666 1.
745 1615 801 1668 kat.
816 1620 894 1669 1118.
908 1616 926 1669 1.
938 1636 944 1681 ;
963 1618 1080 1670 Theiner
1092 1636 1119 1673 u.
1133 1637 1156 1674 o.
1170 1621 1191 1673 l.
1202 1621 1258 1673 lr'ot.
1275 1621 1316 1674 18.
1329 1619 1358 1686 l.)

894 2439 968 2506 151.

366 2635 430 2704 III.
451 2637 538 2702 lacae
551 2639 705 2726 pdpdooie
722 2637 812 2702 lovels
828 2661 849 2702 a
859 2637 1015 2722 frouczia
1031 2637 1282 2722 kerautesebhea,
1299 2639 1356 2703 tit
1372 2641 1498 2705 chrrte

365 2765 387 2805 a
402 2743 590 2808 sumanuh
604 2749 752 2810 sadordru
768 2745 965 2830 elsoplaltdk,
985 2743 1128 2831 melylpd
1143 2747 1211 2810 bloet
1224 2745 1306 2809 aaut
1322 2745 1496 2834 depietelrs

739 2853 877 2919 klitelezi.
895 2855 994 2920 1202.
1010 2855 1114 2938 cepto.

471 3049 679 3116 Innocentius
689 3047 870 3133 Episcopus
888 3055 947 3113 ete.
968 3047 1156 3130 comitibus,
1169 3049 1352 3115 Beronibus
1369 3057 1402 3115 et
1419 3051 1494 3116 aliis

363 3155 607 3240 crucesignatis.
634 3154 728 3219 'laeti
748 3173 858 3220 snmus
876 3154 987 3221 dolore
1013 3155 1119 3219 cordis
1136 3155 1351 3250 intrinsecus,
1379 3165 1413 3223 et
1427 3179 1493 3225 non

363 3263 487 3331 modico
504 3281 650 3330 moerore
675 3259 815 3343 turbati,
841 3259 928 3341 quod
944 3260 999 3344 qui
1026 3260 1201 3344 apropriis
1229 3261 1354 3328 laribus
1370 3261 1492 3329 Christi

363 3369 480 3435 milites
496 3369 691 3452 recessistis,
708 3368 742 3433 in
758 3367 823 3451 via,
850 3367 915 3434 imo
931 3367 964 3431 in
981 3366 1067 3430 invio
1084 3366 1191 3450 potius
1208 3365 1352 3433 Satanae
1370 3372 1491 3438 satelli-

361 3485 410 3542 tes
425 3477 505 3543 saoti
521 3480 618 3561 estis;
644 3479 747 3562 etqui
764 3475 927 3542 miseratis
942 3495 1072 3540 manum
1090 3474 1133 3540 ad
1150 3480 1313 3560 aratrum,
1341 3480 1491 3545 conversi

362 3589 537 3649 retrorsum
548 3585 619 3666 jam
636 3585 705 3669 apti
722 3605 786 3651 non
803 3583 902 3666 estis,
922 3582 1019 3666 juxta
1034 3582 1228 3648 sententiam
1253 3585 1491 3668 evangelicam,

360 3689 473 3772 Regno
490 3689 562 3754 Dei.
589 3689 669 3756 Onm
686 3691 771 3757 enim
797 3691 839 3755 ab
855 3690 1009 3776 Aegypto
1024 3689 1058 3753 in
1078 3689 1285 3754 Hierusalem
1310 3691 1490 3758 ascendere

360 3815 424 3862 non
440 3795 632 3879 novissetis,
658 3799 700 3864 ab
718 3797 937 3865 Hierosolima
952 3797 1166 3862 descendistis
1183 3797 1293 3881 potins
1309 3797 1343 3862 in
1359 3799 1489 3884 Aegyp·

358 3909 436 3988 tum,
453 3911 486 3969 et
501 3909 586 3970 retro
603 3925 676 3970 oum
688 3904 771 3972 Loth
788 3905 927 3990 conjuge
944 3902 1150 3989 respexistis3
1168 3905 1400 3989 propterquod
1417 3925 1489 3971 oum

359 4011 473 4078 eadem
489 4013 568 4079 estis
584 4013 617 4078 in
634 4014 714 4079 salis
725 4019 866 4080 statuam
876 4013 1047 4096 immutati,
1065 4032 1129 4076 non
1146 4011 1234 4078 illius
1246 4011 1333 4095 quod
1349 4013 1383 4076 in
1401 4012 1489 4080 omni

357 4119 516 4188 sacrificio
527 4121 661 4205 jubetur
678 4121 817 4207 apponi,
844 4121 902 4186 sed
918 4120 1006 4185 illius
1022 4117 1141 4201 verius,
1166 4118 1207 4183 de
1224 4137 1286 4202 quo
1303 4119 1487 4186 Dominus:

360 4227 414 4313 ,si
430 4236 482 4296 sat
498 4231 678 4318 evanuerit,
694 4229 853 4314 inquiens,
870 4230 903 4294 iu
920 4249 983 4313 quo
1001 4225 1163 4292 satietur?
1184 4225 1228 4290 ad
1244 4225 1382 4292 nihilum
1399 4227 1488 4292 valet

356 4337 453 4422 ultra,
468 4337 533 4403 nisi
547 4343 583 4404 ut
593 4337 739 4404 mittatur
753 4337 853 4422 foras,
871 4341 902 4403 et
913 4337 955 4402 ab
972 4333 1120 4401 omnibus
1131 4331 1370 4398 conculcetur.“
1388 4335 1485 4414 Sane,

355 4465 427 4511 cum
443 4463 571 4512 crucem
587 4446 725 4513 tuleritis
742 4451 876 4532 propter
891 4443 1065 4526 Christum,
1089 4440 1123 4506 in
1140 4459 1213 4505 eum
1230 4460 1323 4505 arma
1344 4446 1486 4525 postmo-

355 4553 430 4618 dum
447 4553 668 4638 convertistis;
686 4557 717 4619 et
734 4553 788 4636 qui
805 4549 989 4616 debueratis
1006 4547 1260 4612 Sarracenornm
1281 4545 1484 4630 provinciam

354 4677 562 4745 expugnare,
595 4661 852 4728 Christianorum
877 4658 1035 4726 Jaderam
1061 4652 1256 4739 occupastis.
1289 4653 1486 4737 Accepimus
