3238 5184
813 339 976 444 —p-ro—

328 553 426 618 agere
451 531 703 602 misericorditer
730 553 803 601 cunr
829 535 953 602 eisdem
978 537 1012 602 S.
1037 541 1069 602 et
1088 535 1135 620 P.‚
1160 543 1194 602 et
1217 535 1455 605 detractoribus

327 661 495 708 remouere
520 643 692 710 materiam
707 643 931 728 malignandi;
958 651 1066 729 preter
1084 643 1323 710 relaxacionem
1342 644 1458 729 debiti,

327 747 414 832 qnod
428 749 528 834 ijdsm
542 752 574 817 S.
591 757 624 816 et
639 753 675 816 P.
692 749 779 818 dicto
796 753 836 816 D.
858 751 1064 836 tenebantur,
1088 752 1137 819 eis
1152 753 1310 838 persoluit
1325 761 1458 820 centnm

328 877 474 943 marcas,
500 877 582 942 quas
606 855 790 944 sepedictus
805 859 838 925 S.
855 865 887 924 et
902 858 938 924 P.
963 857 1165 942 integraliter
1190 861 1355 945 recepisse
1380 867 1457 927 sunt

327 965 477 1032 ccnlessi.
502 965 545 1030 Vt
559 964 660 1048 igitur
674 965 771 1032 huius
797 985 897 1032 cause
913 967 1014 1032 series
1031 967 1065 1032 in
1087 967 1189 1033 nostri
1204 969 1377 1053 presencia
1392 964 1457 1032 fine

326 1071 434 1138 debito
445 1071 629 1158 terminata,
645 1072 741 1137 salua
750 1091 880 1157 semper
896 1078 928 1138 et
938 1072 1133 1140 inconcussa
1143 1078 1344 1157 permaneat,
1365 1075 1457 1141 testi-

327 1179 468 1247 monium
484 1179 560 1246 lidei
575 1185 758 1267 presentem
776 1180 996 1248 concessimus
1015 1181 1172 1267 paginam
1189 1181 1297 1265 sigillo
1308 1183 1455 1268 Capituli

323 1289 518 1356 roboratam.
533 1287 626 1355 Anno
638 1289 812 1356 Dominice
822 1291 1067 1358 Incarnacicnis
1083 1291 1255 1356 millesimo
1267 1289 1331 1355 00⁰
1340 1291 1454 1356 XXX⁰

323 1397 381 1480 11⁰3
409 1398 559 1464 Johaune
585 1396 725 1466 Caulone
737 1450 747 1485 ,
779 1400 900 1465 Jonata
924 1397 1076 1483 Custode,
1102 1397 1283 1482 Augustino
1308 1399 1453 1482 Decann,

321 1504 447 1572 Thema
462 1505 598 1592 Comite,
615 1513 647 1574 et
663 1507 780 1574 ceteris
797 1506 954 1574 iratribus
971 1507 1194 1574 existentibus.

318 1723 443 1775 Ercdetio
457 1722 554 1776 bb'rlrir
563 1721 637 1790 tydn,
657 1725 770 1791 melyrdl
783 1740 800 1774 a
813 1723 944 1790 kdptalau
963 1723 1073 1792 pscsbte
1087 1722 1313 1791 hartyazsinegcrr
1328 1693 1410 1791 'sugg
1431 1737 1449 1774 a

652 1815 733 1866 budai
748 1817 775 1866 lr.
789 1815 914 1865 kamarai
927 1812 1117 1882 lereltdrban.)

752 2101 1014 2112 —nnn—-n——a——n

846 2585 923 2654 324.

315 2763 625 2851 Aralkccselercdrt'
640 2765 862 2852 kdptalaanole
871 2764 1139 2852 biccaysdpleccle,
1155 2765 1233 2852 bopy
1242 2763 1369 2851 Mitctp
1380 2765 1442 2828 Bo·

315 2872 436 2938 ladack
452 2873 504 2959 fia
520 2897 542 2938 a
557 2873 677 2940 Zolock
692 2873 911 2962 aemzatsdpbb'l
919 2926 927 2959 ,
954 2877 1066 2962 Kyaas
1080 2873 1205 2961 bertaps'
1227 2873 1365 2940 birtokdl
1382 2873 1443 2937 Ba·

315 2980 448 3046 ldasnak
472 3003 493 3044 a
518 2983 686 3068 cescprdmi
709 2981 871 3069 fb'epybdz
897 2981 1176 3070 adnacbtrdjdaab
1201 2979 1318 3046 cludta.
1346 2981 1443 3045 1232.

422 3193 580 3261 Omnibus
604 3193 638 3258 in
654 3189 783 3257 Christo
800 3192 922 3258 renatis
942 3191 1150 3278 presentibus
1169 3189 1290 3278 pariter
1305 3197 1338 3258 et
1363 3190 1443 3258 lutu-

313 3304 358 3370 ris
383 3309 567 3389 presentem
585 3301 739 3388 pagiuam
765 3300 961 3386 inspecturis
977 3301 1132 3368 Albensis
1151 3300 1297 3368 Ecclesia
1313 3299 1442 3387 Capitu-

314 3411 380 3478 lum
390 3414 529 3479 salutem
544 3411 577 3476 in
589 3409 743 3476 Domino.
760 3409 884 3477 Ncseat
896 3415 963 3474 tam
974 3426 1110 3494 presens
1127 3417 1208 3491 etas,
1227 3408 1442 3491 quamiutura

313 3520 499 3604 posteritas,
526 3515 613 3601 quod
640 3537 726 3583 anno
743 3517 914 3585 Dominice
929 3517 1173 3582 incarnacionis
1199 3515 1371 3581 millesimo
1387 3514 1442 3580 du-

311 3626 487 3691 centesimo
513 3625 681 3708 trigesimo
707 3623 849 3692 secundo
866 3623 1027 3690 Michacle
1052 3623 1242 3692 lilio'Balad
1257 3621 1300 3689 de
1321 3642 1441 3706 genere

310 3732 436 3800 Zoloulr
452 3751 493 3798 ex
508 3751 575 3797 una
589 3739 694 3817 parte,
711 3741 745 3799 et
756 3732 867 3800 Blasio
879 3731 1001 3798 Guriali
1012 3730 1137 3800 comite
1150 3733 1298 3798 Ecclesia
1308 3733 1440 3817 Vespri-

310 3839 444 3907 mieusis
470 3858 511 3905 ex
532 3840 638 3906 altera
663 3839 827 3907 innostra
849 3841 1023 3926 presencia
1047 3839 1248 3922 constitutis;
1277 3836 1364 3904 idem
1382 3841 1440 3906 lli-

310 3949 404 4016 cbael
420 3949 503 4015 dixit
518 3948 595 4016 riva
611 3969 699 4035 voce,
722 3948 811 4033 quod
827 3955 946 4016 terram
958 3969 1063 4033 suam,
1081 3968 1137 4015 seu
1153 3947 1339 4034 porcionem
1354 3953 1439 4014 terre

309 4077 377 4143 sne,
402 4078 500 4143 qnam
517 4057 550 4123 iu
566 4057 732 4125 territorio
748 4057 827 4125 ville
849 4057 953 4124 Kinna
968 4061 1074 4125 Beren
1100 4064 1214 4124 vocate
1243 4055 1439 4124 hereditario

307 4163 494 4252 iurehabet,
511 4165 738 4233 sicutinlerius
749 4165 957 4251 exprimetur,
971 4161 1183 4248 vendidisset,
1200 4172 1234 4232 et
1244 4164 1438 4231 tradidisset

307 4271 460 4357 Capitale
472 4273 617 4340 Ecclesie
628 4273 882 4359 vesprimiensis
893 4292 952 4358 pro
969 4271 1207 4356 quinquaginta
1217 4271 1336 4337 marcis
1346 4271 1436 4357 prius

306 4377 484 4445 numeratis
511 4384 543 4445 et
568 4381 707 4465 receptis
724 4381 766 4460 ab
792 4378 916 4446 eisdem
933 4397 1043 4446 coram
1059 4379 1163 4464 nobis,
1184 4379 1260 4462 jure
1280 4385 1437 4465 perpetuo

305 4486 550 4568 possidendam.
568 4487 840 4572 Specilicaciones
857 4490 967 4552 nutem
984 4486 1128 4553 locorum
1144 4485 1241 4570 hujus
1260 4495 1347 4552 terre
1361 4491 1438 4552 sunt

304 4593 408 4676 tales3
434 4594 560 4660 scilicet
574 4594 608 4660 in
625 4593 772 4680 predicta
795 4595 877 4664 villa
891 4595 998 4661 Kinns
1014 4597 1121 4662 Beren
1139 4595 1237 4680 juxta
1261 4593 1437 4660 ecclesiam

304 4700 415 4765 Sancti
432 4701 564 4786 Georgij
580 4703 613 4768 in
638 4723 703 4770 uuo
719 4703 791 4770 loco
818 4710 893 4770 sunt
906 4709 993 4770 terre
1009 4704 1208 4770 sessionales
1234 4701 1278 4770 ad
1303 4710 1433 4768 eentum
