3164 5192
635 291 784 390 ms„

142 489 176 553 in
191 494 259 554 tres
275 493 388 574 partes
398 513 406 572 ;
433 489 472 555 de
490 488 609 573 quibus
627 509 724 556 unam
741 489 866 556 dabunt
884 492 1148 580 Archiepisoopo,
1174 495 1276 564 aliam

144 595 274 680 Gomiti,
292 603 325 663 et
340 597 437 663 tertia
452 596 693 663 sitGommnnis
709 597 822 665 Jadre.
843 597 964 664 Omnes
975 605 1093 683 autem,
1111 604 1166 684 qui
1183 609 1277 670 eruut

142 703 242 770 amioi
253 703 398 787 Venetis,
415 701 581 770 Jadratini
596 703 687 790 ipsos
700 724 759 789 pro
779 703 893 769 smiois
903 701 1087 790 habebunt3
1105 714 1137 773 et
1152 729 1275 793 omnes,

140 811 309 896 quierunt
333 810 455 877 inimioi
470 811 617 895 Venetis,
646 811 813 882 Jsdratini
828 811 919 897 ipsos
935 834 994 899 pro
1020 812 1159 881 inimicis
1179 817 1274 883 habe-

140 920 231 986 bunt.
259 920 310 985 De
325 919 426 986 muris
446 927 556 987 autem
584 920 726 986 ciuitatis
742 919 910 987 ruinsndis
926 921 979 987 uel
995 942 1070 1006 non,
1097 930 1130 989 et
1145 944 1209 990 non
1228 944 1274 990 re·

139 1028 309 1113 leuandis,
335 1028 364 1094 si
378 1028 501 1096 ruinati
517 1028 649 1114 fuerint,
667 1029 738 1095 siue
752 1029 921 1097 uoluntate
936 1030 1059 1097 domini
1074 1031 1175 1098 Ducis
1184 1085 1193 1118 ‚
1220 1031 1274 1097 uel

139 1136 228 1203 illius
244 1155 395 1222 persone,
414 1138 468 1223 qui
484 1137 589 1204 tieem
605 1137 766 1204 obtinebit
781 1137 852 1203 eius
870 1143 903 1202 et
918 1137 969 1204 sni
980 1136 1116 1224 Consilij
1134 1141 1187 1206 nel
1203 1160 1272 1206 ms·

139 1244 219 1310 ioris
236 1244 342 1330 partis
352 1296 362 1330 ‚
387 1245 436 1311 sio
452 1246 515 1311 erit
524 1296 533 1329 ,
559 1245 643 1312 siout
659 1245 700 1312 de
719 1245 888 1312 uoluntate
904 1245 1009 1333 ipsius
1034 1247 1155 1314 domini
1171 1247 1273 1315 Duois

137 1349 247 1433 suerit,
266 1351 321 1418 uel
336 1350 509 1418 residentis
525 1371 585 1436 pro
602 1371 651 1435 eo,
669 1359 701 1418 et
715 1351 765 1418 sui
784 1351 923 1438 oonsilij,
944 1352 998 1418 uel
1014 1354 1270 1440 maiorispsrtis.

137 1458 277 1524 Dabunt
291 1457 380 1524 omui
395 1477 481 1528 anno
497 1458 531 1526 iu
542 1458 680 1526 Venetis
689 1457 853 1526 Jsdratini
873 1459 1041 1526 Communi
1050 1461 1187 1527 Venetis
1202 1481 1271 1548 per-

136 1583 236 1650 peros
254 1561 279 1629 G
297 1572 329 1632 et
343 1565 370 1629 L
385 1565 419 1632 in
447 1564 594 1632 calendis
609 1565 717 1650 Murtij
743 1565 778 1632 in
801 1572 1011 1652 perpetuum,
1038 1573 1095 1633 sut
1114 1567 1178 1634 tris
1202 1569 1271 1636 mil-

135 1671 238 1756 ,lisria
262 1671 420 1740 bonerum
448 1671 670 1740 canicularum
686 1673 720 1739 iu
741 1672 987 1740 Jsdratiuorum
1003 1672 1147 1760 arbitrio,
1172 1693 1270 1761 snper

138 1779 201 1846 boo
227 1779 513 1865 respondentium,
540 1780 574 1846 in
598 1779 743 1866 presenti
767 1780 890 1865 nuntiJs
914 1779 1058 1846 Venetie.
1087 1781 1271 1849 Restituent

137 1890 239 1956 etism
256 1887 421 1956 Judrstini
436 1907 549 1956 omues
565 1889 650 1972 illos,
667 1887 867 1972 quiJadram
888 1889 1060 1956 exiuerunt
1075 1911 1134 1976 pro
1151 1889 1269 1957 dissor-

137 1996 196 2062 dia
211 1995 347 2080 habim,
375 1995 432 2080 qni
447 1995 566 2062 morati
582 1994 643 2061 sub
660 1995 804 2062 dominio
820 1996 967 2062 Duostus
983 1996 1120 2062 Venetie
1129 2049 1138 2083 ,
1165 1996 1219 2062 uel
1233 1996 1268 2064 in

136 2101 284 2170 exercitu
300 2103 447 2188 inerunt,
474 2111 531 2171 snt
545 2107 704 2170 steterunt
719 2102 763 2168 sd
778 2102 968 2169 fidelitatem
984 2102 1140 2182 Venetis,
1164 2103 1198 2168 in
1215 2103 1268 2172 do·

135 2211 246 2277 mibus
263 2215 296 2276 et
309 2209 343 2276 iu
360 2209 509 2276 omnibus
519 2207 784 2296 possessionibus
801 2209 879 2292 suis,
900 2207 1121 2276 sieutfuerunt
1135 2229 1175 2277 eo
1191 2215 1267 2275 tem-

136 2337 218 2403 pore
226 2369 235 2403 ‚
254 2337 319 2401 quo
335 2317 413 2385 inde
429 2316 609 2383 exinerunt.
636 2315 774 2382 Obsides
790 2321 899 2384 eutem
924 2316 1049 2384 dabunt
1066 2316 1267 2384 Jadrntinis

136 2425 276 2510 triginta
291 2432 324 2492 et
338 2425 424 2494 inira
433 2476 443 2510 ‚
469 2445 568 2512 snper
584 2425 670 2509 quod
695 2424 833 2492 noluerit
857 2423 1005 2492 dominus
1020 2425 1115 2510 Dux,
1143 2425 1196 2491 uel
1212 2425 1267 2510 qui

136 2534 199 2600 erit
214 2553 275 2619 pro
292 2552 341 2618 eo,
359 2539 392 2600 et
404 2552 498 2599 sunm
514 2530 692 2600 consilium
709 2531 761 2598 uel
776 2533 881 2618 major
896 2551 984 2617 pars,
1010 2537 1043 2598 et
1059 2551 1139 2615 quos
1158 2531 1265 2622 uolne-

136 2641 190 2726 rit,
207 2647 391 2709 moraturos
402 2658 532 2728 semper
542 2642 576 2708 in
586 2641 725 2708 Venetia
735 2640 778 2706 sd
796 2640 992 2728 expendium
1001 2639 1264 2724 Jadrstinorum3

135 2753 170 2814 et
185 2747 216 2814 si
233 2767 345 2816 eorum
360 2748 481 2832 uliquis
496 2755 684 2832 moreretur,
702 2746 827 2814 dubunt
843 2747 941 2814 aliurn
957 2747 992 2812 in
1007 2747 1080 2814 loeo
1096 2747 1176 2818 eius,
1201 2749 1265 2814 Da·

136 2860 282 2942 buntque
307 2857 473 2925 Jadratint
498 2864 618 2924 terram
642 2855 753 2941 illam,
779 2865 842 2941 qu'e
858 2853 946 2942 (tuit)
963 2855 999 2922 P.
1020 2855 1062 2924 de
1086 2855 1209 2922 Jedera
1232 2860 1265 2922 et

135 2966 247 3034 fratris
263 2965 355 3052 eins,
380 2975 416 3033 ut
430 2965 477 3032 ibi
493 2967 607 3032 domus
622 2965 696 3051 fiat,
722 2964 755 3030 in
772 2985 837 3050 qus
857 2961 974 3031 Comes
995 2963 1132 3048 quisque
1146 2961 1265 3027 debent

136 3072 307 3157 babitar03
329 3091 426 3158 quum
442 3071 471 3138 si
486 3090 693 3158 possessores
718 3072 767 3137 sio
781 3069 861 3135 dure
880 3068 1052 3152 noluerint,
1077 3066 1265 3154 prouidebit

136 3181 187 3248 eis
203 3181 352 3248 dominus
363 3180 639 3267 Arohiepisoopns
656 3184 688 3246 et
704 3177 820 3245 Comes
835 3185 868 3243 et
878 3175 1044 3262 Consules,
1061 3176 1114 3242 uel
1129 3175 1263 3242 Judioes

135 3287 307 3373 Civitatis,
334 3295 391 3355 sut
407 3308 517 3356 eorum
532 3288 636 3355 maior
651 3306 729 3373 pars
738 3336 748 3371 ,
778 3284 812 3350 in
828 3283 1037 3367 ooueumbio,
1063 3281 1148 3348 siout
1162 3301 1262 3368 appa·

134 3396 237 3464 ruerit
252 3416 326 3464 esse
342 3397 549 3464 conueniens.
573 3397 595 3463 J
597 3395 735 3462 ursbnnt
761 3397 870 3458 autem
886 3398 918 3458 et
934 3391 1060 3478 Comes,
1077 3397 1110 3456 et
1131 3396 1262 3474 antepo-

135 3505 193 3573 siti
210 3506 244 3571 in
260 3505 371 3588 aliquo
387 3502 492 3571 offioio
509 3501 668 3586 Civitatis,
686 3506 719 3566 et
734 3500 955 3584 unnsquisque
970 3498 1104 3584 insuper
1122 3519 1181 3584 pro
1204 3516 1262 3564 suo

134 3613 261 3698 ospite,
288 3609 336 3678 sio
358 3631 394 3678 se
410 3611 518 3680 omnis
543 3613 748 3690 serustnros,
778 3607 841 3674 nisi
866 3605 1058 3672 remanserit
1082 3625 1141 3691 per
1164 3605 1260 3673 domi·

133 3741 212 3787 num
222 3721 347 3786 Dueem
362 3719 416 3786 uel
431 3719 520 3785 illins
539 3737 687 3802 persone,
705 3717 760 3799 qui
777 3716 838 3781 erit
853 3734 912 3800 pro
929 3735 978 3799 eo,
995 3723 1028 3782 et
1043 3713 1175 3782 maioris
1191 3734 1262 3800 par-

134 3829 179 3894 tis
195 3826 247 3893 sui
262 3824 398 3910 oonsilij.
415 3825 457 3892 itt
472 3824 637 3890 Judrstini
654 3823 767 3889 sintin
782 3823 930 3909 Venetia,
952 3824 1000 3889 sie
1016 3829 1049 3889 et
1063 3823 1097 3888 in
1112 3823 1261 3890 omnibus

134 3934 213 4021 utijs
229 3933 388 4019 partibus,
405 3933 489 4002 siout
504 3932 597 4019 paeis
612 3937 758 4019 tempore
773 3951 845 3998 esse
864 3937 1108 3999 oonsnenerunt.

134 4113 170 4178 (Δ
185 4115 286 4178 „Liber
299 4113 459 4165 Paetorum“
475 4112 561 4164 euimd
574 4114 714 4164 velsnousi
726 4110 900 4177 dliumkttnyv
913 4111 950 4160 11.
964 4111 1020 4160 koe.
1034 4111 1076 4160 24.
1090 4109 1131 4159 sk.
1144 4109 1172 4158 ll.
1195 4105 1261 4158 ntdn

132 4204 215 4256 Tufel
238 4201 267 4256 ds
279 4205 417 4266 Thomas,
437 4204 588 4256 Urkunden
603 4220 651 4254 zur
672 4204 775 4254 tiberem
797 4201 930 4254 Hundsts·
944 4199 1000 4250 und
1012 4195 1262 4266 staassgosehichts

388 4293 435 4344 der
448 4293 584 4360 Republilr
597 4293 720 4359 Venedig
732 4292 753 4344 I.
767 4293 823 4343 kot.
843 4293 904 4342 421.
917 4290 957 4339 sk.
971 4287 1011 4354 11.)

568 4580 829 4592 -----
