3268 5194
925 309 969 378 22

873 403 1026 415 ..nn—n—

383 521 466 602 rant,
483 520 514 582 ot
529 513 636 583 nullus
649 511 751 598 judex
768 511 917 598 publicus
934 515 990 576 aut
1005 515 1159 578 exauctor
1178 508 1302 576 nullum
1316 509 1515 586 theloneum,

383 623 588 711 portaticum,
614 620 826 708 pontaticum,
852 619 1056 702 gestaticum,
1086 614 1201 705 (quod)
1228 617 1269 684 de
1291 614 1374 702 ipsis
1391 620 1447 679 aut
1463 633 1515 680 co·

382 753 452 798 rum
476 729 658 796 hominibus
684 726 906 809 undecumque
930 725 1027 790 fiscus
1054 723 1202 810 accipere
1226 723 1403 804 consuevit,
1432 721 1505 785 ulla

383 847 476 905 tenus
493 838 625 921 exigere
640 839 824 922 presumat,
848 833 955 899 necin
974 833 1145 918 pontibus,
1171 850 1231 896 nec
1250 830 1283 894 in
1307 829 1412 912 aquis,
1429 829 1516 893 sicut

382 945 591 1033 prediximus,
615 963 676 1009 nec
691 945 724 1009 in
740 942 900 1025 mercatis,
919 940 1027 1007 necin
1043 939 1241 1021 quibuslibet
1256 937 1347 1020 locis,
1371 936 1430 1002 scd
1452 955 1514 1022 per

384 1071 572 1136 quecunque
586 1049 725 1116 castella
734 1100 743 1133 ,
769 1053 881 1134 portus
897 1047 949 1112 vel
965 1047 1107 1130 quelibet
1123 1046 1215 1130 loca,
1241 1045 1388 1112 homines
1411 1049 1444 1108 ct
1458 1061 1515 1108 ne·

384 1159 551 1244 gociantes
577 1157 681 1243 ipsius
705 1153 893 1222 monasterii
917 1153 982 1238 ire,
1013 1153 1139 1236 redire,
1165 1152 1304 1220 vendere
1329 1158 1361 1216 et
1385 1171 1516 1238 compa-

385 1287 459 1333 rare
475 1267 599 1350 absque
616 1263 753 1350 alicujus
764 1261 1023 1330 contradicoione
1039 1262 1238 1348 prevaleant.
1258 1261 1292 1327 Si
1305 1259 1376 1344 quis
1393 1266 1515 1342 autem,

387 1373 474 1456 quod
490 1373 586 1456 absit,
611 1371 695 1437 hanc
711 1375 820 1438 nostre
836 1369 1111 1437 corroboracionis
1131 1367 1287 1454 paginam
1303 1367 1427 1433 violare
1443 1385 1516 1452 pre-

386 1482 570 1568 sumpserit,
587 1481 657 1546 anri
674 1477 838 1564 purissimi
850 1481 977 1542 centum
993 1475 1093 1541 libras
1105 1481 1278 1562 componat
1294 1480 1326 1539 ct
1340 1477 1374 1541 in
1384 1474 1515 1542 scriniis

386 1587 596 1674 Imperatoris
616 1593 762 1673 reponat.

496 1693 639 1779 „Taliter
655 1693 759 1760 ditata
783 1698 880 1774 atquo
897 1697 1053 1759 exornata
1070 1691 1175 1774 rebus,
1201 1689 1333 1776 prediis,
1357 1690 1517 1773 religione

388 1801 443 1869 diu
468 1801 576 1870 floruit
599 1799 813 1868 Luxoviensis
838 1798 993 1864 Ecclesia.
1020 1795 1165 1879 Cumque
1189 1797 1309 1864 ibidem
1335 1795 1516 1882 spiritualis

388 1911 479 1978 scola
494 1909 638 1993 vigeret,
664 1915 740 1996 post
755 1908 857 1974 multa
883 1927 1039 1973 annorum
1058 1905 1215 1972 curricula
1242 1905 1348 1971 subito
1368 1909 1439 1970 orta
1463 1910 1517 1968 est

386 2023 565 2103 tempestas
580 2015 810 2097 lacrimabilis,
839 2015 930 2098 cujus
946 2013 1070 2078 rabiem
1085 2031 1169 2099 pene
1186 2013 1287 2078 sensit
1309 2016 1395 2077 totus
1414 2009 1515 2077 orbis.

388 2120 502 2188 Gens
526 2125 647 2207 quippe
670 2121 948 2203 Hungrorum
971 2119 1175 2186 ferocissima
1200 2139 1272 2185 curm
1298 2119 1516 2185 innumerosis

387 2235 605 2316 pugnatorum
630 2228 733 2314 copiis
759 2227 803 2292 ad
819 2225 1022 2293 afficiendam
1046 2227 1227 2292 Ecclesiam
1250 2226 1376 2293 ulcione
1391 2225 1516 2291 Divina

387 2336 502 2423 erupit.
530 2333 675 2416 Cumque
699 2333 964 2417 Burgundionum
990 2335 1137 2415 Regnum
1161 2335 1320 2400 exercitus
1344 2332 1517 2398 invaderet

388 2445 550 2529 copiosus,
569 2443 703 2523 contigit
713 2449 747 2507 ut
763 2442 823 2507 viri
840 2441 992 2508 diabolici
1003 2441 1184 2508 Luxovium
1199 2441 1375 2525 venientes,
1396 2441 1516 2508 locum·

387 2570 449 2634 quc
466 2551 595 2616 omniuo
622 2548 828 2630 desolantes,
855 2549 1014 2614 Abbatcm
1032 2555 1063 2613 et
1079 2549 1273 2633 monachos,
1297 2567 1377 2632 quos
1392 2547 1516 2613 ibidem

387 2663 593 2744 repererunt,
626 2655 863 2722 interfecerunt.
896 2655 1013 2738 Sioque
1038 2657 1186 2722 Ecclesia
1209 2656 1271 2722 Dei
1298 2655 1515 2735 confunditur,

382 2765 459 2848 jura
475 2770 683 2850 rumpuntur,
709 2763 820 2845 legum
837 2767 959 2827 statuta
975 2763 1146 2846 violantur,
1164 2764 1388 2850 possessiones
1404 2761 1516 2828 Eccle-

388 2871 436 2936 sic
453 2871 494 2936 ab
511 2871 618 2956 impiis
634 2870 776 2952 undiquc
792 2868 969 2955 rapiuntur.
997 2869 1106 2934 Sacris
1122 2890 1186 2936 non
1203 2877 1253 2936 est
1267 2869 1455 2936 reverencia
1470 2869 1517 2935 lc·

386 2978 443 3058 cis,
461 2977 650 3064 prevalente
675 2975 825 3060 nequicia
840 2974 1032 3061 impiorum,
1056 2981 1143 3041 totus
1159 2976 1282 3060 pariter
1304 2977 1444 3044 concidit
1460 2977 1517 3041 ho·

385 3103 444 3150 nor
470 3082 656 3166 religionis,
683 3103 758 3147 nam
785 3081 882 3146 villas
906 3088 937 3147 ct
960 3085 1185 3168 possessiones
1219 3083 1345 3170 prefate
1364 3084 1515 3150 Ecclesio

385 3193 419 3256 in
434 3191 646 3257 hereditatem
663 3190 725 3256 sibi
751 3189 953 3275 diripuerunt
969 3209 1084 3256 manus
1110 3190 1300 3272 alienorum,
1317 3191 1399 3256 etin
1414 3191 1515 3272 villis,

384 3319 424 3365 ex
441 3299 561 3381 quibus
579 3297 695 3362 annuis
712 3297 861 3361 censibus
878 3295 1022 3380 predicte
1038 3296 1184 3361 Ecclesic
1204 3296 1322 3362 fratres
1339 3296 1449 3362 vivere
1466 3317 1517 3364 ao·

384 3407 513 3489 lebant,
541 3404 672 3488 quidam
698 3423 871 3488 perversus
904 3403 1026 3486 Hugo
1050 3401 1226 3489 Chapcz
1259 3403 1292 3468 in
1319 3403 1516 3487 quibusdam

385 3521 494 3580 castra
518 3510 706 3594 construxit,
723 3510 873 3593 quedam,
888 3510 934 3575 uti
951 3516 1051 3593 crant,
1078 3510 1111 3575 in
1127 3531 1205 3576 usus
1231 3511 1379 3597 proprios
1404 3513 1516 3578 vendi-

385 3620 480 3685 cavit.
507 3618 651 3700 Cumque
667 3619 736 3682 Rex
752 3638 815 3683 non
832 3623 935 3701 esset,
963 3618 1018 3700 qui
1033 3637 1109 3684 vere
1124 3619 1240 3685 iutuitu
1260 3620 1394 3704 justicie
1418 3619 1516 3686 huius

383 3725 474 3810 impii
490 3723 644 3809 pravitati
669 3731 780 3809 posset
796 3744 835 3790 ex
851 3725 977 3809 integro
997 3725 1167 3808 resistcre,
1195 3726 1340 3810 ejusdem
1366 3726 1515 3792 Ecclesie

383 3832 501 3897 fratres
518 3829 676 3915 compulsi
691 3837 765 3898 sunt
781 3831 875 3898 Sedis
887 3831 1074 3918 Apostolioe
1089 3832 1299 3918 interpellare
1313 3831 1514 3900 Pontificem.

382 3941 547 4007 Romanus
563 3959 639 4008 vero
665 3939 813 4007 Pontifex
838 3941 929 4008 illum
955 3941 1087 4024 eiusque
1113 3960 1270 4024 sequaces
1293 3941 1515 4008 anathematis

381 4047 510 4115 vinculo
536 4047 723 4134 constrixit,
750 4069 916 4134 quousque
944 4051 1032 4116 mala
1056 4049 1170 4115 ablata
1194 4049 1374 4115 redderent.
1398 4051 1515 4133 ltaque

383 4161 459 4241 post
486 4157 658 4222 multorum
684 4157 846 4224 curricula
874 4179 1030 4225 annorum
1056 4157 1222 4242 Stephano
1249 4159 1343 4241 Papa
1366 4159 1516 4224 Romane

381 4263 528 4329 Ecclesia
551 4263 755 4349 presidente,
782 4265 947 4332 Ludcvicc
963 4266 1144 4333 Romanum
1169 4263 1344 4349 Imperium
1368 4271 1512 4349 regente,

380 4371 430 4434 vir
446 4373 643 4439 venerabilis
658 4373 838 4456 Anscgisus
856 4375 1070 4442 Luxovicnsis
1088 4375 1201 4440 Abbas
1227 4374 1268 4440 de
1284 4373 1439 4459 predictis
1455 4376 1514 4441 vil·

380 4477 422 4542 lis
439 4487 538 4564 atque
555 4479 699 4548 castellis
725 4479 905 4549 diutissime
925 4484 1010 4548 male
1035 4481 1156 4548 ablatis
1179 4482 1279 4548 talem
1304 4482 1517 4550 concordiam

380 4582 478 4656 feeit:
503 4587 652 4676 Denique
669 4589 711 4656 ab
736 4594 873 4676 utraque
897 4595 990 4681 parte
1013 4589 1177 4678 inprimis
1202 4593 1358 4660 statutum
1384 4594 1453 4673 cst,
1481 4596 1515 4659 et
