3164 5192
562 325 719 436 „ms-

8 516 46 578 fffl
79 529 166 603 laicis
185 539 217 600 et
234 526 387 601 diseretis
403 532 572 617 militibus,
589 533 640 598 vel
659 533 735 599 aliis
750 532 975 617 bellatoribus,
1004 533 1059 619 qui
1076 531 1205 616 signum

12 615 44 683 iu:
79 643 271 712 Dominicae
282 643 395 710 Crucis
405 647 662 726 assumpserunt,
679 642 709 706 si
724 641 758 708 in
768 642 837 708 suis
853 662 918 710 non
931 647 1086 728 poterunt
1102 661 1208 727 sump-

8 748 45 792 ru:
77 751 158 817 tibus
173 749 412 833 transfretare,
441 767 586 833 congrua
602 748 643 814 de
658 747 774 815 eadem
790 767 917 814 summa
933 747 1098 834 stipendia
1114 749 1205 814 mini·

8 855 45 900 ”il
77 861 194 944 stratis,
213 857 411 925 sufficientia
425 858 469 922 ab
484 857 531 923 eis
542 855 692 924 cautione
708 863 851 942 recepta,
868 856 998 940 quodin
1012 855 1203 924 defensione

8 966 42 1009 lli
77 973 177 1034 terrae
203 965 376 1033 orientalis
401 985 596 1050 perannum
620 965 674 1032 vel
690 965 850 1051 amplius,
872 966 970 1049 Juxta
989 967 1203 1050 quantitatem

8 1073 37 1118 1²2³·
77 1074 207 1140 subsidii
223 1081 477 1158 commorentur,
498 1081 538 1146 ¹et
553 1072 601 1157 si,
628 1071 715 1158 quod
730 1071 835 1160 absit,
861 1071 895 1139 in
910 1073 967 1140 ria
990 1070 1200 1154 decesserint,

8 1163 41 1224 uh
78 1189 260 1267 susceptum
285 1181 467 1248 subsidium
482 1200 548 1248 non
573 1181 607 1246 in
623 1181 707 1248 alios
723 1199 802 1247 usus
823 1187 1032 1266 convertant,
1058 1179 1117 1247 sed
1132 1177 1202 1244 red-

8 1292 39 1334 ii
79 1289 150 1356 dant
165 1289 277 1375 potius
293 1290 327 1355 in
345 1289 510 1376 stipendia
524 1289 736 1372 bellatorum,
759 1288 814 1373 qui
830 1289 930 1355 etiam
947 1310 1019 1357 cum
1034 1285 1199 1373 redierint,

8 1381 40 1442 po·
77 1417 134 1463 non
148 1397 240 1482 prins
258 1397 476 1464 absolvantur
492 1415 514 1461 a
529 1396 690 1483 praestita
706 1394 866 1480 cautione,
889 1417 987 1481 quam
1002 1397 1128 1462 litteras
1143 1393 1203 1459 Re·

8 1507 37 1571 ll
78 1505 123 1589 gis
136 1505 188 1571 vel
198 1504 427 1586 Patriarchae,
444 1509 501 1570 aut
516 1503 774 1572 Jerosolimitani
784 1503 978 1589 Hospitalis,
997 1505 1050 1569 vel
1066 1499 1205 1567 Militiae

8 1614 36 1660 tf
78 1609 196 1696 'fempli
212 1611 386 1695 Magistri,
416 1617 474 1678 aut
496 1610 594 1677 etiam
610 1611 728 1694 Legati
744 1609 847 1678 nostri
873 1609 966 1677 vobis
987 1606 1201 1690 exhibuerint,

8 1726 35 1770 m
80 1718 116 1783 de
129 1739 220 1786 mora
233 1719 382 1804 ipsorum
396 1719 618 1786 testimonium
641 1719 858 1804 perhibentes.
885 1717 970 1794 Quia
985 1735 1061 1781 vero
1078 1733 1204 1780 summa
1278 1769 1284 1784 .

8 1832 34 1878 u·
79 1825 249 1891 nenessitas
276 1825 397 1910 exigit,
426 1832 459 1892 et
474 1827 651 1895 eommunis
677 1825 812 1909 requirit
835 1825 979 1906 utilitas,
1008 1827 1043 1887 ut
1061 1823 1202 1907 popudus

16 1927 30 1985 i
82 1930 280 2001 Christianus
295 1953 360 2002 non
376 1935 481 2000 solum
496 1935 531 1999 in
546 1933 653 2017 rebus,
680 1931 854 1999 sedetiam
870 1931 904 1996 in
920 1931 1069 2018 personis
1091 1933 1204 1997 contra

8 2049 31 2096 e
81 2057 219 2124 paganos
229 2041 265 2106 in
282 2057 470 2106 succursum
484 2045 593 2105 terrae
602 2042 742 2106 Sanctae
758 2039 829 2105 sine
839 2037 1006 2120 dilatione,
1024 2044 1201 2122 succurrat,

8 2143 31 2204 rr
81 2143 271 2214 fraternitati
286 2151 417 2212 vestrae
432 2165 491 2231 per
507 2145 699 2232 Apostolica
722 2145 846 2231 scripta
861 2142 1092 2230 praecipiendo
1116 2162 1203 2208 man-

8 2252 25 2313 h
82 2251 207 2339 damus,
235 2259 399 2338 quatenus
416 2253 458 2320 ad
486 2253 706 2320 exhortandos
731 2259 765 2318 et
779 2252 981 2324 inducendos
1007 2251 1121 2317 fideles
1145 2267 1204 2336 per

8 2393 17 2420 s
83 2361 238 2446 vosipsos
255 2365 289 2426 et
305 2360 388 2427 alios
408 2361 495 2426 viros
520 2359 655 2427 idoneos
672 2358 848 2444 prudenter
865 2365 897 2424 et
912 2347 1085 2442 diligenter
1108 2358 1203 2423 inste-

83 2464 128 2548 tis,
143 2467 248 2552 utqui
266 2466 465 2533 sufficientes
481 2465 602 2532 fuerint
618 2467 661 2533 ad
681 2467 802 2534 bellum
818 2465 950 2534 Domini
966 2464 1202 2552 praeliandum,

8 2598 19 2639 s
83 2571 111 2636 in
139 2575 270 2640 nomine
293 2575 428 2642 Domini
455 2573 601 2642 Sabaoth
634 2574 763 2659 rignum
793 2573 907 2642 Crucis
933 2577 1119 2656 assumant,
1147 2569 1205 2637 alii

85 2701 152 2751 vero
162 2684 260 2768 juxta
276 2703 408 2752 suarum
435 2682 663 2750 sufficientiam
679 2683 871 2749 facultatum
888 2681 961 2768 pias
978 2682 1203 2765 eleemosynas

84 2787 266 2874 largiantur.
282 2791 353 2858 Nos
369 2793 455 2858 enim
472 2791 512 2860 de
524 2791 586 2857 Dei
602 2791 825 2859 misericordia
840 2797 872 2856 et
881 2791 1055 2858 Beatorum
1066 2789 1203 2873 Aposto-

8 2927 17 2965 ε,
85 2896 178 2964 lorum
194 2897 284 2975 Petri
309 2904 341 2963 et
356 2898 452 2965 Pauli
478 2897 671 2964 auctoritate
687 2897 811 2982 confisi,
835 2918 876 2964 ex
901 2897 970 2981 illa,
1001 2915 1097 2978 quam
1114 2895 1203 2959 Deus

8 3030 17 3076 τ.
85 3004 179 3090 uobis,
195 3006 274 3071 licet
286 3004 441 3090 indignis,
456 3005 584 3088 ligandi
596 3012 628 3071 et
639 3004 787 3070 solvendi
798 3004 941 3086 eontulit,
952 3007 1125 3087 potestate,
1142 3021 1205 3066 om·

10 3143 15 3172 7·
86 3110 181 3197 nibus,
199 3115 255 3197 qui
271 3115 402 3180 labores
419 3113 515 3197 hujus
531 3112 657 3180 itineris
674 3113 707 3177 iu
718 3112 866 3198 personis
883 3108 1024 3196 propriis
1035 3106 1202 3190 subierint,

8 3257 10 3290 ;
86 3224 114 3283 et
128 3221 297 3306 expensis,
324 3221 511 3307 plenariam
526 3229 734 3306 peecatorum
749 3239 890 3303 suorum,
908 3219 947 3283 de
963 3216 1080 3300 quibus
1096 3213 1203 3282 cordis

12 3355 13 3358 ¹
86 3332 114 3391 et
128 3330 189 3397 cris
206 3329 334 3413 egerint
349 3328 605 3415 poenitentiam,
623 3327 753 3394 veniam
768 3327 985 3411 indulgemus,
1014 3323 1095 3390 etin
1114 3322 1203 3387 retri-

8 3465 9 3472 ¹
87 3435 208 3504 butione
218 3439 383 3522 justorum
400 3435 517 3503 salutis
534 3441 686 3502 aeternae
701 3434 893 3522 pollicemur
909 3437 1127 3517 augmentum.
1146 3429 1203 3494 Eis
1245 3439 1250 3446 ·

8 3581 9 3586 1
88 3551 205 3631 autem,
230 3545 287 3632 qui
303 3565 368 3612 non
386 3545 420 3610 in
437 3545 586 3630 personis
602 3542 744 3630 propriis
760 3543 837 3608 illuc
852 3539 1067 3623 accesserint,
1094 3535 1203 3604 sedin

8 3683 10 3718 1
88 3653 148 3719 suis
161 3661 288 3721 tantum
304 3653 458 3741 expensis
480 3652 578 3737 juxta
592 3651 803 3734 facultatem,
831 3655 863 3715 et
883 3647 1074 3733 qualitatem
1100 3665 1203 3729 suam,

88 3759 165 3828 uiros
180 3759 316 3829 idoneos
331 3760 525 3828 destinarint
535 3759 613 3825 illuc
628 3778 689 3846 per
704 3777 823 3824 annum
834 3763 1016 3823 moraturos
1033 3753 1075 3821 ad
1087 3753 1203 3835 minus,

89 3869 190 3937 stillis
206 3869 366 3954 similiter,
382 3868 436 3953 qui
452 3867 572 3934 lieetin
588 3867 705 3934 alienis
719 3866 881 3954 expensis,
899 3866 933 3930 in
943 3863 1085 3951 propriis
1095 3869 1204 3928 tamen

9 4041 10 4060 ,
89 3979 227 4061 personis
245 3985 434 4063 assumptae
450 3975 722 4063 peregrinationis
739 3975 885 4042 laborem
900 3970 1116 4056 impleverint,
1138 3969 1204 4052 ple-

90 4101 156 4150 num
171 4105 301 4154 suorum
325 4084 533 4153 concedimus
552 4083 680 4150 veniam
705 4088 921 4169 peccatorum.
947 4078 1052 4161 HuJus
1075 4093 1204 4158 quoque

90 4193 280 4261 remissionis
289 4193 438 4260 volumus
449 4211 522 4259 esse
537 4191 713 4277 participes
728 4193 826 4275 juxta
841 4185 1056 4272 quantitatem
1067 4178 1204 4247 subsidii

91 4303 119 4360 et
138 4301 318 4370 devotionis
344 4301 496 4368 affectum
522 4319 653 4384 omnes,
683 4298 738 4383 qui
763 4297 806 4364 ad
828 4292 1074 4363 subventionem
1099 4288 1203 4372 ipsius

91 4408 186 4474 terrae
201 4409 242 4476 de
258 4409 352 4476 bonis
368 4409 437 4476 suis
461 4427 603 4492 congrue
623 4405 863 4473 ministrabunt.
887 4405 1049 4466 Personas
1074 4396 1205 4480 insuper

92 4511 234 4602 ipsorum,
251 4523 283 4585 et
298 4517 387 4584 bona
397 4535 519 4604 eorum,
535 4534 650 4599 enquo
662 4514 796 4580 Crucem
812 4506 1023 4594 susceperint,
1040 4504 1100 4570 sub
1109 4501 1206 4568 Beati

93 4618 171 4688 Petri
186 4633 216 4691 et
230 4631 343 4693 nostra
361 4625 560 4710 protectione
577 4621 781 4708 suscipimus,
798 4637 931 4684 necnon
948 4614 1010 4681 sub
1020 4610 1204 4694 Archiepis-

131 4759 409 4797 norhumbrorum.
430 4770 465 4779 --
486 4759 557 4795 nuru.
577 4749 600 4788 11
1004 4729 1044 4784 14
