3164 5192
843 347 996 450 grs-

360 549 393 610 et
408 541 442 611 in
457 543 671 612 retributione
697 543 857 613 iustorum
872 543 988 612 salutis
1016 549 1170 611 aeternae
1188 542 1381 630 pollicemur
1406 561 1480 626 aug·

359 659 510 720 mentum.
528 653 585 722 llis
603 657 711 721 antem
721 705 729 738 ,
757 654 812 739 qui
829 673 892 721 non
909 653 942 718 in
959 653 1107 740 personis
1124 653 1266 739 propriis
1281 652 1360 719 illac
1377 669 1481 719 acees-

359 761 477 846 serint,
505 763 612 829 sedin
628 762 695 830 suis
711 767 836 828 tentum
854 761 1007 847 expensis
1024 761 1114 827 iuxta
1129 760 1316 828 facultatem
1334 765 1367 826 et
1382 756 1481 844 quali-

357 873 458 936 tatem
474 889 567 936 suam
582 869 669 936 viros
686 869 821 935 idoneos
838 868 1031 936 destinarint
1048 867 1116 934 illic
1133 886 1192 953 por
1209 886 1327 933 annum
1344 871 1481 933 moratu-

360 995 414 1043 ros
430 975 473 1043 ad
489 978 606 1061 minus,
633 995 672 1042 ac
689 975 755 1042 illis
771 976 938 1060 similiter,
965 977 1019 1059 qui
1035 976 1111 1042 lieet
1128 975 1161 1040 in
1177 973 1293 1042 alienis
1316 973 1481 1060 expensis,

358 1083 392 1148 in
408 1083 551 1168 propriis
561 1089 668 1151 tamen
685 1083 832 1169 personis
849 1091 1038 1168 assumptae
1048 1081 1321 1168 peregrinationis
1337 1081 1481 1148 laborem

359 1189 576 1275 impleverint,
600 1190 732 1274 plenam
748 1209 879 1260 suorum
897 1189 1102 1257 concedimus
1119 1189 1248 1255 veniam
1267 1195 1481 1275 peecatorum.

359 1297 462 1382 Hujus
479 1335 522 1346 -
540 1335 579 1345 —
599 1335 642 1348 -
657 1317 731 1366 esse
746 1298 924 1385 participes
936 1299 1032 1382 juxta
1049 1299 1264 1383 quantitatem
1285 1297 1434 1380 subsidii,
1451 1301 1482 1362 et

359 1403 541 1472 devotionis
557 1405 707 1472 affectum
724 1424 846 1488 omnes,
863 1405 919 1487 qui
936 1404 979 1470 ad
995 1405 1239 1472 subventionem
1255 1405 1359 1490 ipsius
1376 1411 1481 1471 terrae

360 1512 401 1578 de
418 1511 512 1580 bonis
529 1513 596 1579 suis
621 1512 867 1595 ministrabunt,
897 1531 1119 1597 personasque
1134 1529 1246 1578 eorum
1264 1517 1296 1578 et
1312 1511 1418 1594 bona,
1443 1529 1482 1575 ex

359 1638 422 1703 quo
438 1638 566 1686 crucem
590 1619 791 1705 susceperint
808 1657 851 1666 -
869 1657 911 1665 -
928 1657 970 1666 -
987 1619 1046 1685 sub
1062 1624 1175 1686 nostra
1197 1617 1401 1704 protectione
1415 1636 1482 1684 scs-

359 1727 506 1813 cipimus,
522 1747 661 1796 necnon
678 1733 709 1794 et
726 1727 785 1793 sub
802 1727 1128 1812 Archiepiseoporum
1144 1732 1175 1792 et
1196 1727 1338 1793 omnium
1353 1725 1482 1792 Praela-

358 1840 464 1900 torum
474 1833 643 1902 Ecclesiae
654 1834 716 1928 Dei
727 1833 916 1901 defensione
928 1835 1123 1918 consistunt,
1136 1839 1324 1916 statuentes,
1335 1833 1481 1900 utdonee

358 1943 400 2010 de
415 1943 561 2029 ipsorum
577 1944 685 2027 obitu,
713 1944 763 2009 vel
780 1942 884 2009 reditu
901 1943 1082 2010 certissime
1097 1947 1331 2027 cognoscatur,
1355 1942 1482 2026 integra

358 2058 512 2120 maneant
530 2058 563 2118 et
581 2089 622 2102 -
640 2091 678 2100 -·
699 2093 742 2105 -
758 2089 802 2099 —-
817 2056 931 2118 contra
947 2050 1203 2137 praesumpserit
1228 2071 1287 2136 per
1312 2067 1482 2116 censuram

358 2159 614 2226 ecclesiasticam
625 2161 850 2245 appellatione
861 2161 1044 2246 postposita
1053 2165 1285 2246 compescatur.
1296 2159 1331 2226 Si
1341 2157 1483 2244 quivero

358 2267 630 2354 proficiscentium
640 2267 717 2333 illue
728 2267 770 2332 ad
783 2267 1002 2352 praestandas
1013 2285 1130 2334 usuras
1141 2267 1326 2351 juramento
1335 2271 1484 2333 tenentur

359 2373 526 2457 adstricti,
554 2373 728 2441 creditores
746 2394 857 2441 eorum
874 2393 933 2461 per
949 2375 1168 2441 Ecclesiamm
1183 2375 1354 2442 Praelatos
1379 2375 1483 2442 remit·

358 2487 429 2548 tant
446 2481 495 2547 eis
511 2481 703 2566 praestitum
715 2483 945 2566 juramentum,
962 2487 995 2549 et
1008 2483 1051 2548 ab
1060 2501 1231 2548 usurarum
1245 2483 1417 2550 exactione
1432 2482 1483 2549 de·

359 2591 487 2674 sistant,
506 2589 621 2656 cadem
634 2589 854 2678 praecipimus
865 2589 1066 2659 districtione
1077 2591 1237 2679 compelli.
1256 2591 1350 2670 Quod
1361 2591 1389 2659 si
1400 2592 1483 2677 quis-

360 2717 458 2780 quam
476 2697 671 2765 creditorum
688 2717 744 2764 eos
760 2699 804 2764 ad
820 2698 1014 2765 solutionem
1030 2699 1173 2784 coegerit
1193 2719 1385 2782 usurarum,
1412 2719 1484 2766 eum

359 2804 402 2870 ad
415 2805 652 2872 restitutionem
664 2825 776 2872 earum
792 2805 892 2872 simili
902 2805 976 2889 cogi
987 2803 1269 2873 animadversione
1279 2806 1483 2873 mandamus.

360 2911 504 2980 ludaeos
514 2933 590 2980 vero
601 2914 645 2980 ad
660 2913 871 2982 remittendas
887 2913 969 2999 ipsis
985 2933 1101 2981 usuras
1111 2934 1168 3000 per
1183 2915 1386 2981 saecularem
1402 2933 1483 2982 oom-

359 3018 437 3105 pelli
453 3019 671 3105 praecipimus
687 3025 891 3106 potestatem,
908 3028 941 3087 et
957 3021 1059 3088 donec
1074 3039 1132 3088 eas
1147 3021 1339 3104 remiserint,
1358 3022 1401 3087 ab
1418 3023 1481 3088 uni·

358 3127 462 3193 versis
473 3125 592 3192 Christi
605 3126 764 3209 fidelibus,
781 3132 847 3191 tarn
863 3125 897 3192 in
913 3126 1129 3194 mercimoniis
1139 3145 1236 3210 quam
1252 3127 1336 3211 aliis,
1355 3147 1416 3214 per
1432 3147 1480 3194 ex-

361 3233 659 3301 communicationis
675 3233 870 3300 sententiam
881 3234 1034 3319 jubemus
1060 3233 1314 3301 communionem
1330 3237 1481 3304 omnimo-

362 3342 438 3408 dam
463 3341 631 3425 deuegari.
658 3341 779 3406 Datum
795 3341 950 3406 Laterani
965 3339 1006 3407 ll.
1024 3339 1136 3408 Nonas
1151 3340 1300 3408 ianuarii
1315 3341 1482 3411 Pontifioa·

360 3455 412 3514 tus
427 3447 531 3514 nostri
547 3467 632 3514 auno
649 3447 801 3513 secundo.

612 3643 727 3708 qllurlati
738 3645 878 3712 Illyricum
892 3645 1004 3698 Sacrum
1017 3645 1064 3698 v1.
1077 3646 1133 3698 lubi.
1148 3647 1190 3697 96.
1204 3645 1234 3712 Ι.)

875 3947 1053 3955 ...ι-...α-
