3164 5192
899 984 974 1052 118.

366 1189 395 1253 A
412 1187 754 1274 ternplomreodtteknelo
781 1183 976 1272 cpyeakcdlcc
992 1207 1033 1248 aa.
1050 1183 1192 1246 Damion
1218 1182 1250 1245 te
1265 1181 1386 1282 Konna
1404 1177 1500 1241 keini

512 1295 743 1360 monostordocl
759 1295 902 1379 biaooyoa
911 1290 1027 1377 sdldak
1042 1290 1225 1356 birtokdrdl.
1250 1291 1348 1353 1194.

475 1497 512 1560 ln
530 1495 659 1560 nomine
685 1495 804 1559 Sancte
828 1497 860 1555 et
876 1486 1046 1554 Indtviduc
1062 1485 1242 1553 Trinitatis.
1268 1486 1363 1552 Anno
1386 1484 1431 1549 ab
1447 1485 1500 1548 In·

367 1602 554 1670 carnatione
565 1601 695 1666 Domini
705 1601 807 1668 nostri
816 1600 918 1666 Jhesu
928 1597 1047 1664 Christi
1057 1597 1099 1662 Μ.
1110 1595 1145 1661 d.
1156 1594 1388 1662 Lxxxxlln.
1407 1613 1496 1660 men·

368 1709 493 1776 sedulii
509 1709 563 1774 die
579 1729 664 1776 nono
681 1709 832 1791 intrante,
843 1705 1022 1772 Indictionc
1032 1703 1235 1786 duodecima,
1255 1701 1498 1788 apndTynnm,

367 1825 524 1902 regnante
542 1817 672 1884 domino
689 1823 799 1882 nostro
816 1815 896 1880 Bela
907 1811 1122 1881 Serenissimo
1138 1814 1228 1896 Rege
1244 1811 1399 1895 Ungarie,
1418 1811 1498 1876 Dal-

368 1925 476 2006 matie,
488 1925 639 1990 Obroatis
650 1925 869 2008 atqneRame,
887 1920 1091 1988 etAlmerieo
1108 1919 1173 1986 fibo
1185 1939 1283 2004 super
1292 1915 1498 1986 Dalmatiam

366 2037 398 2095 et
415 2029 611 2097 Obroatiam.
636 2029 717 2096 Cum
733 2050 804 2113 nos,
821 2049 938 2115 nempe
954 2027 1068 2094 Petrus
1084 2025 1254 2112 Spalatine
1270 2025 1366 2092 Sedis
1381 2025 1497 2094 Arcui-

367 2139 549 2224 episcopus,
568 2157 717 2204 unacum
729 2138 859 2204 Matheo
870 2138 1016 2204 Nonensi
1032 2137 1206 2222 Episcopo,
1224 2134 1499 2202 etDamianola-

366 2245 565 2312 drentinensi
577 2243 710 2329 Gemite,
718 2265 758 2312 ac
769 2243 1159 2331 GrubesiaSpalatinensi
1170 2242 1305 2326 Gemite,
1313 2243 1498 2326 ceterisque

365 2352 550 2433 nobilibus,
568 2370 703 2433 quornm
720 2351 853 2418 nomina
868 2350 1006 2418 inferius
1023 2349 1277 2434 subscribentur,
1297 2349 1331 2416 in
1354 2351 1499 2418 ecclesia

366 2459 475 2526 Sancti
492 2461 652 2528 lobannis
670 2461 710 2528 de
726 2461 820 2546 Tyno
837 2461 880 2527 ad
896 2459 1144 2544 controversias,
1163 2459 1325 2545 quainter
1345 2459 1497 2546 Templa-

365 2567 429 2633 rios
446 2573 478 2633 et
494 2569 728 2636 Monasterium
754 2571 946 2638 Sanctorum
963 2568 1081 2637 Cosmc
1097 2577 1131 2636 et
1146 2569 1300 2634 Damiani
1317 2589 1379 2654 pro
1400 2569 1496 2635 terris

364 2681 397 2740 et
413 2693 570 2758 aquarum
587 2676 788 2744 discursibus
805 2678 1033 2756 vertebantur,
1058 2675 1258 2744 resecandas
1281 2676 1323 2742 de
1339 2676 1497 2744 manduc

365 2782 468 2866 Regio
485 2783 721 2850 resideremus:
751 2793 826 2870 post
842 2784 963 2874 mpltas
979 2783 1214 2852 altercaciones
1238 2789 1270 2849 et
1284 2784 1404 2866 verba,
1434 2803 1497 2867 que

364 2896 541 2956 memorate
553 2890 699 2956 Ecclesia
715 2893 799 2958 inter
816 2912 852 2958 se
863 2891 1036 2975 habebant,
1054 2891 1181 2960 wadias
1191 2891 1234 2957 ab
1248 2897 1386 2976 utraque
1402 2897 1498 2976 parte
1574 2945 1581 2970 .

366 3018 426 3084 per
442 2998 585 3084 stipitem
611 2999 652 3065 de
668 3001 835 3066 voluntate
861 3000 1148 3085 utriusquepartis
1174 2999 1410 3085 suscipientes,
1437 3019 1497 3085 pro

362 3107 447 3172 bono
465 3109 562 3192 pacis
579 3113 611 3172 et
626 3109 798 3175 concordie
822 3108 922 3174 talem
938 3109 1022 3174 inter
1040 3114 1196 3192 utrasque
1215 3105 1384 3174 Ecclesiae
1400 3106 1498 3174 finem

365 3221 397 3280 et
413 3215 607 3282 divisionem
633 3217 829 3284 auctoritate
843 3218 949 3302 Regia
971 3219 1232 3302 composuimus:
1250 3217 1293 3280 Vt
1309 3213 1497 3301 incipiendo

363 3321 472 3406 avia,
500 3343 561 3408 que
586 3324 670 3390 inter
696 3323 808 3390 villam
824 3325 909 3410 Tyni
926 3333 959 3390 et
985 3324 1098 3403 uillam
1121 3326 1314 3391 Sanctorum
1329 3322 1450 3390 Gosme
1465 3329 1498 3388 et

362 3431 518 3498 Damiani
533 3439 583 3497 est
593 3481 601 3516 ,
629 3441 662 3498 et
677 3433 783 3500 eundo
802 3447 927 3500 versus
934 3433 1102 3500 meridiem
1129 3437 1217 3499 recto
1245 3432 1497 3515 tramitemque

363 3539 407 3604 ad
424 3539 600 3608 Gomillem
616 3541 770 3626 inferius,
797 3549 830 3608 et
845 3543 966 3609 abinde
982 3561 1086 3628 usqne
1102 3543 1146 3609 ad
1161 3541 1312 3624 Bistam,
1336 3539 1499 3625 quidquid

366 3646 400 3710 in
415 3655 526 3714 austro
542 3649 576 3714 in
592 3651 688 3717 terris
699 3657 731 3718 ct
746 3651 780 3717 in
790 3653 885 3736 aquis
902 3657 962 3736 cst,
979 3652 1067 3736 quod
1078 3653 1123 3719 ad
1137 3650 1372 3718 monasterium
1384 3649 1499 3716 Sancti

365 3755 519 3820 Damiani
546 3757 719 3843 pertinuit,
748 3759 858 3826 domui
874 3761 1004 3849 Templi
1021 3765 1190 3828 remaneat
1213 3766 1374 3846 perpetuo
1394 3760 1499 3845 possi·

364 3861 524 3948 dendum3
541 3872 670 3950 praeter
685 3889 803 3953 aquam
821 3869 1033 3956 chriplinam,
1054 3889 1154 3954 qnam
1165 3889 1336 3936 commune
1352 3886 1428 3935 esse
1444 3867 1498 3934 de·

363 3971 524 4038 cernimus
541 3974 686 4059 utrisque
702 3977 878 4062 Ecclesiis3
904 3985 936 4044 et
953 3977 1112 4063 quidquid
1128 3998 1149 4044 a
1165 3977 1293 4064 prefata
1315 3977 1420 4044 viaet
1435 3982 1499 4042 ter·

364 4078 460 4145 minis
473 4080 506 4146 in
522 4085 671 4167 partibus
683 4086 861 4153 occidentis
872 4089 906 4153 in
916 4087 1012 4152 terris
1024 4092 1057 4153 ct
1072 4087 1177 4170 aquis,
1195 4106 1235 4152 ac
1246 4086 1380 4172 pascuis
1393 4084 1499 4150 eciam

363 4187 448 4254 ultra
465 4190 584 4256 vallem
597 4193 681 4276 Tyni
698 4194 835 4260 babetur
851 4201 882 4261 et
898 4196 941 4262 ed
955 4195 1163 4282 Templarios
1179 4193 1352 4280 spectavit,
1369 4191 1498 4278 prefato

363 4294 472 4364 Sancti
489 4299 642 4366 Damiani
668 4303 866 4370 monasterio
882 4305 926 4370 sit
953 4305 1072 4371 amodo
1088 4305 1122 4370 in
1137 4309 1341 4390 perpetuum.
1369 4299 1499 4385 Aquam

364 4421 439 4472 vero
457 4407 589 4478 Ohicme
605 4429 678 4477 cum
693 4431 852 4496 aquarum
870 4414 1072 4482 discursibus
1088 4412 1298 4500 Templarios
1313 4411 1439 4478 babere
1449 4413 1500 4496 ju·

362 4512 445 4594 gitcr
466 4522 659 4607 statuimus,
685 4523 744 4587 tali
762 4523 913 4589 videlicet
928 4525 1062 4608 ordine,
1089 4525 1174 4590 utin
1191 4541 1232 4588 ea
1248 4521 1438 4588 molendina
1453 4525 1500 4590 fa·

362 4631 449 4697 ciant
465 4635 622 4716 quotquot
632 4637 778 4718 possunt,
796 4631 844 4698 ita
859 4639 979 4716 tamen,
997 4633 1082 4720 quod
1105 4631 1291 4702 molendino
1303 4629 1498 4700 Sanctorum
