3202 5190
592 274 747 374 ..Q

106 465 197 530 illias
223 486 436 553 congressus,
463 475 714 553 quantacunque
738 468 834 536 nobis
854 475 887 534 et
911 472 1032 537 nostris
1057 482 1238 540 occurreret

106 571 291 660 multitudo,
317 574 395 642 licet
408 575 587 659 aliquando
602 575 706 643 nostri
721 575 911 663 paucissimi
926 577 1073 666 fuissent,
1095 601 1168 647 cum
1183 583 1237 647 tri-

106 682 230 767 umpho
246 688 356 749 tamen
372 703 500 770 semper
516 691 550 749 et
564 685 702 751 victoria
719 691 934 751 recesserunt.
959 687 1236 755 Inaestimabilem

104 807 185 856 vere
196 790 384 878 jacturam,
411 813 509 876 quarn
524 799 601 858 tunc
617 794 713 860 nobis
735 794 882 860 dolemus
900 799 931 858 et
950 795 1137 881 plangimus
1153 798 1236 874 aeui-

106 895 208 986 disse,
226 907 259 966 et
275 900 458 967 inconsulta
473 905 660 968 nostrorum
676 898 826 986 audacia,
845 909 878 966 et
888 911 1095 987 peccatorum
1111 913 1235 972 nostro·
1281 917 1282 920 ’

104 1023 180 1070 rum
195 1007 320 1074 meritis
336 1008 497 1076 credimus
515 1007 701 1093 contigisse.
718 1009 772 1074 Illi
783 1009 902 1094 itaque,
921 1011 976 1092 qui
987 1011 1091 1096 elapsi
1106 1031 1127 1077 a
1143 1031 1236 1098 prae·

105 1109 161 1196 lio,
179 1131 295 1180 manns
310 1115 514 1183 inimicorum
532 1121 715 1203 evaserunt,
734 1117 871 1184 consilio
883 1117 1072 1185 abbreviato
1085 1139 1157 1186 cum
1171 1119 1234 1204 his,

104 1216 162 1300 qui
179 1217 224 1284 ad
240 1221 381 1290 tentoria
396 1220 561 1289 servanda
576 1229 808 1308 remanserant,
834 1223 959 1308 absque
975 1225 1041 1293 alio
1058 1227 1176 1294 damno
1192 1227 1234 1293 ab

104 1325 279 1395 obsidione
295 1336 507 1398 recesserunt.
536 1330 661 1410 Quibus
676 1331 883 1399 tendentibus
900 1332 944 1398 ad
959 1334 1072 1400 urbem
1086 1335 1233 1420 Regiam,

104 1439 138 1499 et
156 1441 224 1500 tarn
240 1437 485 1523 inopinabiliter
502 1440 678 1526 desolatis,
705 1446 833 1506 tantam
847 1441 1007 1507 Dominus
1024 1442 1129 1510 subito
1147 1441 1235 1508 dedit

103 1543 382 1632 consolationem,
408 1552 443 1613 ut
459 1549 554 1631 quasi
571 1548 606 1613 in
631 1553 792 1615 momento
810 1566 922 1616 omnes
937 1548 1051 1636 simul,
1079 1557 1234 1634 quotquot

104 1648 251 1736 dispersi
262 1653 401 1741 fuerant,
418 1662 574 1740 tanquam
585 1658 755 1725 convocati
771 1657 952 1744 aDomine,
970 1657 1058 1743 apud
1070 1659 1233 1726 civitatem

102 1759 292 1848 quamdam,
306 1783 390 1848 quae
406 1761 524 1830 dicitur
538 1764 711 1851 Rodestoc,
723 1764 944 1831 convenirent.
957 1766 1103 1834 Marehio
1113 1773 1232 1856 umen,

102 1867 244 1936 feliciter
259 1876 292 1936 et
306 1872 482 1939 victoriose
498 1873 531 1937 in
543 1873 612 1938 suis
629 1871 800 1957 marchiis,
826 1892 886 1957 per
900 1874 938 1939 R.
957 1873 998 1939 de
1014 1874 1098 1940 Trio.
1116 1875 1150 1940 in
1166 1877 1232 1943 suis

103 1978 255 2064 partibus
279 2000 338 2064 per
354 1981 416 2046 Dei
441 1983 582 2064 gratiam
607 1980 779 2048 incolumis
803 1983 990 2049 morabatur
1015 1989 1046 2048 et
1062 1983 1231 2052 indemnis.

102 2088 265 2172 Inspectis
290 2089 389 2173 igitur
414 2097 598 2157 nostrorum
616 2090 758 2174 viribus,
784 2090 881 2156 urbes
898 2095 930 2155 et
953 2089 1090 2156 castella
1113 2100 1231 2158 extunc

103 2193 229 2260 munire
246 2183 422 2281 coepimus,
447 2215 532 2279 quae
549 2203 663 2264 contra
679 2194 878 2261 Graecorum
893 2196 1105 2265 rebellionem
1121 2206 1232 2265 tenere

102 2322 203 2387 posse
218 2303 432 2390 videbantur,
460 2313 493 2372 et
507 2305 591 2370 inter
608 2305 771 2390 agendum
788 2303 1105 2393 Constantinopolim
1129 2329 1231 2392 usque

102 2411 243 2495 prefecti
260 2432 380 2479 sumus.
406 2415 497 2481 Licet
512 2413 622 2496 itaque
645 2413 680 2479 in
695 2415 844 2498 personis
868 2413 998 2480 amissis
1021 2413 1231 2482 infortunium

100 2519 243 2603 lugubre
259 2519 353 2590 nobis
370 2521 535 2605 acciderit,
553 2541 723 2607 speramus
735 2527 844 2586 tamen
859 2521 893 2586 in
903 2522 1051 2608 Domino,
1070 2531 1102 2588 et
1112 2522 1231 2589 anden-

102 2635 151 2692 ter
167 2627 372 2715 confidimus,
399 2627 486 2714 quod
503 2628 706 2695 inimicorum
722 2637 907 2694 nostrorum
925 2628 1064 2695 insidias
1081 2637 1114 2695 et
1129 2631 1230 2698 assul-

103 2742 154 2800 tus
171 2735 295 2802 diutius
304 2789 312 2822 ,
339 2738 468 2804 volente
484 2737 623 2804 Domino
642 2737 802 2803 sustinere
819 2737 1007 2824 poterimus,
1024 2743 1056 2802 et
1076 2739 1173 2803 etiam
1190 2738 1229 2804 de

104 2843 283 2929 longinquo
308 2845 555 2912 subventionem
572 2851 604 2911 et
619 2843 777 2910 auxilium
794 2849 994 2928 exspectare.
1011 2846 1095 2910 Ecce
1110 2852 1227 2930 tamen,

104 2951 191 3033 quod
207 2952 422 3040 verebamur,
447 2954 510 3021 hoc
526 2952 653 3037 accidit,
680 2957 712 3016 et
726 2952 813 3034 quod
829 2951 918 3016 fama
933 2953 1071 3018 canebat
1085 2952 1227 3038 publica,

104 3078 231 3143 quoque
257 3080 316 3145 per
340 3061 468 3128 litteras
493 3060 597 3146 ipsius
612 3057 758 3142 Blaehii,
786 3056 1100 3124 confoederationem
1125 3059 1228 3145 ipsius

103 3186 175 3230 cum
200 3167 316 3233 Tuscis
342 3175 375 3233 et
403 3168 541 3234 caeteris
571 3165 675 3232 erneis
702 3163 822 3230 Christi
848 3163 988 3230 inimicis
1015 3166 1225 3254 continentes,

102 3271 212 3339 edocti
227 3271 347 3340 fuimus
356 3327 364 3361 ,
392 3294 472 3358 quas
489 3275 608 3359 etiam,
635 3293 655 3337 a
671 3271 765 3338 nobis
783 3291 854 3336 eum
869 3272 990 3338 nuntiis
1015 3273 1118 3356 ipsius
1133 3271 1227 3339 inter·-

101 3388 234 3468 ceptas,
260 3381 467 3468 Apostolatui
490 3391 599 3449 vestro
623 3383 657 3447 in
681 3387 817 3464 utraque
840 3380 953 3464 lingua
978 3381 1225 3468 transmisimus,

100 3488 178 3554 licet
204 3491 335 3574 gravius
362 3499 550 3576 exspectato
566 3491 661 3556 vlnus
687 3490 878 3557 incurrimus
904 3495 936 3555 et
962 3489 1107 3574 ruinam;
1135 3490 1226 3574 cujus

100 3599 342 3682 susceptionem
358 3599 450 3665 vobis
467 3599 662 3684 incumbere,
680 3605 836 3683 tanquam
848 3597 943 3683 patri,
960 3615 1080 3663 causae
1095 3606 1226 3666 nostrae

101 3711 239 3789 patrono
255 3712 289 3772 et
305 3706 435 3774 domino
445 3759 454 3793 ,
480 3726 575 3773 nemo
591 3714 650 3792 est,
669 3708 723 3788 qui
740 3704 905 3789 ambigat,
930 3707 1136 3791 praesertim,
1153 3725 1225 3772 cunr

99 3813 143 3880 ob
158 3813 329 3881 Ecclesiae
345 3821 471 3881 tanturn
480 3815 638 3882 unitatem
655 3811 902 3896 reformandam,
921 3819 953 3877 et
968 3819 1076 3878 terrae
1085 3813 1225 3880 Sanctae

98 3922 344 3990 subventionem
369 3923 572 4007 laboremus,
600 3941 734 4004 quorum
757 3940 856 3987 unum
881 3927 1015 3986 eatenus
1039 3920 1160 4007 pendet
1183 3941 1224 3986 ex

98 4030 215 4112 altero,
241 4030 324 4095 sieut
340 4029 518 4096 communis
542 4027 684 4093 omnium
702 4025 958 4093 Christianorum
974 4027 1006 4090 in
1024 4024 1155 4092 Oriente
1171 4027 1224 4091 de-

98 4139 262 4223 gentium,
288 4143 321 4202 et
335 4139 511 4224 praecipue
527 4136 762 4203 venerabilium
787 4136 922 4201 fratrum
944 4134 1080 4199 militiae
1096 4135 1224 4218 Templi

99 4251 131 4310 et
146 4245 329 4332 Hospitalis
346 4246 521 4331 utrimque,
540 4247 595 4329 qui
607 4245 775 4311 nobiseum
788 4249 870 4328 sunt,
888 4243 1008 4308 clamat
1024 4243 1170 4328 assertio,
1188 4250 1224 4308 nt

98 4372 163 4419 non
188 4355 295 4420 solum
310 4354 412 4439 ipsius
438 4353 665 4420 liberationem
689 4353 786 4435 hujus
803 4357 953 4436 operetur
978 4348 1221 4435 redintegratio,

97 4462 326 4527 verumetiam
351 4461 493 4528 omniurn
508 4479 732 4547 paganorum,
758 4465 790 4524 et
814 4457 918 4522 crucis
938 4456 1058 4522 Christi
1081 4455 1223 4522 inimico·

99 4590 179 4658 rum,
195 4569 419 4638 confusionem
430 4568 647 4636 omnimodam
658 4567 864 4654 apertissime
879 4583 1053 4651 procurare
1062 4563 1220 4650 videatur,
