3202 5190
587 287 739 394 ...³92

98 485 273 571 gesserint,
290 482 385 551 fidem
396 481 611 552 indubitatam
627 482 784 554 adhrbere
795 487 905 556 velitis
915 496 947 557 et
962 489 1098 578 lirmem,
1115 495 1148 559 et
1162 509 1236 557 oon-

97 592 211 658 silium
228 599 372 659 uestrum
388 599 421 660 el
436 592 605 680 auxilinm,
622 594 707 660 siout
723 595 892 662 Ecclesiae
908 597 1031 681 totique
1043 596 1234 666 Christiani·

97 699 173 784 rati,
191 718 315 766 necnon
331 705 364 766 et
378 698 502 766 domini
513 707 545 766 et
555 699 666 768 fratris
682 701 745 767 mei
756 701 949 789 liberationi,
967 702 1023 788 qui
1039 723 1074 770 se
1089 711 1235 771 vestrum

97 806 222 892 ubique
238 803 390 874 devotum
399 807 535 891 gerebat
550 813 583 872 et
598 805 729 875 dieebet
740 807 886 895 militem,
908 809 1063 896 expedire
1072 809 1231 898 videritis,

94 916 285 1001 apponatis.
302 916 424 982 Datum
438 916 473 982 in
488 915 613 1001 palutio
630 915 845 1002 Blaokernee,
865 937 950 984 euno
967 918 1098 984 Domini
1123 919 1232 1003 1205„

96 1022 204 1089 Nonis
219 1022 318 1092 Junii.

239 1199 384 1284 (Mlgneu.
399 1219 423 1254 o.
437 1206 472 1255 11.
487 1205 543 1256 lunt.
558 1205 618 1258 706.
632 1205 667 1269 1.;
686 1203 804 1258 'l'heinsr
816 1222 842 1260 n.
856 1222 880 1257 ο.
894 1209 916 1260 Ι.
930 1207 986 1259 ket.
1000 1209 1043 1260 ll.
1057 1206 1087 1271 1.)

621 2000 703 2071 188.

96 2203 161 2272 ΙΙΙ.
178 2201 273 2266 Insere
283 2200 442 2288 popoook
457 2201 551 2297 leosls
568 2199 699 2284 Henrik,
716 2224 737 2266 a
752 2201 1047 2290 komtontindpolyi
1061 2203 1143 2268 lotio
1158 2207 1226 2269 esd·

95 2313 228 2396 uos-mo
244 2308 527 2396 kormdnysojdios
536 2355 546 2391 ,
564 2306 706 2395 melylyel
721 2310 752 2374 Bt
761 2307 965 2396 felssellttja,
989 2311 1069 2398 hoyy
1084 2333 1106 2374 a
1121 2311 1227 2398 bolyo-

282 2415 342 2481 rok
357 2413 603 2500 orollroddq'dool
617 2414 786 2502 bekesseyet
802 2413 921 2481 toron
946 2418 1043 2481 1206.

207 2613 412 2682 innoeentius
422 2610 604 2699 Episcopus
620 2617 680 2677 eto.
698 2610 837 2678 Hemieo
853 2609 947 2678 frutri
957 2609 1225 2700 eonsmmnspo·

96 2719 195 2790 litsni
210 2719 427 2808 Imperatoris.
445 2717 619 2786 Nobilitnti
634 2724 710 2784 tuoe
726 2737 784 2804 per
795 2717 984 2804 Apostolies
1001 2717 1124 2805 scripte
1140 2739 1227 2786 msu-

97 2826 225 2916 dumus,
243 2838 413 2912 quotenus,
439 2824 482 2891 nd
499 2825 725 2892 liberationem
742 2824 853 2892 fratris
868 2824 916 2891 tui
935 2823 1110 2909 diligenter
1125 2825 1227 2892 inten-

96 2934 197 3022 dens,
224 2955 335 3003 veram
351 2943 384 3002 et
399 2936 524 3001 lirmem
539 2952 655 3019 paoem
670 2931 835 2999 stabilitus
855 2951 928 2998 enm
943 2931 1135 2998 charissimo
1158 2931 1226 2997 lilio

97 3051 210 3110 nostro
220 3096 229 3129 ‚
248 3045 448 3128 Golojosune
458 3096 467 3128 ,
494 3043 582 3126 Rege
598 3041 812 3124 Bulgororum
829 3045 862 3105 et
877 3037 1071 3104 Bleohorum
1097 3037 1224 3124 illustri,

96 3160 126 3218 rt
143 3151 227 3218 inter
242 3151 402 3236 Bulgeros
419 3157 452 3216 et
468 3149 601 3216 Latinos
625 3146 730 3214 fidelis
746 3155 779 3213 et
794 3144 923 3212 stabilis
938 3143 1083 3210 amicitia
1099 3141 1140 3210 de
1155 3163 1225 3211 oee-

93 3269 164 3326 tero
180 3267 374 3346 perseveret.
403 3257 546 3324 Breviter
561 3256 743 3335 scribimus,
761 3253 838 3336 quio
862 3272 944 3338 opos
960 3257 1010 3317 est
1025 3251 1133 3334 magis
1149 3271 1225 3336 ope-

95 3387 155 3452 re„
170 3387 268 3450 quem
283 3385 439 3434 sermone.
465 3365 601 3431 Multum
617 3364 702 3430 enim
720 3361 870 3442 utrinque
892 3358 1011 3444 poterit
1027 3375 1100 3424 esse
1116 3356 1225 3423 emini-

34 3471 37 3478 “
93 3476 144 3540 tie
158 3475 332 3540 fructuose.
358 3474 489 3558 Datum,
503 3479 563 3539 ete.

251 3673 343 3738 Migne
356 3687 381 3721 n.
395 3685 418 3723 ο.
432 3672 469 3725 11.
483 3671 539 3723 ket.
554 3671 615 3722 710.
630 3669 664 3732 Ι.;
684 3667 800 3720 Theinsr
812 3682 839 3720 o.
852 3682 876 3720 o.
890 3667 912 3722 1.
926 3663 982 3718 ket.
996 3664 1029 3713 ll
1044 3662 1062 3714 l.

536 3967 797 3982 hanan-n*-

150 4708 249 4761 soros.
266 4713 348 4756 sono.
365 4707 434 4755 srsr.
455 4725 491 4736 -
510 4699 581 4748 om..
600 4690 632 4740 rl.
