3218 5192
620 353 771 450 El„

237 543 361 608 Datum
378 545 594 610 Lateranensi
611 566 669 630 per
686 567 817 613 manum
834 549 974 615 Rolandi
993 553 1132 618 Sanctae
1148 555 1263 620 Roma-

122 667 187 714 nae
206 650 377 717 Ecclesiae
393 653 573 719 Presbiteri
590 651 774 719 cardinalis
792 660 824 718 et
836 657 1030 722 cancellarii
1045 659 1132 724 XVl.
1149 661 1262 728 kalen-

123 757 186 824 das
204 758 414 844 Novembris,
433 759 724 846 indictioncxlu,
746 763 987 830 lucarnationis
999 767 1191 834 Dominieae
1207 789 1260 834 an-

123 887 166 932 no
181 867 227 932 M.
240 863 277 930 0.
293 867 330 931 L.
341 868 387 933 IV
389 918 408 952 .,
424 869 637 937 Pontificatus
660 892 737 940 vero
754 871 877 940 domini
893 873 1062 942 Anastasii
1077 878 1191 962 Papae
1206 877 1260 944 IV.

124 995 212 1042 anno
229 975 386 1044 secundo.

123 1169 159 1240 (Δ
171 1174 245 1225 liber
255 1175 402 1226 Paetorum
415 1172 503 1227 aalma
514 1177 652 1228 velenezei
662 1172 836 1246 dllamlrbuyv
846 1181 868 1230 Ι.
878 1179 935 1230 ket
946 1181 989 1230 68.
1003 1179 1045 1232 sk.
1058 1181 1095 1243 ll.,
1109 1176 1137 1232 ds
1151 1183 1188 1232 11.
1202 1181 1260 1234 kur.

279 1265 353 1316 1155.
367 1265 407 1316 sir.
423 1265 460 1328 1L;
480 1281 505 1316 v.
520 1263 881 1334 o.F0jtrcou.Dipl.v11.
896 1269 923 1320 k.
937 1273 961 1322 3.
976 1285 997 1320 r.
1013 1273 1053 1321 16.
1068 1270 1098 1336 1.)

576 1569 609 1578 ...-
620 1569 794 1578 ..----—..-

662 2107 717 2176 lu.

128 2288 252 2373 laeua,
279 2287 429 2376 Adorjda
450 2291 567 2376 fidaak
585 2290 802 2378 adprendelete,
827 2314 848 2356 a
868 2291 990 2358 Garum
1007 2291 1135 2360 mattae·
1160 2303 1256 2356 azont-

344 2397 507 2462 Benadelri
520 2407 680 2462 morwstor
688 2403 812 2483 jaodra
830 2400 927 2462 1156.
943 2399 1043 2462 torol.

237 2593 359 2660 Notum
375 2593 418 2658 sit
441 2593 591 2660 omnibus
617 2593 818 2676 bominibus,
846 2601 913 2659 tam
930 2593 1112 2678 modernis,
1139 2593 1258 2660 Diuine

122 2701 192 2786 legi
207 2701 360 2784 subditis,
378 2721 475 2786 quam
491 2701 594 2766 eciam
610 2701 749 2786 posteris
766 2722 877 2770 eorum
890 2703 1093 2772 imitantibus
1110 2703 1256 2770 deuocio-

123 2791 204 2876 nem
211 2835 218 2895 ς
236 2809 324 2894 quod
341 2829 404 2892 ego
419 2809 625 2894 Stephanus,
651 2810 735 2876 filius
751 2809 900 2896 Adriani,
916 2811 1037 2879 herede
1057 2831 1174 2879 careus
1190 2829 1256 2877 oar-

124 2917 205 3000 nali,
221 2923 297 3002 post
314 2917 437 2984 obitum
452 2915 602 2982 Eusidini
617 2915 727 2983 fratris
744 2919 817 3001 mei,
836 2923 869 2982 ct
884 2918 1023 2985 filiorum
1042 2939 1184 3001 suorum,
1210 2915 1256 3002 pi·

123 3023 230 3091 issimi
246 3025 347 3108 Regis
366 3027 493 3110 Geysse
518 3025 728 3090 alemanniam
754 3046 813 3110 per
831 3025 1019 3092 Gabrielem
1035 3023 1193 3093 Comitem
1208 3045 1257 3091 ro-

123 3131 223 3216 gaui,
250 3139 410 3217 quatenus
427 3151 487 3198 sna
502 3133 680 3198 clemencia
705 3133 909 3218 permittente
925 3132 966 3199 de
982 3133 1062 3198 meis
1078 3131 1257 3219 possessio·

123 3241 241 3323 nibus,
269 3241 310 3306 de
326 3239 396 3306 iure
413 3239 600 3326 patrimonij
617 3240 757 3326 habitis,
785 3241 962 3308 secundum
979 3261 1084 3306 meum
1101 3240 1257 3326 placitum

125 3348 347 3434 disponerem.
374 3349 446 3427 Quo
462 3355 644 3432 annuente,
672 3348 868 3415 monasterio
892 3348 1002 3414 Sancti
1025 3346 1192 3413 Benedicti
1216 3345 1257 3410 de

123 3457 240 3524 Grana
264 3457 347 3523 duas
372 3457 598 3541 possessiones
624 3455 718 3540 dedi,
746 3477 844 3522 unam
868 3455 1013 3540 Bratka,
1040 3455 1095 3521 vbi
1117 3453 1257 3521 ecclesia

123 3565 237 3630 Sancti
254 3563 386 3630 Martini
404 3564 469 3630 sita
484 3569 544 3648 est,
561 3583 633 3628 oum
649 3563 799 3631 omnibus
815 3562 1025 3648 pertinencijs
1042 3563 1120 3648 suis,
1137 3567 1169 3628 et
1185 3565 1256 3628 octo

124 3670 352 3737 mansionibus
384 3671 609 3737 libertinorum
636 3689 708 3736 cum
733 3669 868 3754 lamilijs
893 3671 980 3754 suis,
1013 3679 1045 3738 et
1068 3677 1188 3737 terram
1213 3668 1257 3736 ad

124 3778 269 3863 quinque
286 3785 400 3844 aratra
414 3798 487 3844 cum
503 3777 621 3844 tenetis
638 3783 670 3842 et
686 3785 776 3844 terra
786 3777 976 3862 sacerdotis,
987 3798 1026 3843 ao
1041 3779 1256 3864 pulsatorum,

126 3905 200 3951 cum
216 3888 362 3973 proprijs
377 3886 543 3970 terminis;
572 3887 650 3952 item
666 3885 767 3951 aliam
783 3885 1024 3971 possessionem
1041 3887 1145 3956 Zanto
1163 3885 1197 3951 in
1213 3885 1257 3952 vi-

124 3994 235 4060 cinato
252 3992 457 4059 adiacentem
473 4012 545 4057 curu
563 3993 686 4058 LXXII
703 3992 927 4060 mansionibus
947 3993 1121 4080 hospitum,
1147 3999 1179 4057 et
1196 3998 1257 4057 ter-

124 4121 196 4166 ram
212 4101 257 4166 ad
273 4101 333 4166 XL
350 4107 479 4182 aratra,
506 4119 578 4166 cum
605 4100 721 4166 t'cnetis
738 4107 773 4166 ct
787 4100 864 4185 alijs
889 4101 1099 4186 pertinencijs
1121 4101 1199 4182 suis,
1225 4103 1257 4161 et

124 4210 232 4273 locum
251 4205 437 4290 molendini,
456 4225 555 4291 super
571 4206 705 4273 fluuium
715 4205 852 4295 Cumpa,
870 4207 927 4290 qui
942 4207 1061 4273 transit
1079 4207 1169 4291 ipsas
1186 4224 1257 4290 pos-

124 4317 299 4382 sessiones.
318 4313 421 4379 Huius
438 4320 546 4379 autem
562 4315 609 4383 rei
626 4315 823 4402 disposicio,
850 4323 886 4382 ut
901 4315 1030 4382 stabilis
1054 4319 1257 4401 permaneat,

124 4422 350 4489 nobilissimus
365 4421 434 4486 Rex
451 4419 591 4508 Geyssa,
611 4425 784 4509 presencia
800 4423 958 4492 nobilium
975 4443 1116 4508 suorum,
1133 4421 1258 4489 scilicet

125 4532 200 4615 Apa
216 4528 310 4608 Boni,¹
329 4529 448 4594 Folcus
464 4525 611 4614 Comitis,
628 4531 752 4598 Walter
771 4529 916 4612 Comitis,
934 4532 1017 4597 Dera
1034 4531 1179 4612 Comitis,
1196 4549 1255 4615 per

125 4637 288 4705 notarium
307 4636 496 4702 barnabam
520 4636 606 4703 hano
621 4645 746 4706 cartam
772 4637 932 4722 stabiliri,
960 4645 992 4705 et
1008 4657 1066 4723 per
1085 4638 1256 4708 Nicolaum
