3202 5190
829 299 987 409 pm„

343 508 415 570 runt
431 499 618 587 myrrham“
637 501 745 591 (Cant.
763 505 817 588 V.)
842 505 958 570 Manus
975 503 1076 588 igitur
1091 509 1255 589 unguntur
1270 505 1343 570 oleo
1368 499 1461 590 pieta-

341 612 405 694 tis,
422 618 458 678 ut
475 611 657 697 Episcopus
674 617 825 696 operetur
851 613 969 680 bonum
986 611 1030 676 ad
1046 631 1180 696 omnes,
1203 611 1345 678 maxime
1361 617 1466 677 autem

343 717 384 783 ad
401 717 596 786 domesticos
607 718 693 786 fidei.
714 719 822 806 Caput
836 726 943 786 autem
954 719 1122 804 inungitur
1132 719 1278 786 balsamo
1289 717 1467 801 charitatis,

342 833 377 894 ut
392 827 576 914 Episcopus
593 827 709 912 diligat
725 827 829 893 Deum
848 847 888 893 ex
905 827 1097 910 totocorde,
1115 833 1147 893 et
1162 847 1203 893 cx
1214 831 1285 892 tota
1301 830 1419 908 mente,
1438 831 1469 889 et

343 954 383 1000 ex
398 939 469 1002 tota
484 935 605 1018 anima,
621 940 653 1000 et
669 936 850 1020 proximum
867 955 961 1002 suum
977 935 1061 1001 sicut
1076 936 1230 1020 seipsum.
1255 932 1364 1019 Caput
1380 933 1469 997 inun-

341 1039 428 1124 gitur
444 1046 578 1127 proptcr
602 1038 828 1107 auctoritatem
844 1046 877 1108 et
893 1039 1107 1124 dignitatem,
1133 1060 1247 1106 manus
1263 1045 1399 1126 propter
1415 1037 1469 1103 mi·

341 1147 511 1212 nisterium
527 1153 560 1212 et
573 1144 724 1212 officium.
742 1145 850 1234 Caput
866 1149 1042 1233 inungitur,
1061 1155 1095 1214 ut
1110 1145 1300 1214 ostendatur
1318 1145 1409 1212 illius
1427 1165 1470 1210 re·

342 1259 553 1340 praesentare
569 1275 753 1340 personam,
781 1256 821 1322 de
837 1277 900 1340 quo
917 1257 1035 1324 dicitur
1049 1273 1109 1344 per
1124 1256 1341 1341 Prophetam:
1361 1255 1470 1342 „Sicut

346 1369 545 1445 unguentum
561 1362 594 1428 in
610 1362 718 1447 capite
734 1365 816 1447 ejus,
834 1365 921 1448 quod
939 1365 1107 1431 descendit
1122 1365 1154 1429 in
1167 1363 1315 1450 barbam,
1332 1363 1470 1428 barbam

342 1465 781 1555 Aaron“(Psal.OXXXll.).
793 1469 900 1556 Caput
909 1471 995 1538 enim
1006 1471 1066 1537 viri
1073 1469 1231 1554 Christus,
1239 1474 1340 1554 caput
1350 1467 1471 1534 Christi

343 1577 432 1642 Deus
447 1583 507 1660 est,
524 1575 579 1660 qui
594 1575 691 1642 dicit:
712 1577 872 1664 „Spiritus
888 1579 1019 1645 Domini
1037 1599 1135 1664 super
1150 1596 1211 1660 me,
1235 1583 1368 1663 propter
1384 1574 1470 1659 quod

343 1685 436 1750 unxit
451 1703 522 1768 me,
547 1685 773 1769 evangelizare
789 1687 989 1774 pauperibus
1006 1687 1095 1754 misit
1110 1685 1180 1752 me“
1200 1683 1292 1772 (Luc.
1310 1683 1381 1771 ΙΙΙ.)
1408 1685 1471 1748 lla·

344 1813 406 1859 nus
431 1798 595 1877 unguntur
611 1793 798 1878 Episcopo,
826 1801 861 1860 ut
886 1795 1076 1862 ostendatur
1101 1794 1250 1879 accipere
1274 1799 1471 1878 potestatem

343 1898 556 1966 benedicendi
571 1907 603 1964 et
619 1901 842 1968 consecrandi.
870 1901 974 1986 Unde,
992 1913 1064 1968 cum
1080 1919 1137 1966 eas
1157 1906 1366 1966 consecrator
1383 1897 1471 1962 innn-

344 2007 411 2092 git:
429 2005 639 2090 consecrare,
657 2007 772 2090 inquit,
789 2013 821 2073 et
836 2008 1040 2074 sanctificare
1056 2007 1211 2093 digneris,
1235 2005 1388 2089 Domine,
1407 2025 1471 2071 ma·

343 2134 403 2181 nus
419 2113 502 2181 istas
519 2133 579 2199 per
596 2113 691 2180 istam
702 2115 855 2180 Sanctam
872 2115 1055 2184 unctionem
1072 2121 1104 2182 et
1118 2113 1471 2182 nostrambenedictio·

343 2243 427 2307 nem,
444 2229 479 2288 ut
494 2241 706 2306 quaecunque
722 2223 986 2290 consecraverint
1004 2231 1244 2305 consecrentur,
1261 2229 1294 2288 et
1311 2239 1470 2305 quaeeun-

344 2349 407 2412 que
424 2327 647 2395 benedixerint
674 2329 907 2396 benedicantur
931 2331 964 2396 in
980 2332 1110 2397 nomine
1125 2328 1267 2396 Domini.
1289 2329 1412 2394 Verum
1439 2327 1471 2392 in

344 2436 454 2502 Veteri
465 2436 674 2504 Testamento
691 2459 754 2505 non
771 2439 877 2507 solum
893 2441 1077 2524 ungebatur
1092 2440 1256 2522 sacerdos,
1273 2437 1333 2505 sed
1349 2439 1470 2517 etRex,

344 2548 377 2608 et
391 2542 574 2629 Propheta,
600 2545 684 2611 sicut
698 2545 731 2610 in
755 2546 838 2613 libro
855 2547 979 2631 Regum
1004 2547 1166 2636 praecipit
1181 2547 1340 2614 Dominus
1356 2546 1469 2611 Eliae:

347 2650 469 2737 „Vada
486 2659 689 2720 ctrevertere
706 2654 739 2720 in
749 2655 837 2720 viam
853 2662 943 2722 tuam
956 2675 1014 2742 per
1024 2656 1187 2722 desertum
1203 2655 1236 2721 in
1250 2657 1469 2736 Damascum3

345 2777 481 2841 cumque
497 2762 683 2844 perveneris
700 2762 787 2845 illuc,
813 2781 916 2848 unges
932 2763 1056 2830 Hazael
1071 2765 1192 2848 Regem
1213 2781 1311 2849 super
1327 2761 1470 2846 Syriam,

344 2871 376 2931 et
391 2866 485 2950 Jchu,
510 2867 611 2933 lilium
626 2867 762 2954 Namsi,
781 2889 883 2955 unges
900 2872 1022 2956 Regem
1041 2889 1140 2957 super
1155 2871 1276 2954 lsrael,
1302 2869 1471 2936 Elisaeum

344 2981 463 3058 summ,
481 2975 580 3041 lilium
596 2977 733 3062 Saphat,
751 2977 807 3062 qui
824 2983 873 3044 cst
890 2978 930 3045 de
947 2978 1130 3062 Abelmala,
1152 2997 1256 3062 unges
1271 2977 1471 3062 Prophetum

344 3081 471 3167 pro-te“
491 3081 564 3170 (ΙΙΙ.
575 3083 654 3166 Reg.
668 3083 774 3170 XIX.)
790 3083 856 3151 Sed
872 3083 927 3150 ubi
939 3084 1249 3168 JesusNanarenus,
1266 3102 1363 3165 quem
1380 3082 1472 3148 unxit

345 3193 433 3257 Deus
450 3191 571 3276 Spiritu
588 3190 728 3274 Sancto,
755 3191 840 3257 sicut
860 3191 895 3258 in
911 3193 1045 3258 Actibus
1061 3193 1295 3278 Apostolorum
1320 3191 1471 3270 habetur,

343 3303 458 3367 unctus
474 3305 524 3364 est
540 3298 611 3365 oleo
627 3318 708 3383 prae
724 3299 926 3367 consortibus
942 3301 1020 3384 suis,
1037 3299 1112 3384 qui,
1137 3298 1313 3366 secundnm
1329 3297 1469 3383 Aposto-

343 3408 430 3489 lum,
458 3411 508 3472 est
522 3414 622 3491 caput
636 3405 823 3492 Ecclesiae,
852 3428 939 3491 quac
958 3417 1008 3474 est
1023 3427 1143 3493 eorpus
1168 3405 1290 3492 ipsius,
1307 3403 1472 3490 Principis

344 3514 452 3580 unctio
468 3532 489 3576 a
505 3513 613 3595 capite
630 3513 754 3579 scilicet
770 3515 802 3579 in
819 3515 987 3582 brachium
1003 3521 1054 3580 est
1068 3513 1239 3596 translata,
1261 3517 1296 3577 ut
1311 3511 1470 3596 Princeps

345 3626 462 3685 extunc
479 3637 543 3684 non
560 3624 700 3702 ungatur
716 3619 749 3685 iu
765 3621 893 3707 eapite,
910 3622 969 3687 sed
986 3623 1018 3687 in
1034 3622 1177 3705 brachio,
1198 3620 1317 3687 sivein
1334 3620 1468 3686 humero

345 3726 397 3792 vel
413 3727 445 3791 in
462 3744 563 3808 armo,
581 3725 614 3792 in
630 3727 745 3810 quibus
761 3729 969 3814 Principatus
985 3747 1126 3813 congrue
1150 3727 1352 3810 designatur,
1375 3727 1470 3811 juxta
1578 3751 1582 3760 ·

344 3833 432 3917 quod
448 3833 586 3916 legitur:
606 3835 667 3921 ,Et
682 3835 787 3902 iactus
797 3845 848 3903 est
862 3837 1069 3923 Principatus
1081 3855 1179 3921 super
1199 3837 1366 3901 humerum
1377 3835 1468 3918 ejus“

347 3941 425 4030 (lsa.
444 3939 528 4029 lX.).
557 3940 609 4008 Ad
625 3943 711 4027 quod
735 3943 834 4010 etiam
860 3945 1115 4030 designandum,
1137 3943 1270 4009 Samuel
1293 3941 1371 4009 iecit
1396 3943 1474 4027 poni

345 4071 469 4120 armum
485 4055 561 4118 ante
577 4053 668 4134 Saul,
694 4051 745 4118 cni
762 4051 898 4120 dederat
921 4053 1028 4120 locum
1047 4050 1206 4137 incapite
1229 4057 1305 4118 autc
1321 4069 1390 4134 eos,
1417 4051 1471 4134 qui

344 4161 473 4229 inerant
497 4160 635 4226 invitati.
662 4162 699 4226 ln
724 4160 832 4246 eapite
855 4173 932 4228 vero
958 4161 1123 4228 Pontificis
1147 4159 1398 4226 sacramentalis
1423 4164 1473 4225 est

345 4268 500 4336 delibatio
516 4273 719 4351 conservata,
736 4268 814 4352 quia
829 4287 1002 4352 personam
1019 4267 1138 4355 capitis
1154 4269 1188 4334 in
1203 4265 1389 4334 Pontifieali
1405 4266 1472 4334 olli-

345 4376 394 4442 cio
421 4381 654 4460 repraesentat.
681 4374 798 4441 Diliert
823 4381 931 4442 autem
957 4375 1041 4442 inter
1066 4373 1236 4442 Pontificis
1262 4381 1295 4440 et
1310 4373 1472 4460 Principis

345 4484 549 4566 unctionem,
576 4483 652 4567 quia
669 4489 766 4571 caput
782 4484 947 4552 Pontificis
964 4484 1139 4552 chrismate
1155 4489 1376 4568 consecratur,
1402 4485 1472 4550 bra·

345 4588 451 4654 chium
470 4609 545 4656 reno
561 4589 723 4677 Principis
740 4591 812 4660 oleo
830 4592 994 4674 delinitur,
1021 4597 1056 4658 ut
1071 4591 1271 4678 ostendatur,
1289 4597 1414 4677 quanta
1429 4593 1472 4659 sit
