3202 5190
925 871 1001 940 lit.

397 1070 459 1136 111.
480 1071 569 1136 lancae
581 1061 738 1156 pcipcinak
753 1065 944 1136 insatiatam
959 1093 999 1136 aa
1020 1070 1117 1154 irdct,
1132 1070 1212 1159 boyy
1228 1072 1331 1157 muetp
1346 1071 1533 1158 apulliam

475 1217 479 1229 .
558 1203 579 1244 o
594 1176 830 1265 bclpdrorsacipi
846 1177 992 1244 euctaei
1007 1177 1235 1247 dtudattacatk.
1258 1180 1356 1245 1204.

504 1371 555 1438 Ad
571 1374 725 1440 honorem
741 1374 802 1440 Dei
820 1373 1059 1460 Omnipotentis
1083 1380 1115 1441 et
1131 1375 1253 1442 Beatae
1272 1375 1398 1442 Mariae
1418 1375 1530 1458 Virgi-

396 1479 458 1563 nis,
476 1486 509 1544 et
523 1479 696 1546 Beatorum
707 1480 941 1566 Apostolorum
957 1480 1045 1547 Petri
1061 1488 1093 1548 et
1102 1483 1208 1567 Pauli,
1225 1491 1257 1550 et
1273 1483 1396 1551 domini
1408 1483 1528 1571 Papae

397 1585 595 1670 iunocentii,
622 1595 654 1652 et
669 1589 836 1652 Romanae
851 1587 1040 1671 Ecclesiae,
1067 1606 1127 1654 neo
1143 1609 1208 1655 non
1230 1597 1262 1654 et
1277 1590 1445 1656 Ecclesiae
1461 1591 1526 1656 tibi

397 1693 582 1777 commisce,
598 1693 756 1759 tradimus
773 1692 832 1760 tibi
848 1693 983 1780 pallium
1000 1694 1041 1760 de
1059 1715 1195 1780 corpore
1208 1696 1300 1763 Beati
1310 1697 1398 1764 Petri
1414 1718 1526 1783 sump-

395 1806 474 1885 tum,
501 1799 630 1886 insigne
645 1799 799 1866 videlicet
813 1801 1024 1887 plenitudinis
1039 1804 1238 1870 Pontificalis
1254 1803 1372 1888 officii,
1399 1825 1461 1888 quo
1480 1805 1525 1871 ad

398 1910 568 1976 missarum
585 1905 745 1973 solemnia
759 1906 847 1973 inira
857 1907 1024 1975 Ecclesiae
1038 1909 1099 1976 tibi
1114 1909 1277 1994 subjectas
1293 1911 1397 1978 utaris
1412 1911 1446 1977 in
1456 1911 1523 1976 Na-

395 2015 523 2085 tivitate
538 2015 687 2098 Domini,
705 2015 897 2083 Festivitate
913 2018 1167 2102 Protomartyrie
1187 2017 1365 2104 Stephani,
1382 2019 1523 2085 Circum·

397 2127 519 2193 cisione
534 2125 684 2212 Domini,
708 2126 914 2212 Epiphania,
931 2129 1124 2216 Hypapanti
1134 2180 1143 2213 ,
1168 2129 1340 2196 Dominica
1358 2128 1392 2194 in
1408 2129 1523 2194 Remis

396 2235 595 2319 Palmarum,
614 2235 724 2301 Coena
740 2235 883 2320 Domini,
899 2237 1043 2304 Sabbato
1059 2239 1187 2322 Sancto,
1204 2238 1343 2321 Pascha,
1360 2237 1460 2303 Feria
1475 2256 1521 2302 se-

397 2343 502 2409 cunda
526 2350 601 2429 post
616 2342 763 2426 Pascha,
788 2344 987 2412 Aseensicne
1010 2345 1162 2430 Domini,
1179 2347 1391 2428 Pentecoste,
1418 2343 1522 2409 tribus

396 2450 641 2518 Festivitatibus
654 2449 795 2517 Sanctae
805 2453 939 2538 Mariae,
957 2453 1068 2520 Natali
1079 2454 1172 2521 Beati
1188 2453 1326 2520 ioannis
1337 2451 1520 2538 Baptistae,

396 2557 658 2626 solemnitatibus
674 2559 817 2626 omnium
837 2559 1079 2645 Apostolorum,
1097 2561 1402 2629 commemoratione
1422 2558 1521 2626 onmi-

396 2686 450 2732 um
466 2667 667 2752 Sanctorum,
683 2667 943 2734 dedicationibus
961 2667 1189 2752 Ecclesiamm,
1218 2665 1519 2734 consecrationibus

395 2773 642 2860 Episcoporum,
659 2773 917 2842 ordinationibus
934 2775 1132 2858 clericorum,
1158 2774 1325 2842 Ecclesiae
1342 2779 1420 2840 tuae
1436 2771 1519 2857 prin-

396 2882 559 2967 cipalibus
576 2882 840 2967 Festivitatibus‚
868 2889 900 2950 et
916 2883 1139 2951 anniversario
1156 2882 1411 2951 consecrationis
1432 2886 1520 2950 tuae.

397 2989 501 3074 Sane,
527 2990 616 3056 solus
632 2991 795 3058 Romanus
812 2991 961 3059 Pontifex
985 2993 1018 3058 in
1034 2992 1207 3064 missarum
1231 2990 1398 3060 solemniis
1415 2990 1520 3074 pullio

396 3117 523 3184 semper
540 3099 647 3180 utitur,
665 3103 696 3162 et
713 3097 841 3183 ubique,
858 3101 1012 3182 quoniam
1028 3105 1216 3185 assumptus
1233 3103 1283 3165 est
1298 3099 1331 3163 in
1347 3096 1520 3182 plenitudi-

397 3225 471 3272 nem
484 3205 735 3273 Ecclesiasticus
744 3207 929 3291 potestetis,
946 3227 1031 3292 quae
1041 3228 1100 3293 per
1115 3207 1252 3292 pallium
1269 3207 1435 3290 figuratur.
1453 3205 1520 3270 Alii

397 3322 505 3381 autem
521 3333 560 3380 eo
576 3333 637 3380 nce
654 3333 794 3399 semper,
810 3315 1015 3400 necemque,
1032 3315 1091 3381 sed
1108 3315 1140 3381 in
1152 3314 1302 3381 Ecclesia
1316 3333 1386 3397 sua,
1403 3313 1438 3378 in
1454 3333 1520 3396 qua

393 3420 651 3506 jurisdictionem
670 3421 925 3488 eeclesiasticam
935 3429 1140 3507 acceperunt,
1157 3422 1253 3489 certis
1264 3421 1379 3488 decent
1392 3422 1439 3486 uti
1456 3420 1520 3487 die-

399 3529 471 3612 bus,
491 3529 643 3610 quoniam
659 3529 767 3594 vocati
782 3533 856 3594 sunt
871 3529 905 3594 in
921 3535 1047 3614 partem
1064 3530 1301 3615 sollicitudinis,
1321 3550 1386 3600 non
1402 3531 1437 3594 in
1455 3530 1518 3614 ple-

395 3635 574 3702 nitudinem
596 3637 778 3722 potestatis.

532 3835 634 3901 (Migne
648 3850 673 3884 u.
688 3853 710 3887 o.
725 3837 761 3889 li.
775 3835 830 3888 kot.
848 3838 909 3887 esi.
924 3835 958 3898 l.;
985 3837 1101 3888 Theiner
1115 3853 1140 3889 u.
1155 3837 1282 3889 o.1.kcr‚
1297 3839 1338 3887 ³1.
1354 3835 1384 3903 l.)
