3202 5190
346 514 457 582 etitate
474 513 649 598 directum;
675 531 794 580 nornen
810 514 899 599 ejus,
924 514 1070 580 ioannes
1086 509 1283 595 Oapellanus
1292 557 1302 591 ,
1329 513 1362 573 et
1380 504 1475 572 dedit

347 623 425 690 mihi
442 641 553 690 omnes
569 623 695 690 litteras
712 641 753 688 ex
768 629 861 709 parte
876 625 1014 690 Vestrae
1030 621 1231 705 sanctitatis,
1255 625 1287 686 et
1302 617 1473 702 perlectae

348 729 427 796 mihi
452 727 590 796 luerunt.
618 730 711 796 Unde
729 729 824 796 valde
850 729 960 795 anima
985 749 1058 794 mea
1073 735 1124 794 est
1139 729 1281 808 laetata,
1309 731 1342 790 et
1358 740 1476 790 manus

273 845 276 852 '
348 856 438 904 mear
455 836 499 903 ad
524 837 649 905 coelum
666 837 863 919 extendens,
890 839 1017 921 gratier
1034 839 1103 904 Deo
1130 837 1203 921 egi,
1227 835 1305 918 quia
1328 831 1478 898 visitavit

349 945 508 1011 Dominus
523 945 650 1030 plebem
661 964 765 1028 suam,
782 949 814 1010 et
824 947 921 1010 Pater
937 951 1047 1012 noster
1058 944 1181 1010 Beatus
1191 943 1293 1028 Papa,
1311 959 1476 1026 quaerens

350 1073 454 1137 ovem,
471 1071 555 1136 qnae
572 1053 724 1138 perierat,
749 1059 783 1118 nt
799 1061 831 1120 et
846 1073 920 1119 eam
937 1051 1069 1119 reducat
1085 1053 1118 1118 iu
1134 1057 1246 1119 sancto
1263 1049 1352 1116 ovili.
1379 1048 1421 1112 Et
1437 1048 1478 1114 si·

350 1161 416 1228 cuti
433 1163 657 1230 continebatur
682 1165 715 1230 in
732 1163 848 1230 litteris
865 1164 1001 1230 Vestrae
1026 1161 1235 1243 Sanctitatis,
1262 1160 1310 1226 sic
1326 1157 1479 1224 dominus

351 1269 495 1336 Joannes
511 1268 713 1356 Capelianus
729 1271 816 1353 fecit,
833 1269 1010 1336 secundum
1027 1269 1166 1336 edictum
1182 1287 1322 1352 magnae
1337 1267 1479 1332 Vestrae

352 1377 552 1464 Sanctitatis,
570 1384 712 1446 vestram
727 1379 806 1446 mihi
817 1379 906 1444 dedit
922 1378 1191 1460 benedictionem,
1208 1385 1240 1443 et
1248 1378 1396 1462 largiens
1411 1378 1478 1463 pal-

352 1487 431 1553 lium
448 1487 491 1553 ad
506 1488 748 1574 plenitudinem
764 1489 963 1556 Pontifiealis
988 1486 1085 1555 oliicii
1096 1537 1105 1570 ,
1131 1506 1242 1554 mense
1265 1485 1479 1574 Septembris,

354 1602 471 1664 octava
488 1597 560 1680 die,
584 1598 618 1664 in
633 1597 716 1664 testo
733 1596 922 1663 Natiuitatis
937 1596 1171 1664 Sanctissimae
1190 1601 1323 1663 nostrae
1339 1597 1402 1662 Dei
1419 1593 1480 1660 Ge·

353 1707 488 1772 ultricis.
516 1707 559 1772 Et
574 1726 636 1790 ego
652 1727 725 1772 cum
742 1707 843 1772 multa
860 1705 1042 1772 devotionis
1067 1705 1249 1772 humilitate
1264 1712 1398 1791 recepto
1411 1705 1481 1792 pal-

354 1815 398 1882 lio
409 1865 418 1897 ,
445 1814 578 1881 exhibui
603 1813 771 1880 fidelitatis
787 1811 1025 1895 obedientiam,
1053 1811 1279 1897 praesentibus
1295 1813 1479 1900 Episcopis‚

354 1920 410 2006 qui
427 1922 572 1989 scribunt
589 1921 761 1988 Sanctitati
777 1922 925 2004 Vestrae,
951 1929 983 1986 et
998 1921 1148 2006 Principe
1167 1927 1297 2004 nostro,
1321 1928 1355 1987 et
1369 1922 1479 1987 multis

355 2028 430 2095 aliis
446 2029 479 2093 in
494 2028 644 2094 Ecclesia
664 2026 906 2094 assistentibus.
935 2027 975 2092 at
991 2027 1126 2108 iterum,
1148 2027 1245 2094 Pater
1263 2027 1395 2109 Sancte,
1421 2030 1480 2094 Ve-

355 2143 457 2202 stram
473 2155 552 2220 rogo
568 2136 793 2216 sanctitatem,
821 2141 856 2199 ut
872 2133 1062 2220 dispenses,
1087 2141 1119 2199 et
1135 2133 1318 2220 adimpleas
1334 2135 1481 2201 ordinem

355 2243 631 2326 ecclesiasticum,
660 2251 692 2308 et
708 2243 848 2327 qualiter
872 2244 1009 2310 debeam
1036 2263 1150 2328 regere
1170 2245 1273 2327 ovile,
1299 2246 1388 2329 quod
1405 2245 1481 2311 mibi

356 2357 407 2419 est
422 2351 595 2418 comissum
611 2373 632 2417 a
649 2353 720 2419 Deo
736 2361 769 2420 et
785 2351 967 2418 Sanctitate
983 2357 1048 2417 tua.
1074 2353 1229 2418 Sanctum
1249 2352 1393 2418 chrisma
1418 2372 1483 2418 non

356 2458 533 2540 habemus,
559 2458 624 2524 imo
649 2457 820 2525 aSraecls
845 2477 1092 2544 receperamus:
1117 2459 1175 2524 sed
1199 2459 1240 2526 de
1265 2467 1397 2528 caetero
1424 2481 1483 2527 nos

356 2573 512 2649 tanquam
529 2572 562 2631 et
578 2585 635 2632 vos
654 2567 772 2633 Graeci
788 2585 907 2634 exosos
924 2566 1054 2632 habent.
1081 2565 1123 2632 Et
1138 2565 1259 2648 sciatis,
1282 2566 1415 2633 domine
1431 2569 1484 2649 mi,

357 2674 509 2758 quoniam
525 2673 607 2742 hacc
625 2677 734 2742 omnia
757 2677 791 2740 in
808 2675 988 2741 Sanctitate
1003 2680 1061 2740 tua
1076 2683 1310 2758 remanserunt,
1327 2675 1418 2758 quod
1435 2677 1485 2742 de·

358 2782 434 2848 beat
449 2779 482 2846 in
499 2781 651 2849 omnibus
676 2783 888 2868 dispensare,
915 2781 1003 2849 etde
1027 2789 1139 2848 sancto
1164 2781 1339 2848 chrismate
1355 2803 1418 2850 nos
1434 2783 1485 2849 do

357 2909 451 2975 cear,
478 2889 618 2974 qualiter
635 2897 766 2974 gentem
792 2891 961 2977 baptizare
981 2890 1176 2972 debeamus,
1204 2896 1291 2956 etue
1315 2896 1486 2956 remaneat

356 3017 437 3084 gens
453 3000 577 3082 absque
595 2999 770 3066 chrismate
787 3005 911 3081 sancto,
929 3005 961 3064 et
977 2999 1038 3063 erit
1054 3003 1234 3083 peceatum.
1254 2997 1319 3063 Sed
1333 2999 1370 3064 in
1387 2998 1485 3065 omni-

357 3106 418 3172 bus
432 3124 492 3173 nos
509 3105 593 3172 tilios
610 3111 703 3189 tuos,
731 3106 878 3191 perditos
895 3114 927 3174 ct
942 3113 1127 3191 pereuntes,
1145 3124 1297 3187 moneas,
1324 3111 1357 3170 et
1373 3106 1485 3171 mittas

358 3211 446 3295 rnilri,
470 3212 570 3278 Pater
586 3213 688 3296 bone,
709 3212 821 3298 pallia
838 3213 880 3279 ad
906 3233 988 3298 opus
1011 3213 1147 3280 duorum
1162 3211 1484 3296 Metropolitanorum

358 3319 585 3387 Priosthlavae
605 3327 637 3386 ct
654 3319 862 3403 Belebusdii3
893 3325 925 3384 et
941 3319 1094 3404 quicquid
1114 3317 1203 3384 aliud
1228 3319 1354 3385 noverit
1369 3320 1492 3384 Vestra·

358 3426 545 3509 Sanctitas,
570 3445 655 3510 quae
671 3425 714 3491 sit
730 3425 772 3492 ad
798 3446 881 3512 opus
900 3428 963 3492 mei
980 3425 1178 3493 Pontificalis
1200 3423 1298 3492 oflicii
1314 3423 1484 3510 plenitudi-

359 3551 442 3616 nem,
459 3532 538 3598 mibi
553 3533 635 3599 illud
651 3535 768 3602 Vestra
789 3535 911 3620 dirigat
928 3536 1102 3602 Sanctitas.

549 3728 652 3797 (Migne
664 3748 691 3784 u.
705 3750 728 3786 c.
741 3735 778 3785 11.
794 3733 848 3785 ket.
863 3733 923 3786 ⁶288.
938 3733 974 3796 l.;
1001 3733 1116 3784 Theiner
1128 3749 1155 3784 u.
1169 3749 1193 3785 o.
1206 3732 1248 3786 28.
1262 3731 1291 3798 l.)
