3238 5184
190 1041 218 1108 A
234 1043 332 1106 hodor
348 1039 567 1128 kdptolaaaalc
591 1039 859 1126 lrizouysciplevela,
875 1040 954 1126 kopp
970 1041 1080 1104 Iolcon
1097 1040 1257 1105 Mouraalc
1264 1041 1315 1126 fio

187 1155 219 1215 a‘a
237 1151 292 1214 Pet
313 1151 437 1214 Potaalr
445 1151 505 1234 fla,
523 1152 666 1214 Domator·
680 1149 836 1213 mestarrol
852 1150 959 1214 aranuk
974 1151 1041 1212 600
1056 1151 1186 1236 pirriapi
1201 1151 1315 1214 kenele-

458 1259 518 1322 lose
534 1257 709 1344 turpycibau
725 1257 936 1345 cpyezkedtek.
958 1259 1056 1324 1232.

373 1470 1132 1538 ABGDEFGHIKL

299 1669 467 1736 Vniuersis
483 1668 603 1735 Christi
629 1667 779 1734 fidelibus
796 1673 963 1753 presentes
980 1667 1107 1733 litteras
1123 1667 1316 1756 inspecturis

189 1777 351 1844 Budensis
367 1777 711 1864 EcclesieOapitulum
728 1777 865 1844 salutem
882 1778 915 1843 in
926 1777 1065 1843 Domino
1081 1776 1225 1842 salutari.
1246 1777 1317 1856 Quo

189 1893 344 1972 geruntur
359 1887 392 1951 in
416 1892 572 1972 tempore,
588 1907 629 1951 ne
649 1885 800 1950 labantur
816 1905 889 1951 oum
904 1891 1059 1970 tempore,
1077 1886 1192 1950 sollers
1218 1886 1316 1952 homi-

191 2015 269 2060 num
285 1993 455 2060 adiuuenit
471 1994 660 2080 prudencia,
677 1999 712 2059 ut
728 1994 884 2078 scripture
908 1993 1092 2060 testimonio
1108 2013 1318 2080 perempneu-

193 2109 255 2168 tur.
273 2101 357 2166 Hinc
377 2107 436 2184 est,
457 2101 544 2186 quod
559 2101 602 2167 ad
619 2101 842 2167 uniuersorum
858 2101 1010 2167 noticiam
1026 2109 1094 2166 tam
1113 2103 1318 2186 presencium

191 2229 291 2290 quam
307 2208 487 2276 futurorum
512 2208 628 2274 harum
644 2215 755 2274 tenore
771 2209 920 2275 uolumus
936 2207 1116 2294 peruenire,
1143 2208 1229 2292 quod
1252 2211 1318 2275 Ste-

190 2317 319 2402 phanus
334 2316 419 2382 lilius
435 2316 537 2399 Mour,
564 2323 596 2381 et
611 2317 670 2381 Pet
685 2315 771 2382 filius
787 2318 849 2384 Pot
864 2317 898 2382 in
922 2317 1023 2383 nostri
1048 2317 1220 2402 presencia
1245 2335 1317 2384 con·

191 2424 295 2490 stituti
311 2425 463 2490 dixerunt
477 2424 555 2488 uiua
571 2443 661 2508 uoce,
678 2425 764 2508 quod
781 2433 895 2492 contra
908 2426 1101 2508 Magistrum
1118 2425 1318 2491 Demetrium
1360 2431 1364 2438 '
1425 2461 1430 2474 .

191 2553 251 2618 pro
268 2532 419 2618 expensis
436 2533 479 2597 ab
505 2533 578 2620 ipso
595 2533 635 2598 D.
654 2533 788 2619 Oepano
810 2533 876 2600 lilio
894 2532 1018 2620 Cepani
1034 2533 1200 2616 quondam
1216 2533 1318 2600 (lomi-

191 2641 234 2705 tis
250 2639 405 2725 Palatini,
430 2639 486 2722 qui
501 2639 602 2706 filiam
617 2639 720 2726 ipsius
737 2642 778 2705 D.
795 2640 859 2706 sibi
885 2641 1165 2707 matrimonialiter
1188 2643 1317 2728 copula·
1425 2645 1428 2652 “

192 2753 285 2814 uerat
300 2747 406 2831 tactis,
423 2747 457 2813 in
473 2747 637 2813 sexcentis
662 2746 781 2812 marcis
797 2749 1030 2814 remansissent
1049 2746 1162 2814 ordine
1183 2747 1317 2814 iudicia·

192 2859 241 2926 rio
258 2881 266 2943 3
282 2865 403 2924 etcum
419 2877 483 2923 non
500 2857 656 2923 haberent
672 2855 759 2922 unde
770 2857 912 2939 soluere,
924 2855 1087 2940 quandam
1105 2857 1219 2924 uillam
1234 2857 1319 2943 ipso·

192 2985 263 3033 rum
288 2967 419 3034 nomino
443 2964 546 3051 (than,
572 2985 772 3031 communem
796 2985 870 3030 oum
894 2963 1022 3030 Abbatc
1048 2965 1089 3030 (lc
1105 2965 1224 3049 Lybyn
1241 2964 1317 3032 dato

192 3074 314 3140 utiliori
330 3073 517 3140 concambio
534 3072 597 3157 ipsi
613 3071 770 3156 Ecclesia,
788 3072 911 3138 scilicet
927 3071 1137 3138 medietatem
1153 3071 1231 3137 uilla
1242 3069 1317 3137 Our-

193 3185 271 3268 tuel,
288 3183 378 3248 ouius
395 3180 503 3248 media
517 3201 595 3268 pars
605 3181 695 3269 prius
713 3181 799 3247 dicte
810 3181 956 3247 Ecclesia
972 3180 1089 3265 suerat,
1107 3201 1147 3246 ex
1157 3199 1317 3248 consensu

193 3290 331 3357 Abbatis
357 3295 389 3356 et
410 3288 605 3373 Conuentus,
633 3287 720 3374 quod
742 3288 964 3355 concambium
990 3286 1178 3355 Leonardus
1205 3287 1317 3354 Abbas

193 3397 339 3485 predicte
354 3398 502 3464 Ecclesia
528 3417 569 3464 ex
584 3396 671 3464 bona
686 3397 856 3464 uoluntate
881 3417 943 3462 sua
970 3403 1003 3462 et
1026 3394 1162 3461 fratrum
1187 3415 1317 3484 suorum

194 3505 313 3572 lactum
330 3525 413 3588 esse,
431 3503 508 3570 uiua
523 3524 604 3571 uoce
629 3504 779 3588 asseruit,
797 3523 855 3589 pro
873 3503 960 3570 diota
977 3523 1103 3569 summa
1118 3503 1253 3587 pecunie
1272 3505 1317 3569 in-

194 3614 363 3697 tegraliter
379 3613 442 3698 ipsi
458 3613 497 3677 D.
514 3619 547 3678 et
562 3610 708 3679 eiusdem
725 3611 969 3678 successoribus
986 3613 1056 3679 iure
1072 3619 1228 3700 perpetuo
1245 3633 1318 3698 pos-

195 3723 365 3790 sidendam
380 3727 617 3806 concesserunt,
645 3722 732 3789 omni
747 3721 809 3787 iuri
827 3729 859 3788 et
876 3722 1003 3790 accioni
1026 3727 1095 3788 tam
1118 3722 1189 3807 ipse
1205 3721 1318 3788 Abbas

195 3837 227 3896 et
243 3830 437 3915 Conuentus,
465 3850 562 3913 quam
578 3829 683 3896 dictus
699 3832 733 3896 S.
750 3837 783 3895 et
798 3831 834 3896 P.
852 3850 950 3917 super
966 3831 1038 3916 ipsa
1059 3831 1140 3896 uilla
1156 3837 1270 3916 sponte
1287 3839 1319 3898 et

194 3939 377 4006 uoluntario
402 3937 645 4022 renunciantcs;
673 3937 721 4002 ita
736 3937 823 4021 quod
849 3937 920 4004 siue
945 3938 978 4002 in
1003 3939 1175 4022 presencia
1200 3937 1317 4002 iudicis

196 4045 354 4112 secularis
373 4063 429 4111 seu
455 4044 666 4110 ecclesiastici
682 4044 916 4130 querimoniam
933 4044 1170 4129 proposuerint,
1193 4043 1317 4110 eisdem

196 4152 369 4218 audiencia
392 4152 481 4219 nullo
499 4151 594 4219 modo
612 4153 806 4237 prebeatur;
833 4153 861 4218 si
878 4158 986 4216 autem
1003 4151 1123 4233 aliquis
1142 4158 1316 4217 extraneus

194 4266 306 4327 contra
322 4259 500 4344 predictum
516 4261 556 4324 D.
574 4279 673 4343 super
688 4260 762 4343 ipsa
778 4258 857 4323 uilla
874 4256 966 4324 Ohun
982 4277 1080 4341 agere
1096 4257 1243 4342 uoluerit,
1271 4257 1316 4322 di·

194 4375 265 4434 ctus
281 4368 314 4433 S.
332 4375 364 4434 et
380 4371 415 4433 P.
432 4387 529 4452 snper
545 4368 595 4433 his
611 4367 807 4452 respondere
824 4366 1026 4431 tenebuntur.
1051 4362 1141 4430 Istud
1163 4365 1247 4430 ciam
1263 4385 1316 4430 no·

193 4477 299 4542 lumus
324 4474 480 4560 preterire
496 4475 639 4557 silencio,
666 4473 751 4556 quod
767 4473 917 4556 quamuis
943 4473 1016 4558 ipsa
1039 4473 1118 4538 uilla
1134 4472 1224 4539 Chun
1251 4493 1316 4538 non

195 4585 303 4651 ualeat
317 4605 476 4652 summam
493 4583 631 4670 pecunie
648 4583 828 4668 nominate,
845 4589 952 4648 tamen
963 4582 1120 4664 Magister
1136 4583 1187 4671 D.,
1203 4581 1315 4650 uolens
