3202 5190
838 334 996 435 ffl-

350 559 371 605 a
390 553 583 622 quocunqne
598 531 834 599 Patriarohalis
852 531 1033 598 benedictio
1060 535 1093 596 et
1109 517 1299 597 mandatum
1325 530 1424 618 (sic),
1450 531 1484 596 in

354 643 486 710 ciuitate
503 641 637 726 Imperii
653 640 716 704 mei
729 639 874 721 Trinori,
893 638 971 705 data
986 645 1017 704 et
1034 657 1191 704 concessa
1206 637 1301 703 luerit
1317 659 1337 703 a
1353 639 1485 705 domino

350 755 461 836 Papa,
487 747 627 814 faciendi
644 755 676 812 et
699 745 913 812 consecrandi
930 746 1222 832 Archiepiscopos,
1247 747 1484 832 Metropolitas,

350 863 382 926 et
398 856 581 943 Episcopos
593 905 601 939 ,
629 860 661 920 et
691 854 837 937 reliquas
863 853 1103 920 ecclesiasticas
1127 853 1354 922 obsecutiones
1380 873 1486 922 sacra-

352 966 525 1048 mentales,
543 963 694 1031 coneedit
710 961 887 1048 Imperium
904 981 1030 1044 meum,
1056 969 1091 1028 ut
1108 963 1335 1048 plenissimam
1350 963 1384 1028 in
1400 963 1486 1030 omni

353 1073 532 1140 tenimento
549 1079 581 1138 et
592 1069 725 1156 Imperii
743 1069 807 1136 mei
822 1068 1027 1154 pertiuentiis
1044 1069 1192 1136 habeant
1207 1077 1413 1154 potestatem.
1431 1071 1486 1135 Ec-

351 1181 476 1247 clcsiae
491 1178 576 1246 enim
594 1197 707 1244 omnes
724 1177 824 1244 totius
840 1177 973 1262 Imperii
991 1177 1054 1244 mei
1072 1183 1107 1242 et
1123 1178 1312 1260 tenimenti,
1338 1184 1372 1245 et
1387 1179 1487 1243 Patri-

351 1289 450 1354 archa
472 1306 562 1352 meus
578 1285 860 1370 Metropolitanus,
879 1284 1043 1370 Episcopi,
1058 1284 1314 1370 Archiepiscopi,
1332 1291 1364 1351 et
1381 1285 1486 1350 cuncti

352 1393 539 1462 sacerdotes
555 1395 729 1461 Romanae
756 1393 883 1460 subsint
899 1394 1088 1476 Ecclesiae,
1107 1399 1140 1460 et
1153 1399 1286 1460 teneant
1301 1394 1430 1478 legem,
1456 1401 1486 1460 et

358 1499 634 1583 consuetudinem,
659 1506 692 1566 et
708 1500 982 1583 observationem,
1003 1519 1085 1585 quas
1099 1505 1272 1567 tennerunt
1288 1503 1409 1568 beatae
1425 1521 1485 1567 me-

354 1609 478 1676 moriae
505 1611 726 1695 Imperatores
752 1609 852 1676 totius
877 1607 1055 1692 Bulgariae
1080 1615 1113 1672 et
1135 1608 1287 1693 Blaoiae,
1314 1610 1414 1695 prisci
1439 1609 1485 1676 illi

357 1717 460 1784 nostri
487 1717 778 1803 praedecessores,
805 1722 838 1780 et
863 1735 923 1782 nos
948 1715 1061 1782 ecdem
1089 1715 1184 1782 modo
1210 1717 1351 1800 vestigia
1376 1737 1486 1784 eornm

359 1824 534 1892 imitantes.
561 1825 740 1908 Subsignat
767 1831 876 1890 autem
892 1823 1067 1910 Imperium
1088 1843 1193 1889 meum
1212 1823 1255 1889 ad
1280 1824 1487 1890 securitatem

355 1933 590 2017 chrysobolum
607 1952 711 2016 suurn,
728 1931 815 2018 quod
832 1951 996 2016 nunqnam
1015 1932 1057 1996 ab
1068 1931 1217 1997 Ecclesia
1231 1932 1381 1998 Romana
1398 1939 1432 1998 et
1447 1931 1487 1995 ab

355 2039 544 2125 Apostolica
560 2040 655 2123 Sede,
673 2041 820 2125 principe
839 2039 1070 2124 Apostolorum
1087 2041 1195 2123 Petro,
1211 2041 1316 2125 ipsum
1335 2039 1487 2104 videlicet

354 2145 533 2231 Imperium
560 2166 666 2212 meum
683 2146 851 2230 discedet,
877 2165 982 2230 neque
998 2145 1059 2212 alii
1074 2147 1206 2231 lmpcrii
1231 2147 1293 2212 mei
1318 2147 1488 2233 Principes

355 2255 652 2342 disgregabuntur,
679 2255 738 2321 sed
764 2260 798 2319 ut
814 2259 950 2320 vocatos
975 2253 1114 2320 dilectus
1139 2254 1224 2320 filius
1250 2257 1488 2322 Sacrosanctae

355 2367 387 2428 et
411 2361 622 2447 Apostolicae
651 2365 822 2430 Romanae
846 2362 941 2428 Sedis
966 2361 1127 2448 Principis
1144 2361 1377 2447 Apostolorum
1402 2360 1489 2427 Petri

356 2487 424 2534 ero.
442 2468 484 2534 Et
498 2468 666 2554 deinceps,
694 2488 904 2554 quascunque
919 2476 1025 2536 terras
1041 2467 1297 2537 Christianorum
1314 2489 1373 2534 seu
1390 2488 1489 2554 paga-

355 2594 468 2642 norum
485 2594 591 2643 meum
606 2576 819 2661 acquisiverit
829 2577 1015 2662 Imperium,
1036 2577 1095 2643 snb
1112 2581 1274 2662 potestate
1290 2581 1322 2640 et
1332 2575 1488 2641 mandato

357 2681 503 2766 ejusdem
514 2684 754 2750 Sacrosanctae
763 2686 932 2750 Romanae
942 2683 1109 2750 Ecclesiae
1124 2690 1156 2749 et
1166 2683 1378 2770 Apostolicae
1393 2681 1488 2748 Sedis

360 2793 463 2853 erunt.
488 2789 540 2873 Et,
561 2796 597 2855 ut
612 2809 769 2875 praesens
796 2790 1025 2875 chrysobolum
1041 2790 1173 2875 Imperii
1189 2790 1252 2855 mei
1268 2797 1375 2856 ratum
1391 2796 1425 2856 et
1440 2787 1488 2854 fir·

357 2915 443 2962 mum
459 2896 630 2982 habeatur,
648 2898 725 2963 dedi
742 2897 918 2984 Imperium
934 2917 1039 2963 meum
1057 2899 1091 2964 in
1108 2898 1257 2963 manibus
1273 2897 1486 2963 Reverendis-

358 3004 432 3071 simi
459 3005 520 3072 viri
535 3006 693 3091 Ioannis,
721 3005 958 3072 Sacrosanctae
981 3009 1149 3073 Romanae
1173 3006 1268 3072 Sedis
1292 3005 1430 3091 Legati,
1456 3013 1487 3070 et

360 3114 483 3182 domini
499 3117 609 3200 Papae
626 3113 817 3202 Capellani,
844 3117 877 3180 in
903 3135 966 3198 quo
983 3121 1015 3180 et
1040 3123 1185 3181 nostrum
1209 3115 1297 3199 pium
1323 3119 1357 3178 et
1379 3133 1401 3178 a
1417 3113 1484 3179 Dec

359 3228 542 3307 promotum
558 3222 766 3306 subsignavit
780 3223 976 3309 Imperium,
998 3243 1083 3290 anno
1101 3243 1158 3290 sex
1177 3221 1349 3288 millesimo
1367 3219 1483 3306 septin-

360 3329 540 3416 gentesimo
555 3329 758 3416 duodecimo,
781 3331 961 3398 Indictione
977 3331 1048 3397 Vll.

494 3525 597 3592 (iligna
610 3544 636 3580 u.
654 3546 677 3578 ο.
692 3531 728 3582 II.
743 3529 800 3586 hoc.
814 3531 874 3580 287.
888 3531 924 3594 l.;
947 3529 1065 3580 Theinor
1079 3543 1104 3583 u.
1122 3544 1145 3578 o.
1159 3529 1181 3578 I.
1195 3529 1250 3579 hot.
1264 3527 1306 3578 Il.
1320 3524 1350 3591 l.)

792 3798 1055 3808 m*
