3238 5184
597 309 756 413 gec—

108 510 189 594 gine
205 514 310 575 matre
323 511 437 573 nosba
451 505 595 574 turricam
611 511 722 572 nostre
737 505 950 575 hamanitatis
966 525 1148 595 assumens,
1168 527 1248 577 eam

108 615 182 684 suis
196 611 369 681 fraudibus
385 619 418 680 et
433 608 679 698 deceptionibus
695 611 794 679 uelud
809 613 953 700 clipeum
972 635 1150 702 opponens,
1167 633 1241 682 cun-

107 728 181 789 ctos
206 740 267 789 nos
287 739 306 787 e
330 718 464 786 mutaris
489 719 609 806 eripuit
633 718 788 806 liberans,
815 727 851 786 ut
876 740 897 788 a
921 727 1024 789 morte
1046 720 1239 790 succedente

109 829 256 914 deberet,
271 827 348 896 illos
364 826 498 908 alliciat,
513 827 652 894 terrenis
669 828 892 914 voluptatibus
906 829 1064 913 inuoluat,
1082 830 1238 912 inhamet,

107 934 226 1020 alliget
241 929 620 1021 eternalitergetoceidat.
639 932 719 1002 Orto
726 933 788 1024 fuit
798 934 973 1022 discordia,
986 936 1028 1002 lis
1037 935 1092 1002 vel
1101 935 1241 1018 litigium

108 1041 198 1108 inter
219 1040 418 1125 jobagiones
443 1047 476 1106 et
493 1041 633 1125 populos
657 1039 771 1108 Sancti
786 1041 918 1108 Martini
943 1042 984 1108 de
1005 1041 1105 1108 Sacro
1130 1043 1240 1108 Monte
1301 1084 1304 1096 ·

107 1147 282 1215 Pannonio
297 1166 338 1212 cx
354 1166 420 1214 una
434 1152 539 1232 parte,
558 1155 591 1214 et
606 1145 773 1215 dominum
783 1147 897 1216 Vriam
912 1145 1074 1216 Abbatem
1094 1148 1240 1216 eiusdem

108 1255 173 1322 loci
190 1273 232 1320 ex
247 1254 373 1338 altera,
400 1259 434 1319 et
448 1253 548 1320 etiam
575 1255 811 1338 proclamatum
825 1254 886 1322 fuit
901 1275 922 1320 a
939 1254 1035 1322 dictis
1055 1254 1240 1339 jobagioni-

106 1361 170 1428 bns
186 1369 219 1429 et
241 1363 373 1449 populis
389 1361 434 1428 ad
450 1361 614 1430 dominnm
633 1364 768 1447 Regem,
784 1368 816 1429 et
832 1361 876 1430 ad
891 1362 1058 1432 dominum
1078 1364 1239 1432 Jacobum

107 1469 337 1536 Prenestinnm
348 1470 505 1552 Electum,
530 1475 608 1536 tunc
617 1469 804 1555 Apostolice
813 1469 909 1538 Sedis
920 1470 1089 1556 Legatum.
1106 1471 1240 1555 Deque

104 1573 273 1643 discordia
297 1583 331 1644 ct
355 1576 461 1662 litigio
487 1576 628 1644 faciente
655 1577 797 1645 Domino
809 1626 818 1661 ,
845 1577 900 1662 qui
925 1577 1072 1645 cordium
1096 1597 1164 1663 pax
1189 1585 1238 1646 cst

105 1683 216 1767 firma,
241 1684 275 1750 in
290 1703 362 1770 nos,
377 1683 511 1751 fratrom
530 1685 643 1752 Enoch
659 1683 792 1752 Ordinis
816 1684 1070 1768 Predicatorum,
1090 1692 1123 1751 et
1137 1685 1238 1769 blagi-

106 1795 212 1856 stram
237 1787 495 1875 cognoscentem
518 1793 644 1876 Legum
660 1792 843 1875 Dentonem,
861 1790 1059 1858 Canonicum
1081 1791 1237 1876 Strigoni·

104 1915 230 1980 ensem,
255 1904 373 1980 exstat,
399 1897 483 1966 sicut
497 1897 532 1963 in
556 1897 653 1966 factis
681 1899 779 1965 etiam
795 1898 911 1966 litteris
935 1897 1162 1968 continebatur
1186 1917 1238 1963 ac·

104 2010 202 2070 tenus
219 2004 499 2091 compromissum.
517 2002 588 2082 Quo
606 2004 684 2071 talis
700 2012 789 2072 erat:

215 2110 377 2178 Petebant
391 2129 531 2194 namque
556 2109 635 2176 dicti
644 2111 855 2197 jobagiones,
875 2111 955 2180 facti
973 2119 1237 2198 procuratorene

105 2215 241 2302 populis
257 2224 289 2283 ct
300 2215 536 2302 j0bagionibus
551 2215 718 2302 predictis,
735 2223 770 2284 ut
784 2221 988 2304 grauamina,
1005 2225 1037 2286 et
1053 2218 1236 2305 oppressio·

105 2342 165 2390 nes
192 2329 226 2390 et
250 2321 437 2388 exactiones
461 2321 643 2408 indebitas,
678 2331 710 2390 et
733 2323 871 2392 iniurias
896 2345 936 2391 ac
959 2325 1146 2409 molestias,
1173 2343 1236 2408 que

103 2428 227 2512 omnia,
243 2435 279 2495 nt
295 2428 459 2513 dicebant,
477 2427 639 2496 inferebat
654 2429 720 2496 illis
736 2430 857 2498 iniuste
872 2429 979 2499 dictus
994 2431 1118 2514 Abbas,
1134 2449 1236 2497 remo·

106 2554 185 2603 uere
201 2535 285 2602 etde
301 2543 409 2602 cetero
424 2535 589 2602 abstinere
605 2537 648 2602 ab
659 2535 718 2620 eis,
736 2545 768 2603 et
783 2556 880 2623 super
895 2537 959 2622 hys
969 2535 1010 2602 de
1026 2534 1079 2603 die
1095 2535 1130 2602 in
1147 2533 1234 2603 diem

106 2641 237 2709 libellos
262 2643 317 2708 vel
340 2641 534 2727 petitiones,
567 2642 785 2726 querimonias
810 2643 1065 2711 innumerabiles
1088 2661 1236 2729 porrexe-

105 2757 191 2816 runt.
216 2749 282 2816 Sed
297 2754 412 2834 postca
427 2768 448 2816 a
464 2749 551 2817 dicto
566 2750 696 2816 Abbate
712 2759 744 2817 et
767 2751 1031 2837 procuratoribus
1048 2749 1235 2817 Conuentns

105 2855 238 2922 libellos
248 2853 457 2921 offerentibus
467 2853 618 2938 infinitos,
635 2853 751 2938 quibus
768 2874 840 2921 cum
849 2854 998 2922 viderent
1013 2863 1137 2940 partes,
1147 2851 1235 2938 quod

106 2968 156 3028 tot
178 2961 283 3028 libelli
298 2960 353 3026 vel
377 2961 553 3047 petitiones
579 2961 798 3045 coguitionem
812 2961 925 3046 magni
949 2960 1105 3048 temporis
1128 2961 1235 3044 exige·

106 3069 198 3152 bant,
222 3067 281 3151 ita,
298 3065 385 3150 quod
400 3085 466 3133 non
482 3073 612 3154 poterat
626 3067 696 3135 deri
712 3069 784 3135 sine
800 3067 930 3153 magnis
945 3067 1112 3134 laboribus
1130 3073 1164 3132 et
1182 3085 1234 3132 ex·

104 3175 227 3261 pensis,
251 3172 402 3240 omnibus
418 3173 651 3242 renunciarent
669 3193 728 3261 per
744 3173 915 3242 consilium
931 3181 963 3240 et
983 3191 1174 3242 consensum
1187 3173 1235 3256 jo·

104 3283 283 3366 bagionum
299 3288 333 3347 et
348 3282 540 3367 populorum
557 3300 722 3368 expresse,
740 3289 772 3349 et
786 3280 946 3350 dictorum
959 3280 1100 3348 Abbatis
1115 3289 1148 3346 et
1163 3301 1234 3366 pro-

102 3395 294 3456 curatorum
310 3387 509 3474 conuentus,
524 3388 683 3473 requisito
700 3408 861 3456 consensu
877 3409 898 3456 a
913 3390 1007 3456 nobis
1031 3387 1126 3455 dictis
1151 3386 1234 3453 arbi·

105 3496 165 3566 tris
182 3499 236 3564 vel
259 3497 493 3564 amicabilibus
520 3498 801 3584 compositoribus,
824 3498 918 3565 saluo
934 3503 1054 3583 tamen,
1081 3496 1167 3580 quod
1192 3495 1233 3562 de

101 3605 301 3691 quibusdam
317 3605 458 3689 querelis
469 3605 687 3691 jobagionnm
702 3613 735 3672 et
749 3607 943 3692 populorum
953 3623 1233 3691 cognosceremus,

103 3711 201 3780 nobis
215 3711 250 3778 in
265 3711 409 3795 quadam
425 3717 518 3778 carta
531 3713 690 3799 porrectis
706 3715 740 3780 in
755 3715 842 3780 hanc
856 3713 1017 3781 formam:

212 3819 282 3886 Nos
307 3818 457 3901 Bencius,
484 3817 640 3904 Ibrabim,
665 3821 813 3905 Moclsus,
839 3821 1041 3904 Ambrosius,
1067 3820 1232 3904 Albcrtus,
1316 3855 1329 3870 ι

102 3927 247 4011 Bencha,
263 3925 397 4010 Paulus,
414 3926 584 4010 Martinus,
597 3928 751 4011 Jacobus,
766 3929 925 3994 Nicolaus
941 3934 974 3994 et
989 3928 1088 3994 ceteri
1103 3927 1233 3993 nomine

102 4041 226 4118 nostro,
243 4040 276 4100 et
291 4035 514 4120 procuratorio
539 4035 668 4102 nomine
693 4037 886 4122 populorum
903 4041 935 4101 ct
944 4034 1160 4118 jobagionum
1175 4031 1232 4098 Ec·

99 4142 203 4211 clesie
226 4141 337 4208 Sancti
361 4140 493 4208 Martini
509 4139 550 4206 de
575 4142 698 4208 Sancro
714 4122 824 4210 Monte
849 4139 1029 4223 Pannonic,
1045 4139 1185 4226 petimus
1210 4158 1232 4204 a

103 4250 209 4333 vobis,
225 4248 326 4316 irater
340 4249 461 4334 Enoch,
479 4255 512 4314 ct
527 4267 548 4313 a
563 4248 667 4333 uobis,
684 4249 841 4332 Magister
857 4245 1063 4331 Cognoscens
1087 4245 1231 4324 arbitris,

102 4353 408 4442 compromissariis,
434 4361 467 4420 et
496 4354 722 4421 amicabilibus
750 4352 1040 4438 compositoribus,
1072 4357 1231 4437 quatenus

100 4463 220 4529 intuitu
236 4460 316 4528 Jesu
326 4459 447 4527 Christi
463 4460 612 4527 debeatis
622 4459 836 4546 pronunciare
853 4468 885 4526 et
903 4459 1021 4539 iacere,
1039 4457 1125 4542 quod
1135 4457 1231 4524 Vrias

98 4570 219 4636 Abbas
235 4568 348 4635 Sancti
363 4569 496 4634 Martini
512 4573 618 4635 cesset
634 4585 654 4632 a
670 4565 926 4650 granaminibus,
949 4563 1228 4652 oppressionibus,
