3268 5194
142 1161 243 1227 Zerui
259 1161 357 1228 Piros·
372 1159 572 1249 Spalatddaa
587 1173 671 1228 oscor
687 1161 781 1229 Pero
805 1161 982 1250 ternplomdt
996 1167 1076 1252 optet
1090 1169 1122 1231 ds
1136 1163 1277 1254 meqado-

565 1273 745 1357 mdnyozza.
766 1273 861 1337 1080.

257 1469 295 1533 In
311 1465 432 1533 Christi
447 1469 578 1534 nomine
594 1472 626 1534 et
642 1466 788 1534 eiusdem
803 1467 1040 1535 Incemationis
1065 1487 1152 1536 anno
1179 1469 1279 1536 mille-

143 1575 232 1642 simo
247 1577 467 1661 octogesimo,
492 1576 675 1642 Indictione
704 1596 780 1642 vero
796 1576 883 1642 VIII.
909 1577 1125 1662 Temporibus
1150 1597 1279 1662 quoque

145 1684 279 1758 domini¹
299 1685 466 1751 laurentii
491 1684 689 1759 venerabilis
712 1684 883 1770 Spalatine
908 1683 1003 1751 Sedis
1019 1684 1275 1771 Archiepiscopi,

144 1792 251 1876 Regis
266 1791 483 1858 Chroatorum
498 1793 673 1875 Suinimiri,
699 1812 839 1860 necnon
856 1791 987 1858 Valizze
1006 1791 1137 1858 Prioris.
1164 1792 1279 1859 Petrus

145 1917 212 1982 ego
228 1897 347 1983 Zemi,
372 1899 428 1983 qui
445 1905 478 1966 ct
494 1901 624 1984 Gumay
639 1899 747 1984 filius,
774 1919 840 1964 una
865 1918 936 1965 cum
961 1898 1094 1964 domina
1109 1899 1182 1965 Ana
1206 1921 1279 1967 mea
1341 1959 1347 1968 .

144 2007 289 2090 coniuge
300 2057 310 2090 ,
335 2007 406 2072 lilia
421 2008 545 2074 scilicet
560 2007 724 2094 Mayiave,
752 2008 873 2075 Divina
895 2009 1032 2076 docente
1052 2008 1224 2075 clementia
1239 2029 1279 2076 ac

145 2115 366 2202 plurimorum
381 2115 443 2182 Dei
459 2135 626 2183 servorum
642 2115 715 2183 sulti
732 2116 878 2199 consilio,
896 2115 1028 2182 salubre
1044 2135 1145 2182 causa
1155 2123 1278 2184 nostro-

144 2245 221 2290 rum
233 2221 471 2308 defunctorum,
487 2223 585 2290 immo
602 2223 793 2291 delictorum
803 2223 1034 2308 redemptionis
1043 2224 1195 2292 inivimus
1205 2245 1278 2292 con-

143 2331 278 2398 silium:
304 2328 465 2406 Quatinus
482 2330 523 2396 de
539 2335 649 2398 nostro
678 2332 810 2417 proprio
835 2336 1013 2416 conquestu
1030 2353 1119 2398 more
1133 2333 1278 2400 fidelium
1315 2367 1318 2374 ,

145 2437 366 2523 omnipotenti
383 2439 453 2506 Deo
468 2457 528 2522 pro
544 2457 642 2522 posse
658 2444 769 2506 nostro
794 2437 940 2523 aliquam
964 2439 1146 2524 portionem
1161 2439 1278 2506 offerre

143 2565 341 2635 possemus,
368 2546 518 2630 quodque
534 2548 605 2612 Deo
624 2547 756 2612 iuvante
772 2546 898 2631 expleri
913 2546 1099 2612 diffinimus.
1125 2545 1229 2631 Igitur
1244 2545 1278 2610 in

145 2658 242 2737 loeo,
269 2655 326 2739 qui
341 2653 459 2720 dicitur
472 2653 578 2737 Selle,
605 2653 692 2719 circa
716 2653 889 2720 ecclesiam
904 2653 996 2720 Santi
1012 2654 1189 2740 Stephani,
1216 2673 1279 2739 que

146 2763 267 2830 ditioni
284 2762 407 2830 domini
422 2761 536 2844 nostri,
552 2761 704 2826 videlicet
713 2760 898 2826 Beatissimi
911 2762 1041 2848 Domnij
1058 2763 1213 2848 subjacet,
1230 2781 1278 2828 ce-

146 2872 258 2957 pimus
275 2869 320 2934 ad
334 2871 490 2936 honorem
505 2867 663 2954 principis
678 2868 910 2954 Apostolorum
926 2869 1068 2936 omnium
1077 2870 1164 2937 Petri
1179 2871 1279 2937 eccle-

146 2979 235 3046 siam
257 2983 464 3060 construere,
491 2995 652 3060 quamque
675 2977 747 3040 Deo
768 2975 974 3060 permittente
990 2976 1096 3044 studio
1121 2977 1280 3044 artificum

147 3083 398 3170 complevimus.
424 3081 571 3166 Denique
595 3083 662 3147 ium
686 3087 839 3167 peracta,
866 3089 1042 3150 convocato
1062 3085 1196 3150 Presule
1212 3085 1279 3151 iam

147 3200 343 3278 memorato,
359 3193 540 3276 ceterisque
555 3191 712 3258 ministris
723 3189 856 3257 Ordinis
870 3191 990 3275 Divini,
1008 3194 1046 3257 V.
1062 3193 1140 3259 Idus
1157 3192 1279 3258 mensis

147 3303 304 3372 Octobris
328 3302 466 3369 eandem
488 3300 673 3368 consecrari
688 3301 887 3385 rogauimus.
914 3302 966 3366 Ad
994 3301 1085 3368 cuius
1108 3301 1280 3386 solempni-

146 3417 253 3480 tatem
281 3409 529 3495 quamplurimi
553 3409 808 3494 Spoletinorum,
835 3409 1112 3493 Ohroatorumque
1136 3408 1279 3476 virorum

148 3521 262 3606 gratia
277 3519 479 3585 remissionis
495 3537 553 3584 seu
569 3517 784 3584 absolutionis
810 3528 975 3586 venerunt.
1001 3517 1127 3585 Delude
1143 3518 1280 3585 auctori-

74 3625 86 3648 “
146 3635 219 3695 tate
235 3627 318 3694 duce
334 3627 455 3692 Divina
478 3625 655 3711 prephatus
680 3623 954 3712 Archiepiscopus
979 3648 1051 3694 cum
1076 3627 1192 3694 ceteris
1216 3626 1281 3693 sibi

150 3735 341 3804 astantibus
366 3731 522 3798 ministris
546 3751 606 3817 pro
632 3732 706 3798 dote
731 3731 877 3799 eiusdem
902 3734 1122 3802 ecclesianos
1148 3734 1281 3818 exigere

149 3843 250 3930 cepit.
274 3845 344 3909 Nos
360 3861 438 3908 vero
450 3859 510 3926 pro
527 3839 652 3906 viribus
668 3845 700 3904 et
714 3845 826 3907 nostro
838 3861 945 3926 posse,
962 3848 1281 3927 quecumquetameu

148 3949 342 4017 necessaria
365 3948 511 4016 eiusdem
528 3947 590 4012 Dei
614 3947 719 4013 seruis
744 3947 943 4015 dictantibus
968 3957 1078 4034 eraut,
1105 3949 1280 4034 optulimus

149 4059 208 4124 ihi.
225 4055 393 4142 Imprimis
408 4055 539 4140 quidem
548 4053 767 4139 competentiis
776 4053 874 4120 officii
890 4057 1063 4124 missarum
1073 4054 1191 4122 librum
1207 4055 1281 4120 mis·

150 4167 257 4234 salem
272 4165 299 4247 I,
316 4161 452 4228 calicem
468 4167 657 4244 argenteum
673 4181 746 4227 cum
763 4181 824 4228 sua
839 4169 959 4248 petens
974 4171 1006 4229 et
1022 4162 1108 4230 omni
1119 4167 1281 4246 apparatu

149 4273 264 4355 misse,
281 4270 401 4337 librum
416 4269 606 4354 passionum
621 4269 812 4335 Sanctorum
829 4272 854 4355 I,
871 4270 1096 4359 antiphoniam
1111 4270 1280 4334 nocturale

149 4383 177 4465 1,
194 4379 390 4466 psalterium
405 4380 431 4443 1.
447 4379 569 4444 Terras
584 4381 692 4443 autem
708 4377 857 4444 dedimus
872 4397 993 4461 omnes,
1020 4395 1081 4460 que
1097 4374 1282 4442 incircuitu

149 4489 223 4555 eins
239 4487 403 4554 habentur
429 4485 577 4568 ecclesie,
595 4505 615 4550 a
635 4482 773 4550 confinio
789 4484 942 4570 territorij
969 4483 1129 4568 prelibete
1145 4479 1282 4547 ecclesie

152 4598 267 4667 Sancti
282 4597 419 4684 Domnij
444 4615 545 4682 usque
562 4591 605 4660 ad
620 4591 726 4660 locum
751 4592 807 4678 qui
830 4592 947 4662 dicitur
972 4591 1092 4660 Saliae.
1119 4587 1285 4677 Quidquid

201 4747 307 4786 aoros.
325 4743 409 4788 apro.
426 4739 495 4784 surr.
514 4748 550 4760 -
569 4737 641 4774 orsu.
659 4727 691 4768 11.
1102 4706 1122 4770 4
