3218 5192
708 309 749 382 79

635 404 788 416 ——n-

139 525 214 574 rum
230 503 466 594 defunctorum,
483 518 516 577 et
532 517 652 580 nostro.
680 512 749 580 Hoc
764 513 887 581 lactum
903 523 953 583 est
968 523 1001 584 et
1015 514 1183 585 delinitum
1199 522 1276 585 ante

139 617 375 702 praesenciam
391 617 432 684 de
448 620 681 706 suprascriptis
696 621 846 688 testibus.

251 725 295 792 Et
319 745 382 810 ego
402 727 440 792 Α.
460 726 573 794 Abbas
599 728 716 814 scripsi
742 749 800 815 per
819 730 1003 815 jussionem
1029 732 1151 800 domini
1176 734 1276 818 Regis

139 851 246 918 supra
261 832 353 900 dicti.

400 1013 514 1081 (Parlati
528 1015 665 1083 illyricum
679 1015 791 1070 Sacrum
804 1017 852 1071 Vl.
865 1017 922 1072 tct.
936 1019 979 1072 69.
993 1019 1022 1087 l.)

568 1307 836 1319 ψ

682 1751 738 1824 38.

140 1935 269 2002 Falisci
280 1931 442 2018 Ordclofo
458 1931 609 1998 ocleaeaci
623 1932 760 2019 dopcoek
768 1935 1001 2022 privilegiasse
1017 1959 1054 2002 cc
1070 1935 1277 2024 evangelica

142 2044 345 2110 azcntJducc
362 2039 504 2122 belorddi
519 2037 820 2128 (teopcrfebdrodrr)
832 2053 990 2109 moaoator
1006 2047 1162 2112 mimam.
1179 2046 1276 2109 1116.

254 2240 350 2307 Anno
369 2237 502 2304 Domini
518 2241 551 2302 et
566 2235 747 2304 Salvatoris
764 2239 866 2306 nostri
882 2240 962 2306 Jesu
978 2241 1098 2306 Christi
1120 2241 1279 2324 1116,·1n-

143 2346 287 2414 dictione
303 2368 403 2416 nona.
429 2346 501 2428 Ego
517 2343 685 2412 Ordilalus
708 2344 859 2412 l'aletrus
876 2347 950 2412 Dux
966 2348 1185 2430 venetiarum,
1202 2348 1279 2414 Dal·

142 2457 359 2538 maticorum,
386 2462 486 2536 atque
504 2451 726 2520 Oroaticorum
737 2503 746 2536 ,
773 2453 982 2539 privilegium
1006 2456 1119 2521 Sancti
1140 2455 1278 2522 loannis

143 2565 383 2650 Eraugelistae
399 2563 645 2647 Belgradiensis
661 2564 852 2630 monasterii
868 2585 888 2630 a
905 2562 1098 2630 Crescimiro
1108 2565 1197 2648 Rege
1214 2563 1278 2628 fac-

144 2682 226 2754 tum,
253 2691 314 2756 ego
331 2671 483 2739 collaudo
501 2671 580 2737 etin
597 2690 659 2736 sua
674 2671 855 2738 stabilitate
870 2671 1036 2756 confirmo,
1057 2671 1104 2738 ita
1119 2680 1155 2737 nt
1170 2670 1278 2736 nullus

146 2779 343 2865 Episcopus,
371 2786 427 2845 aut
443 2779 571 2861 Comes,
597 2779 649 2844 vel
665 2779 746 2844 civis
764 2778 923 2864 praedicti
944 2779 1134 2846 monasterii
1150 2778 1279 2844 liberta-

142 2893 212 2952 tem
229 2887 354 2954 violare
371 2886 511 2970 audeat,
540 2906 637 2968 quam
654 2907 719 2952 non
737 2887 840 2954 solum
866 2886 996 2954 anobis
1022 2886 1278 2952 confirmandam

143 3013 221 3060 esse
247 2994 403 3080 dicimus,
433 2995 529 3061 seda
554 2995 656 3060 Beato
682 2996 841 3077 Gregorio
867 2997 1037 3062 Romanae
1061 2995 1161 3060 Urbis
1185 2995 1279 3080 Papa

143 3103 310 3170 sancitam
335 3103 369 3168 in
386 3102 455 3168 suis
480 3101 620 3168 decretis
637 3122 711 3168 esse
727 3103 965 3186 cognoscimus.
992 3103 1074 3168 Volo
1100 3103 1198 3186 igitur
1213 3103 1278 3168 Du·

142 3209 210 3276 cali
227 3211 423 3278 auctoritate
438 3209 579 3294 firmare,
597 3218 632 3276 ut
648 3210 676 3276 si
693 3209 846 3293 quislibet
862 3210 956 3274 huius
973 3209 1133 3276 libertatis
1149 3229 1278 3278 conces·

145 3319 274 3384 sionem
298 3319 474 3385 temerario
500 3339 584 3384 ausu
609 3318 787 3402 infringere
812 3318 1038 3404 temptaverit,
1064 3317 1181 3384 libram
1207 3317 1278 3382 anri

144 3427 265 3511 Regali
280 3426 358 3494 lisco
374 3427 552 3512 persolvat.
570 3426 726 3494 Similiter
742 3426 915 3493 ecclesiam
931 3424 1124 3490 Sanctorum
1138 3425 1277 3492 Cosmae

144 3533 679 3620 etDamianilaudoetconlirm05
697 3533 781 3616 ideo,
799 3540 834 3598 nt
846 3551 989 3616 agnosco
1000 3531 1162 3600 veraciter
1176 3531 1278 3600 fuisse

143 3641 313 3728 propriam
337 3641 528 3709 monasterii
543 3641 638 3708 Beati
663 3642 803 3708 loannis
819 3641 1055 3724 Evangelistae
1080 3639 1277 3726 Belgradcu·

144 3750 193 3816 sis
210 3749 403 3816 monasterii
418 3769 460 3814 ex
476 3749 653 3816 donatione
664 3749 821 3835 Episcopi
837 3750 927 3816 illius
944 3749 1097 3834 civitatis,
1115 3756 1147 3815 et
1162 3749 1277 3818 Roma·

143 3877 209 3925 nae
225 3855 322 3922 Sedis
336 3854 641 3942 Apochrisariorum
657 3856 913 3940 confirmatione,
942 3863 975 3922 et
990 3856 1067 3922 cleri
1084 3875 1123 3924 ac
1142 3858 1276 3944 populi;

141 3965 305 4048 collaudo,
323 3973 356 4030 et
373 3963 528 4030 confirmo
544 3985 618 4032 eam
633 3963 820 4030 habendam
836 3967 871 4034 in
887 3972 1054 4052 perpetuo.
1079 3962 1277 4048 Quicumque

144 4083 257 4140 autem
273 4073 519 4158 Episcopum,
547 4081 603 4140 aut
619 4073 758 4140 aliorum
774 4072 951 4157 hominum,
975 4072 1037 4138 hcc
1052 4070 1217 4138 decretum
1233 4073 1277 4140 in-

141 4183 289 4267 fringere
305 4182 517 4268 temptauerit
526 4232 535 4266 ,
561 4187 594 4247 et
610 4181 678 4248 alia
694 4180 781 4248 illius
797 4180 956 4247 ecclesiae
984 4178 1159 4268 privilegia
1177 4179 1277 4246 viola-

143 4295 250 4378 verit,
279 4294 389 4360 omnia
405 4312 490 4376 quae
516 4291 662 4378 possidet
678 4293 712 4358 in
728 4291 807 4360 fisco
823 4291 941 4358 Ducali
957 4295 990 4355 et
1004 4287 1125 4370 Regali
1150 4289 1278 4356 deveni-

147 4409 217 4468 ant.
233 4403 326 4468 llaec
341 4401 484 4485 decreta,
503 4401 630 4468 scilicet
644 4399 806 4468 libertatis
816 4396 1006 4466 monasterii
1017 4395 1130 4462 Sancti
1140 4395 1278 4464 loannis

146 4510 396 4594 Evangelistae,
422 4509 483 4576 tibi
506 4509 611 4576 Fusco
627 4508 768 4594 Abbati,
796 4507 1010 4594 omnibusque
1035 4505 1278 4576 successoribus

149 4620 216 4690 tuis
232 4616 366 4688 tirmiter
383 4619 463 4686 etin
480 4624 670 4706 perpetuum
686 4616 838 4686 tenenda.
