3268 5194
911 313 1002 388 34¹

369 517 496 611 scripsi.
513 519 583 609 Ego
600 521 730 589 Marcus
746 521 911 588 Diaeouus
928 539 1025 588 manu
1042 539 1093 586 me
1109 519 1237 606 scripsi.
1255 519 1324 608 ligo
1335 521 1499 610 Nicepho-

369 653 424 698 rus
440 633 520 698 haec
536 637 671 714 rogatus
687 627 759 694 ieci.
777 628 847 713 Elgo
863 627 1058 713 Lamprldus
1075 628 1156 694 baec
1173 635 1307 716 rogatus
1323 630 1396 697 leci.
1423 633 1498 718 Ego

368 743 493 806 Fuscus
508 739 590 805 hacc
605 741 740 823 rogatus
755 734 817 802 leci
834 735 896 802 stb.

476 847 547 932 Ego
573 846 689 913 Petrus
714 845 879 914 Diaconus
904 851 1039 931 rogatus
1063 866 1084 912 a
1108 847 1194 914 clero
1220 853 1252 912 ct
1276 847 1396 932 populo
1423 865 1501 914 cou-

368 955 486 1040 scripsi
503 961 600 1040 atque
616 953 785 1040 compleri.

741 1126 891 1220 (Ugyanott
904 1153 936 1208 V.
952 1153 1005 1207 ket.
1021 1156 1079 1204 226.
1094 1155 1123 1219 l.)

791 1440 1049 1450 --·—--———

909 1999 961 2069 lt.

596 2180 661 2246 Pat
676 2179 815 2267 spctator'
831 2181 916 2247 back
933 2181 1151 2271 osprandslots.
1170 2185 1267 2249 1020.

480 2377 517 2442 In
541 2377 671 2446 nomine
697 2376 828 2446 Christi.
854 2380 948 2448 Anno
974 2379 1119 2466 ejusdem
1144 2378 1501 2446 Incamationis1002.

373 2483 743 2572 (helycsebben1020.),
761 2483 941 2556 Indictione
955 2485 1062 2572 tertia,
1079 2485 1218 2553 Domino
1235 2487 1352 2554 Paullo
1368 2487 1501 2552 Archia·

372 2595 506 2684 piscopo
533 2591 644 2662 sedem
668 2591 762 2661 Beati
785 2593 916 2662 Domnii
947 2593 1129 2680 obtinente,
1162 2599 1194 2660 et
1218 2592 1331 2662 Priore
1356 2593 1499 2661 Domino

370 2701 574 2770 Praestantio
591 2699 736 2788 ejusdem
755 2701 863 2769 Patre.

478 2809 549 2893 Ego
564 2806 771 2898 supradictus
786 2807 1059 2897 Archiepiscopus
1075 2827 1173 2894 aeger
1197 2809 1327 2894 quidem
1351 2828 1500 2896 corpore,

371 2917 486 2984 ualens
502 2922 610 2984 autem
626 2915 732 2982 m'eute
748 2915 929 3001 animoque,
946 2916 1030 2984 lecto
1047 2915 1175 3002 affixus,
1193 2919 1351 3002 annisque
1366 2937 1500 3004 oppres-

372 3047 438 3112 sus,
465 3044 537 3092 cum
553 3021 631 3090 mihi
647 3022 756 3090 nullae
772 3021 953 3109 facultates,
979 3024 1153 3110 nullaeque
1176 3024 1334 3110 pecuniae
1349 3031 1499 3112 suppete-

370 3140 461 3218 rent,
487 3151 581 3200 nemo
605 3127 754 3198 inventus
775 3137 834 3216 est,
860 3131 915 3214 qui
931 3131 995 3198 mei
1019 3149 1130 3199 curam
1146 3131 1341 3218 susciperet,
1368 3137 1500 3219 praeter

370 3238 610 3308 Praestantium
626 3234 771 3302 Priorem
796 3233 938 3323 (patrem
954 3237 1085 3326 meum),
1103 3257 1176 3304 mea
1191 3244 1316 3325 sponte,
1341 3244 1373 3303 et
1388 3239 1500 3306 voluu-

371 3357 439 3416 tate
454 3349 488 3414 in
505 3365 578 3413 eam
594 3343 862 3412 deliberationem
875 3343 1034 3412 adductus
1044 3365 1126 3430 sum,
1144 3351 1178 3410 ut
1188 3343 1293 3412 eidem
1303 3345 1389 3430 grati
1398 3345 1500 3413 animi

371 3474 489 3524 caussa
504 3453 659 3520 donarem
675 3451 856 3518 Ecclesiam
881 3451 991 3536 illam,
1017 3473 1115 3536 quam
1132 3451 1174 3519 ad
1189 3453 1309 3519 cultum
1333 3451 1501 3520 bonorem·

371 3583 433 3649 que
449 3561 590 3628 Sanctae
605 3559 730 3626 Mariae
746 3559 786 3625 de
802 3559 926 3628 Palude
945 3561 1101 3646 exstruxi,
1117 3561 1307 3646 hortumque
1322 3560 1427 3628 eidem
1445 3561 1500 3627 ad-

366 3673 513 3756 junctum
529 3687 602 3736 cum
626 3667 776 3735 omnibus
801 3667 974 3738 arboribus
994 3667 1181 3758 pomiferis3
1207 3669 1347 3754 itemque
1371 3674 1499 3755 partem

370 3777 443 3862 agri
458 3775 492 3842 iu
508 3773 622 3842 eadem
637 3775 758 3859 palude
774 3775 937 3843 constituti
950 3803 958 3863 ς
983 3797 1022 3843 ac
1046 3783 1217 3865 praeterea
1237 3776 1371 3845 fundum
1386 3776 1500 3844 Monti-

370 3885 542 3968 oaleusem,
559 3881 787 3968 Lauretanum,
804 3889 925 3951 terram
942 3885 1109 3970 Panisaui,
1125 3893 1246 3952 terram
1261 3883 1359 3970 Galli,
1376 3891 1499 3951 terram

367 3995 506 4062 Sanctae
521 3989 644 4057 Mariae
660 3990 700 4057 de
716 3991 869 4057 Mesabra
878 4042 887 4076 ,
913 4011 1052 4060 necnon
1075 3997 1107 4057 et
1130 3991 1267 4078 prandia
1292 3991 1499 4077 Galbatolae,

368 4099 568 4185 Torrenaiae,
583 4103 614 4163 et
626 4097 780 4166 Adrina'e.
797 4099 832 4165 Si
848 4099 920 4184 quis
936 4119 955 4164 e
971 4099 1221 4186 consanguineis
1242 4101 1322 4167 meis
1342 4105 1416 4186 post
1432 4099 1499 4168 obi·

367 4215 435 4278 tum
450 4223 556 4277 meum
573 4205 657 4273 hanc
673 4212 818 4274 nostram
829 4205 1036 4275 donationem
1051 4209 1262 4276 intervertere
1274 4209 1326 4276 vel
1337 4209 1501 4292 abrogare

368 4337 467 4384 ausus
483 4314 589 4398 luerit,
615 4313 648 4378 in
664 4313 773 4381 odiam
789 4313 1063 4402 offensionemque
1079 4315 1301 4404 praepotentis
1318 4317 1379 4383 Dei
1395 4315 1500 4383 incur-

366 4431 434 4509 ret,
459 4425 675 4488 trecentorum
695 4427 726 4489 et
742 4421 965 4506 duodeuiginti
989 4425 1182 4494 Sanctorum
1207 4425 1341 4492 Petrum
1367 4423 1499 4490 anathe-

368 4537 452 4599 mate
468 4528 610 4614 ferietur,
637 4536 669 4596 ct
685 4529 785 4595 veluti
802 4529 885 4596 alter
902 4530 1006 4600 Judas
1022 4531 1170 4618 proditor
1186 4531 1325 4616 Domini,
1355 4531 1498 4597 aeternis

365 4637 454 4724 apud
469 4633 598 4702 inferos
615 4635 811 4703 cruciatibus
836 4638 1085 4724 mancipabitur.
1111 4637 1227 4705 Testes
1243 4637 1370 4708 suerunt
1387 4637 1497 4704 Domi·
