3200 5182
889 889 965 955 268.

361 1073 406 1135 ΙΙ.
428 1069 534 1136 Esurire
550 1069 723 1152 kirrilpnuir
740 1068 992 1154 rtdorrta‘rrylccele
1012 1067 1141 1133 I'uclrurr
1156 1074 1235 1135 ravat
1245 1069 1484 1150 foldbr'rtolrro'l,

494 1201 513 1239 o
532 1179 658 1240 vescera·
680 1189 762 1242 ezerr!
780 1177 1058 1263 Mildlytemplom
1076 1183 1228 1243 rectinere.
1252 1183 1349 1244 1224.

468 1376 506 1440 In
523 1374 652 1442 nominc
677 1376 796 1441 Sancte
811 1375 978 1440 Trinitatis
1005 1381 1037 1440 et
1056 1375 1225 1442 individue
1244 1377 1401 1445 Unitatis.
1428 1377 1487 1440 An·
1572 1401 1574 1464 p

363 1485 458 1550 dreas
475 1484 537 1549 Dei
564 1484 677 1568 gracia
693 1483 869 1567 Hungarie,
890 1483 1078 1566 Dalmaeie,
1105 1482 1260 1568 Oroacie,
1285 1485 1401 1566 Rame,
1422 1485 1489 1548 Ser·
1573 1469 1575 1548 i

363 1593 424 1676 uic,
442 1591 591 1674 Gallicic,
609 1589 865 1675 Lodomerieqne
878 1592 948 1656 Rex
964 1592 998 1656 in
1018 1597 1217 1678 perpetuum.
1235 1593 1326 1658 Licet
1342 1592 1428 1662 iuter
1445 1611 1488 1656 ee·
1575 1623 1576 1628 κ

364 1708 471 1767 cetera
488 1701 641 1766 uirtutum
657 1719 759 1785 opera
785 1697 946 1783 largiendi
965 1699 1156 1766 beneficium
1183 1721 1203 1765 a
1219 1701 1386 1786 plerisque
1412 1721 1489 1765 sem-

366 1829 423 1894 per
439 1809 682 1893 comprobetur·;
705 1807 751 1873 ibi
766 1813 875 1873 tamen
892 1806 1062 1890 largientis
1073 1808 1228 1875 memoria
1244 1809 1401 1893 precipue
1411 1829 1489 1874 com-

366 1917 548 2000 mendatur,
565 1937 637 1982 curu
647 1917 716 1982 Deo
728 1916 849 2000 datum,
867 1913 953 1998 qnod
964 1915 1187 2000 estSanctnm,
1206 1915 1353 1982 adeuote
1364 1915 1491 2000 dispon-

367 2025 508 2093 sacionis
525 2025 702 2092 cultoribus
718 2023 961 2110 propagatione
978 2023 1134 2090 bonorum
1147 2043 1280 2108 opernm
1296 2023 1330 2088 in
1347 2025 1412 2089 Dei
1428 2025 1491 2088 lan·

365 2133 438 2200 dern
454 2141 487 2200 et
505 2134 676 2200 sorbicium
694 2133 735 2200 de
750 2133 803 2199 die
819 2132 853 2198 iu
873 2133 958 2199 diem
976 2131 1139 2198 dilatatur.
1166 2132 1238 2198 Hac
1254 2133 1364 2216 itaque
1385 2137 1418 2197 et
1434 2151 1491 2199 nos

367 2240 595 2327 speculacione
612 2240 788 2306 salubriter
805 2239 938 2324 inducti,
954 2240 1160 2325 presentibus
1178 2246 1208 2306 et
1224 2241 1365 2328 posteris
1381 2247 1490 2308 notum

366 2369 439 2416 csse
455 2347 625 2416 uolumus:
652 2348 746 2426 Quod
762 2348 951 2434 Propositus
971 2355 1002 2412 et
1027 2347 1144 2415 iratres
1160 2349 1306 2416 Ecclesie
1326 2349 1424 2415 Beati
1439 2349 1490 2412 lli-

366 2454 490 2522 chaelis
506 2453 705 2539 Archangeli
732 2455 773 2522 de
789 2457 910 2523 Ferreo
926 2454 1042 2522 Castro
1068 2456 1111 2522 ad
1126 2462 1272 2524 nostram
1299 2458 1491 2524 accedentes

366 2563 578 2650 presenciam,
605 2569 725 2630 terram
751 2563 916 2646 quandam
934 2565 1065 2632 nomine
1080 2566 1214 2632 Pacbun
1238 2564 1281 2630 ad
1297 2584 1357 2631 sex
1382 2571 1489 2632 aratra

368 2659 412 2738 ad
427 2672 536 2738 iddem
553 2670 637 2759 (lgy)
654 2681 796 2739 castrum
813 2673 1037 2759 pertinentem,
1062 2679 1170 2740 tamen
1186 2673 1428 2741 habitatoribus
1443 2693 1490 2738 ea·

367 2785 511 2862 rentem,
528 2780 606 2864 quia
622 2779 763 2865 undique
777 2781 922 2866 ipsorum
939 2788 1025 2847 terra
1040 2780 1224 2866 includitur,
1242 2781 1345 2848 multa
1361 2799 1489 2868 precum

367 2889 524 2957 instantia
539 2908 599 2974 pro
624 2887 767 2956 remedio
784 2889 891 2955 anime
906 2895 1016 2954 nostre
1032 2909 1053 2954 a
1068 2890 1162 2958 nobis
1180 2888 1243 2956 sibi
1264 2889 1335 2955 dari
1352 2891 1491 2975 postula·

369 3003 453 3061 runt.
477 2995 547 3062 Nos
563 2995 663 3081 igitur
679 2995 772 3063 iustis
789 2995 1004 3082 peticionibus
1021 3015 1132 3064 eorum
1149 2998 1236 3082 pium
1253 2997 1429 3083 prebentes
1444 3015 1491 3063 as-

369 3089 516 3187 sensum,¹
535 3103 656 3170 dictam
672 3110 792 3170 terram
818 3110 976 3189 perpetuo
992 3104 1072 3188 iure,
1090 3103 1191 3170 libere
1207 3111 1239 3170 et
1258 3104 1397 3190 pacifice
1423 3126 1493 3174 con-

370 3213 528 3280 cessimus
553 3210 795 3297 possidendam.
822 3213 863 3278 llt
883 3212 915 3277 in
941 3212 1183 3298 possessiouem
1208 3213 1274 3278 iam
1300 3213 1387 3280 dicte
1411 3219 1493 3280 terre

371 3323 462 3408 ipsos
478 3317 679 3406 perfidelem
702 3324 847 3386 nostrum
865 3319 1056 3386 Michaelem
1079 3321 1179 3386 tilium
1195 3319 1341 3388 Chumou
1358 3322 1493 3390 auctori-

370 3432 439 3495 tate
453 3428 559 3511 Regia
582 3426 716 3493 fecimus
733 3427 905 3494 introduci.
934 3425 1034 3492 (luins
1054 3437 1137 3495 terre
1153 3427 1260 3514 prima
1279 3433 1366 3492 meta
1382 3429 1494 3515 incipit

370 3535 431 3602 sub
447 3534 588 3615 quodam
605 3535 789 3619 monticulo,
806 3536 861 3622 qui
878 3538 964 3621 wlgo
980 3536 1238 3623 mapiooaloeboa
1253 3535 1381 3620 dieitur,
1404 3543 1437 3602 et
1452 3537 1493 3603 iu·

372 3641 413 3708 de
423 3639 540 3706 transit
554 3640 647 3707 iuxta
656 3643 820 3727 quandam
831 3643 993 3728 siluulam,
1017 3653 1050 3710 et
1065 3644 1156 3710 uadit
1166 3643 1492 3728 nsqueSeludgatba;

372 3755 404 3815 et
419 3747 464 3814 ibi
479 3749 596 3816 transit
612 3749 717 3817 lacum
734 3753 825 3818 illum
841 3752 1033 3838 predictum,
1050 3758 1082 3818 et
1096 3750 1200 3818 tendit
1215 3751 1248 3817 in
1259 3771 1387 3819 sursum
1404 3752 1494 3818 iuxta

372 3858 484 3943 spinas
500 3877 598 3944 super
613 3881 718 3946 mapa,-
740 3867 773 3925 et
787 3859 864 3926 iude
880 3860 1080 3926 recuruando
1096 3859 1264 3928 deseendit
1280 3867 1311 3926 et
1327 3861 1449 3927 transit
1463 3861 1494 3927 in

372 3967 623 4053 Marcusgatha;
649 3973 681 4034 et
696 3968 772 4034 iude
788 3967 903 4055 incipit
930 3969 1106 4036 ascendere
1121 3989 1180 4055 per
1205 3967 1339 4034 frutices
1365 3969 1494 4053 rubeos,

373 4084 404 4142 ct
419 4075 588 4161 perueniat
604 4075 647 4140 ad
664 4083 781 4141 metam
798 4075 929 4142 Martini
947 4074 1090 4156 Comitis,
1116 4095 1178 4160 que
1195 4084 1327 4142 vocatur
1343 4095 1494 4161 magnum

372 4191 544 4270 stagnum
573 4191 605 4249 et
620 4185 712 4250 iuxta
737 4184 873 4250 eandem
898 4189 1018 4250 metam
1043 4184 1249 4250 ascendendo
1269 4185 1438 4270 perueniat
1453 4185 1495 4253 ad

374 4301 492 4361 metum
507 4301 657 4374 terream,
685 4297 716 4356 et
731 4289 777 4355 ibi
802 4290 921 4356 transit
936 4290 1024 4356 uiam
1044 4290 1218 4376 publicam,
1243 4296 1275 4358 et
1290 4290 1495 4376 progreditur

373 4421 471 4488 super
489 4401 577 4488 icpfa
586 4426 599 4483 ;
625 4399 713 4466 etde
730 4399 820 4484 ligno
847 4399 974 4484 prefato
991 4397 1082 4465 uadit
1098 4419 1195 4484 super
1222 4403 1351 4482 metam,
1378 4399 1414 4465 in
1432 4419 1495 4485 qua

375 4516 440 4577 stat
455 4511 565 4596 pirus;
593 4509 715 4574 atinde
739 4507 932 4594 protelando
957 4509 1106 4576 ascendit
1125 4527 1183 4594 per
1208 4507 1297 4573 uiam
1322 4505 1495 4575 herbosam

375 4635 488 4682 uersus
506 4617 722 4700 occidentem;
750 4625 782 4682 et
798 4616 842 4682 ibi
857 4635 917 4701 per
933 4615 1096 4700 quandam
1123 4622 1242 4682 metam
1261 4617 1431 4700 spinosam
1447 4615 1494 4682 de-
