3268 5194
176 1131 314 1196 Pincioa
329 1135 361 1196 da
377 1131 532 1214 rodomi,
559 1132 670 1218 bolpdr
686 1131 875 1198 menedttltck
884 1184 892 1217 ,
909 1157 948 1198 ua
963 1134 1121 1200 orctkccto
1134 1135 1304 1212 csulddbo'l,
1354 1143 1357 1148 '

339 1239 518 1326 Spalatdbu
533 1264 577 1307 sc.
598 1241 723 1327 Mttcty
740 1241 917 1328 templomuit
936 1243 1045 1327 optuit.
1069 1245 1144 1308 994.

288 1438 326 1502 In
342 1435 462 1503 Christi
477 1437 607 1505 nominc
624 1438 737 1503 Amen.
754 1438 805 1503 Ab
823 1439 1048 1507 lncamatione
1059 1441 1188 1507 Domini
1204 1442 1307 1508 nostri

179 1541 259 1608 Jesu
270 1540 393 1608 Christi
410 1563 495 1610 anno
505 1543 787 1627 noningentesimo
797 1546 1009 1630 nonagesimo
1025 1553 1151 1632 quomo,
1167 1547 1306 1615 dievero

176 1669 266 1715 nona
282 1649 403 1716 mensis
419 1649 609 1736 Februarii3
635 1657 781 1737 tempore
796 1671 860 1735 quo
886 1654 1046 1736 regnabat
1069 1653 1251 1738 sacrilegus
1275 1661 1308 1720 et

177 1754 337 1840 profanus
361 1759 542 1842 Imperator
567 1757 751 1846 Stephanus
776 1760 809 1824 in
825 1766 914 1826 terra
929 1759 1164 1844 llulgurorum,
1189 1761 1222 1826 in
1236 1781 1306 1827 cae·

177 1863 322 1946 terisque
348 1864 547 1948 regionibus.
573 1867 622 1932 En
639 1885 701 1950 ego
718 1867 769 1933 vir
784 1867 933 1933 Princius
956 1866 1070 1934 notavi
1085 1873 1118 1933 et
1132 1871 1249 1952 scripsi
1264 1870 1308 1936 ad

178 1973 371 2038 memoriam
396 1979 599 2058 posterorum
622 1981 814 2060 nostrorum,
839 1981 1016 2060 quatenus,
1042 1995 1103 2042 nos
1126 1985 1198 2040 cum
1223 1981 1307 2036 esse·

177 2099 251 2144 mus
267 2080 503 2164 consanguinei
522 2081 681 2167 Stephani
701 2083 922 2167 Imperatoris,
939 2083 1072 2168 saepius
1091 2083 1197 2168 ipsum
1213 2100 1307 2166 prop·

177 2195 227 2251 ter
252 2188 325 2270 ejus
350 2187 503 2253 delictum
528 2189 771 2276 redarguimus,
803 2196 1037 2256 excaecaverat
1067 2189 1152 2255 enim
1183 2193 1307 2274 patrem

177 2313 272 2361 snum
283 2347 292 2380 ,
319 2301 471 2382 patruum
488 2303 595 2362 autem
622 2303 767 2365 nostrum
793 2299 929 2382 probum
947 2297 1112 2364 dominum
1136 2295 1307 2361 Christico-

176 2403 244 2467 lam
256 2403 384 2486 justum
400 2402 585 2470 Sismanum
602 2405 845 2490 Imperatorem.
862 2403 1069 2490 Quapropter
1084 2422 1162 2487 nos,
1189 2401 1308 2467 iratres

177 2530 218 2576 ac
234 2509 435 2596 propinquos
452 2529 548 2594 suos,
574 2532 615 2577 ex
631 2513 741 2597 patria
755 2517 867 2580 nostra
882 2513 1027 2598 fugavit,
1052 2517 1084 2577 et
1099 2509 1223 2596 expulit
1232 2560 1242 2593 ,
1267 2506 1308 2573 de

176 2625 267 2684 terra
292 2619 444 2686 videlicet
459 2622 684 2707 Bulgarorum,
709 2641 749 2687 ex
766 2621 845 2688 urbe
860 2621 1032 2707 'Pomova3
1058 2619 1217 2686 exaltavit
1232 2637 1308 2684 vero

176 2725 353 2792 mendaces
379 2746 418 2792 ac
443 2729 591 2794 rebelles.
617 2727 715 2795 Pater
740 2735 847 2795 autem
863 2727 934 2812 ejus
957 2746 1074 2794 caecus
1098 2727 1241 2792 existens
1265 2725 1309 2789 in-

178 2834 328 2918 crepavit
344 2834 451 2920 ipsum
468 2835 509 2901 de
523 2835 715 2921 expulsione
729 2844 859 2922 nostra,
877 2843 911 2901 at
926 2832 1307 2922 ipsestrangulaviteum,

177 2945 210 3005 et
224 2941 384 3006 remansit
398 2941 432 3006 in
457 2943 560 3028 patris
585 2943 823 3011 maledictione.
849 2943 919 3010 Nos
942 2949 1050 3010 autem
1075 2941 1220 3009 venimus
1236 2939 1309 3005 llis·

177 3045 284 3130 siam,
312 3053 344 3112 ct
360 3047 436 3113 inde
458 3049 645 3116 recedentes
664 3050 870 3135 pervenimus
892 3047 1081 3116 (lhroatiam
1100 3047 1143 3112 ad
1159 3047 1309 3113 lllustris-

177 3153 297 3217 simum
313 3160 345 3218 et
361 3155 498 3239 probum
514 3157 636 3238 Regem
653 3157 881 3224 Dircislavum.
901 3159 945 3224 ht
959 3157 1015 3222 ille
1027 3175 1087 3222 nos
1109 3153 1248 3238 benigne
1263 3173 1309 3218 re-

177 3259 266 3343 cepit
291 3265 324 3324 et
349 3259 475 3344 adjuvit
499 3266 666 3345 tamquam
691 3263 795 3329 bonus
820 3283 859 3329 ac
885 3261 1044 3346 benignus
1068 3258 1246 3342 Dominus,
1277 3263 1310 3322 et

177 3365 354 3432 collocavit
369 3366 403 3431 in
427 3365 583 3434 suburbio
602 3365 716 3453 Glysii.
732 3369 804 3434 Illic
819 3369 917 3453 igitur
941 3365 1155 3434 remansimus
1178 3369 1211 3430 et
1226 3383 1309 3430 rece-

177 3473 288 3557 pimus
316 3491 427 3538 veram
452 3471 548 3539 fidem
573 3473 775 3543 Catholicam
799 3475 975 3544 secuudum
999 3473 1231 3541 institutionem
1250 3471 1309 3538 Ro·

180 3601 301 3647 mauae
313 3581 495 3649 Ecclesiae.

288 3688 331 3754 Et
346 3709 408 3774 ego
424 3691 555 3758 Pinciua
572 3711 638 3758 una
653 3711 726 3760 cum
745 3691 900 3762 iratribus
916 3693 1016 3778 meis,
1033 3690 1183 3760 videlicet
1199 3691 1309 3758 Armo-

179 3794 245 3878 nio,
262 3794 441 3877 Pollemio,
467 3795 604 3882 Joanne,
622 3798 804 3884 Eelestino,
829 3807 862 3866 et
876 3819 987 3868 sorore
1003 3805 1116 3866 nostra
1131 3799 1253 3882 Murco,
1278 3803 1310 3863 et

178 3901 353 3985 nepotibus
368 3904 487 3970 nostris
502 3905 644 3991 rl'ctralo,
662 3907 819 3991 llartino,
842 3905 1039 3991 Alexandro,
1056 3905 1184 3974 Joanne
1194 3953 1203 3988 ,
1228 3905 1311 3968 Pau·

178 4007 266 4092 lino,
293 4007 444 4096 Georgio,
470 4011 663 4098 Pancratio,
688 4019 721 4078 et
736 4033 809 4081 oum
824 4013 890 4081 filio
916 4034 988 4082 meo
1002 4013 1105 4080 'Pleso
1129 4029 1310 4076 sermonem

178 4113 328 4200 lecimus,
345 4122 377 4181 et
392 4116 440 4182 ita
454 4117 690 4204 ordinavimns;
707 4119 860 4187 videlicet
875 4121 1066 4204 collegimus
1083 4118 1241 4184 internos
1257 4133 1310 4199 pe·

179 4221 330 4306 cuniam,
356 4222 569 4310 dedimusque
583 4244 656 4292 eam
672 4226 778 4313 Pleso,
798 4234 833 4295 ut
848 4227 1038 4312 obsequium
1054 4227 1124 4292 Dec
1140 4222 1257 4290 iaciat:
1275 4227 1310 4286 ut

180 4330 333 4397 aedificet
357 4331 539 4400 Ecclesiam
563 4334 596 4398 in
612 4333 765 4401 honorem
791 4335 883 4402 beati
907 4333 1077 4402 Michaelis
1101 4328 1310 4414 Archangeli,

178 4443 212 4519 et
227 4437 341 4504 Sancti
359 4438 448 4505 Petri
463 4435 624 4526 Apostoli,
649 4448 681 4508 et
695 4441 788 4510 Beati
804 4444 935 4511 Martini
950 4439 1126 4528 Episcopi,
1152 4442 1184 4504 et
1200 4435 1247 4502 sio
1263 4451 1310 4502 or-

179 4545 375 4634 dinavimus,
402 4553 436 4613 ut
449 4531 634 4633 ¹quicunque
650 4557 765 4634 postca
780 4551 876 4619 tuerit
890 4552 931 4619 dc
946 4550 1032 4618 tribu
1055 4552 1187 4630 nostra,
1203 4548 1239 4610 ut
1254 4543 1311 4610 ali·

176 4653 258 4737 quid
273 4653 382 4722 diotae
406 4655 567 4741 largiatur
587 4656 753 4728 Ecclesiae
779 4661 999 4748 substantiae,
1028 4659 1152 4728 scilicet
1169 4651 1309 4738 stabilib
