3218 5192
796 339 950 440 Q

354 543 416 628 luit
430 545 461 624 †.
487 547 559 627 Ego
585 541 771 608 Matthaeus
795 539 935 604 Sanctae
962 533 1161 602 Anastasiae
1184 529 1432 612 Subdiaconus‚
1455 533 1492 594 et

357 651 527 721 Jadrensis
544 649 662 718 Curiae
676 647 834 712 Notarius
849 681 894 692 --
910 679 954 692 -
970 642 1197 709 -voluntate
1220 637 1419 725 praescripti
1434 635 1489 702 do-

357 757 436 826 mini
451 758 516 826 mei
531 753 780 840 Archicpiscopi
798 750 1005 838 Lampredii,
1027 747 1222 829 Consulum,
1241 751 1274 810 et
1289 742 1492 827 reliquorum

357 866 515 934 nobilium
531 863 662 949 scripsi,
679 870 711 929 et
727 860 879 929 roboravi
896 865 928 926 et
944 859 1041 926 solito
1057 857 1152 941 signo
1169 853 1311 938 signavi.

465 975 508 1040 Et
523 991 586 1056 ego
597 968 749 1036 Maratha
758 965 917 1033 Arbensis
926 963 1197 1050 Archipresbytcr
1206 981 1245 1026 ae
1255 959 1415 1026 Notarius
1429 957 1494 1023 hoc

360 1075 545 1166 exemplum
562 1077 746 1162 exemplavi
762 1077 810 1142 sic
826 1110 869 1120 -
880 1109 923 1120 -
934 1109 978 1120 -
990 1069 1133 1157 repperit
1148 1068 1258 1154 sigillo
1277 1068 1315 1132 D.
1334 1067 1496 1150 Lampre-

360 1190 406 1258 dii
422 1183 669 1272 Archiepiseopi
685 1182 829 1266 munita,
855 1179 1026 1265 noceant,
1052 1195 1114 1244 uec
1128 1176 1248 1258 minui,
1274 1172 1438 1258 complevi
1461 1178 1496 1235 ct

361 1333 406 1346 -
422 1332 466 1346 -
481 1330 526 1344 -
541 1297 695 1362 consueto
715 1289 854 1376 signavi.

744 1470 896 1538 (Ugyanott
909 1469 941 1520 V.
955 1469 1010 1519 hot.
1025 1465 1111 1524 (32.1.)

790 1773 1049 1786 aa*

900 2223 956 2292 83.

366 2404 393 2471 A
411 2403 511 2473 ariaci
522 2402 644 2491 perpet
660 2405 692 2468 6³
702 2408 831 2490 papsdp
853 2403 1072 2492 cyilutlcoaotc
1090 2425 1110 2466 a
1123 2407 1248 2490 property
1269 2399 1501 2487 tiitvcvyltczaat'

758 2509 995 2598 kiuriltadpdrclt.
1020 2513 1117 2577 1177.

473 2691 570 2756 Anno
586 2689 720 2756 Domini
735 2689 961 2758 Mcnxxvn.
978 2691 1159 2758 Iudictione
1174 2689 1233 2756 XI.
1252 2691 1412 2776 Tempore
1436 2688 1500 2752 ita·

369 2819 431 2886 que
446 2797 633 2866 Sebastiani
648 2797 742 2864 Ziani
759 2799 880 2884 Ducis,
907 2819 947 2866 ac
961 2798 1116 2866 Andreae
1131 2797 1289 2884 Episcopi
1316 2804 1348 2862 et
1366 2794 1501 2861 Nicolai

370 2907 515 2992 Comitis,
530 2907 690 2993 Stephani
705 2926 745 2972 ac
760 2907 933 2974 Michaelis
953 2907 1115 2974 Judicum.
1141 2906 1210 2973 Nos
1227 2905 1358 2990 quidem
1372 2902 1501 2969 Arban-

369 3014 415 3080 sis
432 3013 537 3081 clerus
553 3013 638 3080 hanc
653 3014 840 3082 testamenti
851 3017 1011 3082 cartulam
1027 3016 1097 3082 heri
1112 3015 1250 3081 iacimus
1271 3011 1411 3099 posteris
1426 3027 1501 3095 per-

369 3127 467 3205 petuo
482 3120 677 3188 hahendam.
704 3119 810 3206 Igitur
833 3143 907 3189 cum
931 3121 1101 3208 praelatus
1117 3120 1300 3209 Episcopus
1326 3138 1365 3184 ac
1380 3115 1501 3184 (lomes

370 3233 402 3294 et
417 3227 551 3296 ludices
575 3247 639 3294 una
654 3228 786 3294 insimul
811 3249 885 3296 cum
909 3229 985 3297 aliis
1003 3231 1167 3297 nobilibus
1192 3227 1396 3310 hominibus,
1422 3231 1503 3308 post

370 3336 475 3404 almre
491 3337 631 3404 Sanctae
644 3337 769 3403 Mariae
786 3357 887 3404 causa
904 3338 1041 3404 Consilii
1057 3336 1247 3422 congregati
1265 3342 1393 3417 essent;
1421 3341 1503 3398 tunc

370 3442 502 3529 quidam
518 3444 682 3509 Diaconos
700 3445 868 3511 Johannes
885 3445 1016 3510 nominc
1032 3443 1258 3529 proclamavit,
1283 3463 1318 3509 se
1334 3441 1399 3506 vim
1427 3440 1502 3525 pati

371 3568 392 3614 a
408 3550 533 3616 Gemite
550 3549 681 3615 dicens:
699 3551 769 3635 Ego
786 3571 927 3635 namque
943 3572 1015 3617 cum
1031 3551 1093 3617 sim
1106 3551 1209 3635 major
1225 3551 1368 3617 omnium
1383 3548 1501 3614 domus

372 3675 487 3741 meae,
513 3662 545 3721 et
561 3665 665 3722 mater
679 3657 799 3742 vidua,
825 3657 943 3725 iratres
960 3679 1000 3726 ac
1016 3679 1143 3726 sorores
1159 3657 1219 3724 sub
1236 3677 1287 3722 me
1303 3657 1387 3740 sint,
1412 3655 1503 3720 unde

372 3781 435 3847 ego
451 3761 492 3826 de
508 3763 556 3828 eis
572 3764 730 3830 rationem
746 3765 855 3832 iacere
872 3766 975 3833 debeo
993 3767 1124 3832 domiuo
1141 3764 1305 3851 Episcopo
1327 3784 1419 3848 meo,
1445 3764 1502 3830 (lo

372 3870 479 3938 minus
495 3869 611 3936 (lomes
633 3891 685 3938 me
701 3872 789 3957 cogit
805 3873 869 3940 sibi
886 3872 1044 3940 rationem
1067 3874 1182 3941 iacere.
1209 3874 1301 3938 Tunc
1317 3891 1395 3938 vcro
1411 3891 1503 3956 prae-

372 3983 503 4044 notatus
519 3973 703 4064 Episcopus
720 3987 753 4045 ct
767 3979 874 4046 clerus
898 3981 1055 4048 dederunt
1071 4000 1107 4046 se
1122 3981 1156 4046 in
1171 3979 1393 4046 testimonium
1408 3998 1502 4065 prae·

372 4085 532 4154 dictorum
547 4087 700 4154 lodicum
715 4105 755 4154 ac
771 4088 908 4187 aliorpm
924 4090 1082 4156 nobilium
1099 4088 1140 4156 de
1157 4089 1218 4156 hoc
1228 4089 1305 4173 Jure
1321 4087 1502 4154 Ecclesiae.

373 4193 443 4279 Ipsi
458 4213 575 4281 nempe
591 4195 625 4260 in
642 4195 784 4262 Consilio
811 4206 969 4264 venerunt
985 4203 1018 4264 et
1033 4201 1210 4264 convocato
1228 4195 1373 4262 Oonsiho
1390 4197 1504 4264 testati

374 4306 450 4366 suut
464 4299 528 4366 ita:
546 4309 706 4384 quatenus
723 4303 858 4369 clericus
876 4325 948 4372 eum
964 4304 1025 4370 sub
1042 4324 1077 4370 se
1090 4310 1226 4370 matrem
1240 4303 1373 4369 viduam
1390 4303 1502 4387 habet,

374 4412 408 4472 et
421 4406 494 4492 ipse
510 4413 619 4473 aetate
645 4407 787 4475 omnium
812 4409 948 4477 fratrum
964 4431 1002 4477 ac
1018 4429 1164 4478 sororum
1181 4411 1283 4495 major
1304 4416 1364 4494 est,
1390 4416 1423 4476 et
1438 4431 1504 4478 una

374 4513 507 4579 insimul
523 4513 631 4580 omnia
647 4517 857 4584 communiter
873 4518 1005 4602 habent,
1019 4525 1050 4584 et
1067 4519 1177 4586 omnia
1187 4518 1400 4582 communiter
1416 4517 1504 4585 iuve-

374 4619 468 4686 uiunt
481 4640 522 4688 ac
536 4621 684 4708 perdunt,
702 4623 805 4692 etheo
820 4625 991 4709 probabile
1008 4645 1081 4692 esse
1096 4626 1212 4710 potuit,
1228 4626 1279 4691 cui
1299 4623 1438 4690 clericus
1454 4645 1504 4689 ra·
