3218 5192
657 999 713 1071 89.

121 1180 264 1272 Goepely
280 1184 424 1250 natiborr'
439 1185 527 1251 drsek
552 1183 646 1250 lovels
669 1184 777 1250 Valter
791 1181 930 1270 apnhrtoi
944 1181 1090 1249 lanonolr
1106 1179 1254 1269 ἀμάραι·

117 1290 275 1376 laverna,
290 1293 430 1380 mdyden
445 1319 464 1360 n
482 1293 622 1380 spalatoi
639 1294 757 1380 epybdz
766 1293 909 1380 primdai
917 1289 1103 1378 sdrrdlcsdpdt
1117 1289 1251 1356 aienc-

118 1401 198 1484 n6n,
225 1401 422 1488 mepydje‘nek
446 1399 632 1488 mapazorrdt
657 1399 872 1487 adzonyairol
892 1399 1124 1486 panaezkodilt.
1156 1397 1251 1464 1180.

232 1579 388 1663 Magistro
401 1579 567 1646 Gualterio
578 1579 690 1648 inclito
700 1579 827 1664 Spalati
847 1577 1046 1646 Canonicoet
1062 1577 1180 1643 Sancte
1195 1576 1255 1644 Ro·

119 1705 221 1752 mane
232 1688 381 1754 Ecclesie
391 1689 515 1772 Legato
528 1685 735 1776 G(regorius)
746 1687 951 1755 Diocletiane
963 1683 1256 1770 atqueAntivarine

118 1794 271 1862 Ecclesia
286 1796 418 1862 humilis
434 1797 582 1864 Minister
606 1797 746 1864 salutem
762 1804 795 1863 et
811 1799 936 1864 sineere
960 1793 1143 1862 dilectionis
1161 1793 1255 1858 affee-

118 1909 203 1968 tum.
221 1903 402 1986 Dignitatis
419 1905 535 1970 Vestro
551 1904 695 1988 litteras,
713 1925 795 1989 quas
810 1905 904 1973 nobis
922 1902 1101 1986 direxistis,
1129 1917 1258 1968 summa

121 2029 199 2075 eum
214 2013 398 2077 reverentia
415 2013 625 2098 suscepimus,
644 2019 676 2077 et
692 2032 806 2079 earnm
821 2011 1054 2080 continentiam
1075 2007 1257 2092 intelligen-

121 2125 195 2201 tes,
213 2120 401 2186 innumeras
426 2121 619 2206 benignitati
636 2129 745 2188 vestre
771 2129 882 2208 grates
898 2121 1077 2207 rependere
1096 2133 1257 2184 curamus.

123 2225 289 2304 Quoniam
305 2226 452 2292 Ecclesie
467 2235 578 2294 nostre
589 2227 765 2294 clementer
781 2229 1033 2295 sollicitudinem
1050 2242 1177 2310 gerens,
1195 2241 1257 2306 que

122 2333 227 2400 valde
242 2335 336 2402 nobis
353 2341 554 2420 congruunt,
581 2357 655 2403 cnm
671 2336 798 2404 Gemite
814 2343 846 2402 et
861 2335 977 2402 ceteris
1001 2333 1166 2402 nobilibus
1178 2333 1260 2416 ,Spa-

122 2443 187 2510 lati
202 2444 302 2510 locuti
319 2445 409 2528 estis,
436 2465 572 2530 qnorum
588 2443 760 2532 prudentie
776 2451 808 2511 et
823 2445 970 2512 caritatis
986 2461 1147 2528 compago
1163 2436 1259 2505 nobis

124 2572 260 2640 semper
275 2556 445 2621 consulere
462 2557 639 2622 consuevit.
659 2556 744 2622 Nam
761 2556 986 2622 Salonitanam
998 2552 1178 2621 Ecclesiam
1194 2547 1260 2614 Pri·

125 2665 253 2726 matum
278 2661 312 2726 iu
328 2666 397 2728 tota
413 2661 582 2727 Dalmatia
597 2663 788 2748 provincia,
815 2671 848 2730 et
864 2668 974 2728 nostre
989 2657 1136 2727 Ecclesie
1152 2655 1261 2722 matri-

126 2785 201 2834 cem
217 2766 320 2834 fnisse
336 2787 400 2834 non
426 2769 624 2853 ignoramus.
654 2769 748 2836 Unde
763 2771 795 2835 in
815 2770 905 2836 nullo
931 2767 1025 2836 uobis
1051 2763 1203 2833 convenit
1218 2761 1260 2830 ab

129 2894 174 2942 ea
189 2874 396 2961 discrepare,
423 2881 474 2941 set
489 2875 601 2942 auxilii
618 2881 651 2942 et
666 2875 794 2944 consilii
811 2875 1014 2943 commodum
1036 2892 1181 2960 sperare.
1198 2873 1261 2938 Ita-

131 3001 197 3066 que
214 3003 334 3066 magua
344 2984 566 3049 controversia
576 2985 834 3071 superveniente,
846 2985 971 3051 ciuitati
981 2989 1093 3051 nostre
1109 2997 1260 3064 amagno

126 3095 257 3179 jupano
274 3090 416 3176 lactum,
441 3091 529 3174 quod
544 3091 710 3159 vobiscum
726 3093 825 3160 locuti
841 3092 969 3176 luimus,
986 3089 1139 3177 prosequi
1154 3085 1262 3170 nequi-

132 3201 259 3284 vimus,
287 3198 490 3284 octingentos
513 3218 653 3282 namque
669 3219 842 3285 perperos,
860 3219 941 3285 quos
957 3199 990 3264 in
1006 3197 1160 3284 preterito
1176 3212 1263 3260 anno

133 3308 241 3375 coacti
257 3307 322 3374 sibi
347 3306 427 3372 dare
450 3307 679 3393 promisimus,
708 3328 794 3373 nuno
810 3329 882 3375 eum
907 3307 1065 3373 violentia
1084 3303 1205 3388 exigit,
1231 3306 1264 3366 et
1310 3372 1316 3382 ,

131 3416 211 3499 qnia
226 3414 591 3500 persolvendi-facultas
607 3435 671 3482 non
689 3415 791 3499 adest,
812 3435 965 3500 agrorum
983 3419 1166 3481 nostrornm
1183 3407 1265 3476 redi·

131 3521 222 3588 tibus
238 3521 413 3604 ammissis,
432 3521 546 3587 iterum
556 3521 589 3586 in
600 3543 660 3590 nos
674 3523 767 3607 sevit,
784 3523 900 3590 iterum
912 3521 1055 3588 minatur
1067 3519 1163 3606 juxta
1180 3513 1266 3601 quod

134 3629 298 3714 presbiter
323 3629 491 3696 blaraldns
507 3631 591 3698 lator
607 3631 817 3716 presentium,
834 3632 980 3700 ocularia
997 3629 1061 3697 lide
1079 3626 1198 3714 poterit
1213 3646 1266 3692 vo-

135 3737 187 3804 bis
204 3735 335 3802 referre.
353 3735 446 3802 Unde
464 3736 498 3802 in
513 3739 614 3804 tantis
623 3739 921 3824 perturbationibus
931 3747 963 3806 et
978 3737 1139 3825 pressuris
1155 3733 1264 3821 positi,

135 3864 249 3911 omnes
266 3849 400 3928 gemunt
415 3849 450 3910 at
465 3841 586 3912 dolent.
613 3845 756 3912 Knesius
773 3866 899 3931 quoque
915 3845 1096 3928 bliehahel,
1122 3845 1174 3910 cui
1190 3843 1263 3908 Dio·

138 3953 280 4020 cletiane
295 3951 442 4018 Ecclesie
466 3973 543 4019 eura
559 3959 591 4018 et
607 3954 788 4021 sollicitudo
804 3975 870 4022 non
887 3953 1015 4022 modica
1031 3959 1090 4036 est,
1107 3951 1151 4016 ab
1167 3969 1267 4015 avun-

136 4061 220 4128 culis
236 4061 430 4126 molestatus
446 4059 489 4126 ad
504 4080 545 4126 ea
554 4111 563 4144 ‚
590 4080 653 4144 que
669 4082 728 4129 nos
753 4064 900 4150 cupimus
916 4081 1001 4128 nuno
1024 4057 1193 4126 intendere
1212 4057 1268 4121 mi-

136 4170 224 4236 nime
234 4168 333 4235 valet.
340 4168 464 4235 Tamen
474 4169 508 4234 in
519 4171 667 4255 proximo
680 4190 822 4258 superna
831 4172 939 4257 gratia
948 4167 1146 4238 concedente
1156 4169 1268 4230 nostre

136 4278 288 4344 Ecclesie
304 4277 507 4344 commodum
520 4279 684 4364 prosequi,
702 4287 734 4346 et
750 4279 911 4366 usquead
928 4279 1078 4345 effectum
1088 4271 1268 4360 perducere

136 4393 248 4455 vestro
264 4383 403 4452 oonsilio
421 4391 454 4452 et
469 4385 592 4454 anxilio
608 4385 830 4456 indubitanter
844 4403 1025 4474 speramus.

384 4543 523 4610 (Eredetie
537 4563 554 4600 a
566 4545 640 4601 bbesi
654 4566 692 4604 cs.
705 4552 733 4618 lr.¹
746 4551 830 4604 titlros
843 4545 1034 4615 leudltdrban.)

581 4731 810 4748 *na-u*
