3238 5184
647 295 805 396 EQ..

158 487 288 574 prefato
308 487 425 556 etauio
449 487 598 572 cognatis
613 507 672 573 pro
688 485 778 553 LXV
796 487 916 555 mareis
940 491 1078 576 argenti,
1101 513 1199 577 quam
1225 497 1291 564 sibi

155 596 230 680 jnre
245 594 443 664 hereditario
459 594 624 682 pertinere
639 593 801 679 dieebant,
816 602 973 682 perpetuo
986 598 1231 683 possidendam.
1248 605 1292 672 Et

159 701 240 768 dnm
255 722 354 789 snper
367 703 430 770 hoe
445 701 573 769 litteras
595 708 726 768 nostres
740 701 975 771 testimoniales
990 725 1067 790 pars
1083 712 1221 792 utraque
1236 729 1290 794 pe-

158 815 253 892 teret,
280 809 412 893 quidam
423 808 487 876 duo
497 807 644 876 homines
661 809 940 895 superuenientes,
956 811 1221 882 Budeividelioet
1231 813 1291 884 Go-

160 933 242 1001 mes,
254 923 287 982 ot
298 915 613 983 CenturioLatornm
623 913 708 1001 (igy)
718 915 945 984 Baeeiniorum
954 919 1065 1004 Regis,
1076 939 1173 1007 super
1189 923 1291 989 tereia

159 1030 254 1109 parte
269 1029 356 1090 terre
379 1021 525 1109 predicte
540 1023 625 1089 Vate
639 1021 787 1110 predicto
812 1030 846 1089 et
860 1024 1011 1109 cognatis
1036 1027 1105 1093 suis
1130 1028 1290 1096 eontradi-

159 1137 284 1214 nernnt,
301 1129 446 1198 dieentes
462 1129 601 1197 eandem
616 1131 804 1216 porcionem
820 1131 883 1197 sibi
900 1131 1073 1216 pertinere.
1093 1135 1137 1200 Et
1152 1131 1229 1200 dum
1243 1142 1290 1203 te·

160 1238 203 1305 lia
220 1238 445 1306 controuersia
471 1239 556 1305 inter
571 1255 628 1305 eos
653 1243 844 1321 oeenrreret,
871 1237 954 1306 duas
970 1246 1081 1324 partes
1106 1249 1192 1308 terre
1208 1241 1291 1309 eius·

159 1344 235 1414 dem
250 1347 337 1412 Veto
364 1344 573 1432 supradictus
598 1355 631 1413 et
647 1347 777 1431 engrati
802 1345 906 1432 ipsius
923 1347 1041 1413 Gomiti
1065 1348 1195 1416 Andree
1220 1365 1291 1435 pre-

159 1453 239 1536 fato,
257 1452 343 1538 qnod
359 1454 388 1520 si
404 1473 478 1520 eam
498 1460 613 1540 posset
628 1453 804 1520 emendare
819 1453 901 1518 nulli
926 1454 985 1538 alij
1001 1461 1110 1540 preter
1125 1453 1290 1523 Andream

162 1558 320 1626 Comitem
337 1565 369 1625 et
384 1579 461 1626 suos
487 1565 645 1643 cognatos
660 1558 801 1626 vendere
815 1569 961 1644 possent,
978 1559 1072 1626 iuxta
1088 1567 1200 1628 tamen
1216 1561 1291 1628 esti·

161 1663 343 1731 macionem
363 1664 555 1752 predietam,
571 1663 725 1732 videlieet
739 1685 838 1750 snper
851 1665 1047 1752 premissam
1062 1646 1223 1734 summam
1236 1687 1291 1754 pe·

161 1771 255 1838 ennie
270 1771 419 1840 Andreas
445 1779 477 1839 et
491 1773 543 1840 sni
558 1774 690 1856 cognati
705 1773 771 1839 XX
790 1780 824 1840 et
839 1771 922 1840 duas
947 1793 1074 1841 mareas
1100 1772 1180 1841 dare
1204 1780 1291 1840 tene-

161 1883 291 1962 rentur,
317 1879 413 1946 etsie
429 1878 535 1946 eoiam
559 1880 663 1946 tereia
686 1887 779 1964 parte
803 1885 889 1947 terre
906 1881 1172 1966 supranominate
1193 1879 1292 1966 potiri

161 1985 298 2071 possint.
323 1985 393 2054 Nee
407 1987 470 2055 hoe
485 1988 590 2054 eeiam
606 1989 667 2054 sub
683 1987 819 2055 silencio
843 1987 1093 2073 pretereundum
1109 1993 1292 2074 esseputu

162 2113 245 2178 mus,
270 2092 358 2179 quod
373 2093 490 2161 Comes
517 2095 667 2161 Andreas
690 2095 740 2161 XI
756 2114 895 2180 mareas,
921 2096 1039 2180 Naney
1062 2102 1139 2179 tres,
1165 2096 1292 2163 Zorueh

163 2198 257 2284 duas,
282 2200 340 2286 iiiij
355 2201 458 2285 Myka
484 2209 634 2286 quatuor,
660 2201 735 2267 Hab
752 2199 868 2268 Comes
893 2221 965 2268 eum
987 2199 1114 2269 dnobus
1138 2200 1214 2286 filijs
1231 2202 1291 2286 XI,

164 2307 258 2375 Oltus
284 2315 435 2393 quatuor,
460 2307 569 2374 Fedur
594 2327 666 2374 eum
691 2307 793 2374 fratre
817 2327 875 2376 suo
892 2313 1042 2392 quatuor,
1068 2306 1196 2374 Ombnd
1219 2327 1292 2374 eum

163 2414 320 2482 iratribus
335 2415 403 2481 suis
420 2413 563 2498 quinque
579 2433 708 2482 mareas
724 2415 960 2501 persoluerunt.
977 2415 1019 2481 Et
1032 2421 1119 2482 terre
1134 2414 1291 2498 eiusdem,

163 2527 199 2587 vt
213 2541 293 2608 pars
308 2527 446 2604 viraque
463 2519 551 2604 dioit,
570 2533 611 2585 ex
626 2531 720 2607 parte
735 2521 886 2600 orientali
897 2528 1121 2606 oommetaney
1132 2527 1208 2588 sunt
1222 2537 1294 2607 pre·

165 2628 245 2695 dieti
260 2629 409 2695 homines
425 2627 467 2694 de
482 2627 562 2694 villa
576 2628 752 2712 Hnigman,
777 2647 880 2713 nsque
895 2628 971 2694 dnm
986 2627 1092 2694 tendit
1107 2626 1151 2694 ad
1165 2633 1293 2714 partem

164 2733 430 2819 meridionalem
457 2734 498 2800 de
513 2734 615 2821 plaga
637 2751 715 2800 vero
741 2733 937 2801 oooidentali
960 2735 1073 2820 populi
1089 2732 1227 2799 Abbatis
1252 2733 1293 2799 de

166 2841 312 2928 Gatpan3
337 2851 371 2909 et
385 2840 429 2908 de
444 2840 674 2927 septemtrione
685 2839 766 2905 villa
775 2840 943 2923 Meehoud,
960 2839 1073 2926 populi
1088 2840 1236 2907 Eoolesie
1252 2837 1293 2905 de

165 2951 309 3036 Demus,
335 2957 367 3016 et
382 2957 498 3037 postea
512 2948 593 3014 villa
608 2947 731 3032 Cheny,
747 2947 860 3035 populi
880 2946 1115 3032 strigoniensis
1127 2945 1292 3030 Eeelesi03

167 3066 199 3124 et
215 3059 263 3125 sie
273 3057 389 3124 eadem
404 3063 493 3123 terra
508 3054 696 3140 adiungitur
712 3055 900 3140 supradicte
917 3034 1178 3141 nilleHuigman,
1195 3062 1228 3121 et
1244 3060 1295 3120 est

166 3161 309 3248 undique
334 3162 429 3230 metis
445 3161 609 3228 veteribus
634 3159 792 3228 stabilita.
819 3161 862 3226 Vt
877 3159 977 3245 igitur
1001 3159 1097 3227 huius
1120 3159 1168 3226 rei
1193 3160 1294 3227 series

166 3279 242 3338 rata
252 3291 291 3338 ao
306 3271 435 3338 stabilis
450 3270 485 3336 in
495 3276 686 3357 perpetuum
701 3269 1023 3355 possitpermanere;
1038 3267 1081 3334 ad
1097 3267 1293 3353 peticionem

166 3379 272 3466 partis
287 3379 454 3462 utriusque
470 3379 592 3443 nostris
617 3377 846 3445 confirmamus
860 3375 978 3444 litteris
1001 3373 1293 3456 testimonialibus;

167 3487 314 3554 Ecclesie
338 3493 450 3554 nostre
465 3485 637 3571 Myoiraele
650 3483 832 3571 Proposito,
849 3483 952 3570 Myka
969 3481 1120 3568 Custode,
1138 3483 1294 3550 Siluestro

166 3597 300 3661 Deoauo
317 3593 542 3674 existentibus,
569 3591 725 3660 centoria
739 3611 817 3661 vero
832 3601 982 3660 vacante.

274 3703 395 3767 Verum
420 3701 498 3785 qnia
522 3700 614 3766 iuxta
636 3702 771 3767 verbnm
798 3700 977 3788 sapientis,
1006 3706 1127 3786 quanto
1153 3699 1296 3765 iuniores

168 3815 243 3875 sunt
270 3809 435 3894 homines,
460 3815 552 3876 tanto
568 3807 827 3893 perspioaoiores
843 3813 876 3874 et
891 3807 997 3892 magis
1014 3806 1196 3890 ingeniosi3
1220 3803 1295 3870 ideo

170 3915 213 3982 ad
228 3914 460 3982 recludendam
485 3933 612 3981 ornnem
630 3915 717 3980 viam
733 3914 871 3997 malicie,
898 3913 1007 3999 quein
1031 3912 1150 3978 litteris
1175 3909 1296 3977 nostris

167 4021 441 4089 testimonialibus
466 4029 599 4109 propter
625 4021 727 4106 sigilli
752 4021 912 4087 deiectum
937 4025 1049 4104 posset
1074 4016 1225 4100 euenire,
1255 4013 1296 4080 de

169 4131 331 4196 eommuni
362 4129 497 4197 oonsilio
529 4138 562 4196 et
587 4147 745 4195 consensu
771 4125 893 4192 domini
920 4125 999 4190 Bele
1018 4123 1135 4209 quarti,
1163 4117 1298 4188 secundi

170 4239 299 4306 Andree
315 4238 385 4324 filij,
399 4239 543 4306 illustris
560 4237 661 4320 Regis
685 4233 865 4318 Hungarie,
889 4231 1026 4316 litteras,
1052 4249 1114 4314 que
1138 4217 1297 4295 haetenn's

170 4368 236 4415 non
261 4347 389 4414 inerant
414 4346 567 4432 sigillate,
594 4344 796 4410 deereuimne
822 4338 1035 4425 sigillandas3
1061 4343 1095 4403 et
1118 4337 1194 4421 quie
1209 4344 1298 4403 teno-

170 4471 240 4522 rem
264 4453 468 4539 preseneium
492 4454 672 4519 litterarum
687 4469 800 4516 verum
825 4465 898 4514 esse
915 4445 1138 4530 eognouimns,
1163 4439 1296 4508 easdem

171 4560 280 4646 sigillo
295 4567 405 4628 nostro
430 4557 566 4625 ieeimns
582 4557 615 4622 in
638 4562 830 4642 perpetuum
853 4549 1047 4620 confirmari.
1074 4550 1170 4616 Anno
1187 4545 1296 4633 graeie

1080 4665 1138 4723 34‘
