3218 5192
629 335 789 442 Aac*

141 546 267 628 posset,
284 543 511 628 postularunt,
535 537 647 604 utillo
662 537 772 604 omnia
788 533 878 602 hisce
894 531 1013 600 litteris
1028 533 1220 620 singillatim
1236 553 1276 601 ac

142 650 297 716 distincte
314 650 594 734 consignarentur.
619 645 742 714 Contra
756 637 834 710 'vero
847 641 997 708 monachi
1017 642 1159 728 ajebant,
1177 643 1275 710 moris

142 777 218 826 esse
234 757 475 826 Canonicorum
489 753 753 844 Spalatensium,
779 759 815 818 ut
829 750 968 834 singulis
988 749 1083 817 annis
1100 750 1154 817 dic
1167 751 1275 820 Domi-

143 866 221 934 nica
235 868 271 933 in
285 863 399 951 Albis,
425 885 511 950 quae
536 871 655 931 ocare
670 869 721 928 est
736 865 812 946 post
827 858 914 925 diem
938 855 1056 924 festum
1071 858 1274 941 Paschalem,

142 974 283 1042 solemni
297 972 539 1061 supplicatione
553 970 713 1052 instituta,
730 967 774 1036 ad
788 965 904 1033 aedem
914 963 1026 1032 Sancti
1036 965 1193 1050 Stephani
1208 967 1275 1032 adi-

142 1090 227 1149 rent.
250 1082 317 1151 Sed
332 1102 374 1149 ex
389 1079 577 1148 testimonio
593 1080 635 1144 ld.
653 1074 809 1164 Episcopi
823 1072 1064 1158 lingoniensis,
1089 1081 1122 1140 et
1136 1073 1275 1142 llichae-

140 1190 185 1256 lis
200 1191 359 1278 Episcopi
384 1189 640 1273 Seardcnensis,
667 1193 699 1254 et
715 1183 754 1252 (i.
776 1181 1008 1251 archidiaconi
1033 1183 1273 1268 Traguriensis,

141 1299 200 1384 qui
215 1299 361 1384 legitime
375 1299 483 1384 rogati
497 1297 636 1380 inerant,
651 1295 817 1379 cognitum
833 1312 873 1358 ac
895 1291 1059 1358 decretum
1075 1298 1135 1378 est,
1153 1310 1275 1359 morem

140 1406 237 1472 illum
253 1405 431 1474 canonicis
447 1405 537 1472 nulla
561 1405 636 1490 lege
653 1401 892 1490 praescriptum
907 1399 1029 1482 fuisse,
1051 1397 1110 1464 sed
1125 1397 1224 1484 plane
1239 1399 1275 1464 li·

143 1516 261 1581 berum
276 1533 316 1580 ac
331 1513 550 1581 uoluntarium
574 1529 665 1595 esse,
691 1511 827 1596 ejusque
842 1505 1026 1592 abrogandi
1050 1505 1103 1572 vel
1117 1505 1276 1572 retinendi

142 1640 248 1706 penes
275 1621 367 1708 ipsos
391 1619 563 1688 arbitrium
586 1639 626 1686 ac
649 1624 847 1704 potestatem
872 1634 954 1682 esse.
981 1613 1142 1693 Quocirca
1165 1635 1207 1680 ne
1232 1615 1276 1680 ad

141 1726 418 1794 contributionem
444 1725 537 1792 illam
561 1744 705 1791 annuam
730 1723 784 1790 vel
807 1720 975 1793 Canonici¹
991 1719 1118 1803 aliquid
1142 1720 1274 1805 addere,

141 1835 200 1900 vel
217 1833 369 1900 monaehi
394 1833 435 1900 de
450 1833 509 1899 illa
531 1831 657 1916 aliquid
672 1829 844 1897 detrahere
869 1832 1023 1914 possent,
1049 1827 1130 1894 haec
1153 1848 1212 1912 per
1230 1828 1272 1892 hl.

142 1943 316 2009 Albertum
332 1939 561 2026 Praepositum
576 1938 687 2008 Sancti
701 1935 944 2004 Bartholomaei
961 1942 993 2002 et
1004 1933 1204 2001 Canonicum
1220 1956 1274 2002 nc-

143 2055 251 2115 strum
260 2047 381 2114 tabulis
391 2047 533 2133 publicis
549 2044 710 2128 mandari,
727 2049 760 2110 et
775 2043 837 2110 has
845 2049 914 2109 tum
924 2047 1046 2125 nostro,
1062 2044 1130 2108 tum
1139 2038 1274 2108 fratrum

116 2187 124 2192 ·
142 2162 332 2225 nostrorum
348 2154 443 2241 signo
467 2153 586 2220 muniri
605 2152 775 2236 iussimus.
792 2153 913 2217 Datum
929 2147 1056 2235 Spoleti
1072 2168 1159 2216 anno
1177 2151 1273 2218 1185.

142 2263 328 2332 lndictionc
343 2265 374 2331 3.
391 2263 492 2331 Lucio
508 2262 568 2329 Ill.
585 2260 747 2330 Pontifice
758 2267 791 2328 et
805 2259 886 2328 Bela
900 2259 990 2342 Rege
1005 2256 1204 2343 Hungariae.

106 2511 110 2518 .
212 2445 270 2511 IV.
293 2445 370 2510 ΙΙΙ.
396 2439 543 2508 Orban
566 2443 684 2528 papa
708 2437 1048 2524 megerdsitese.
1081 2437 1205 2506 1186.

254 2587 408 2654 Urbanus
417 2586 602 2674 Episcopus
612 2601 727 2652 servus
739 2601 905 2650 servorum
913 2582 977 2648 Dei
986 2551 1167 2652 venerabili
1182 2583 1274 2652 lratri

140 2697 242 2764 Petro
257 2695 447 2782 Spalatensi
463 2693 719 2780 archiepiscopo
735 2692 875 2759 salntem
891 2699 924 2760 et
938 2691 1162 2777 Apostolicam
1178 2695 1273 2761 beue·

141 2805 334 2873 dictionem.
360 2803 452 2882 Quae
469 2801 659 2869 airatribus
685 2806 718 2867 ct
733 2799 946 2886 Coepisccpis
964 2801 1084 2869 uostris
1100 2801 1272 2870 rationabi-

140 2913 219 2980 liter
235 2918 486 3000 pertractantur,
503 2911 596 2978 tirma
611 2909 741 2995 debent,
758 2915 790 2975 et
806 2910 935 2976 illibata
954 2929 1164 2996 permanere;
1184 2919 1216 2978 et
1231 2929 1272 2980 ne

141 3041 302 3108 processu
326 3021 485 3106 temporis
509 3039 569 3106 per
592 3017 731 3104 alicujus
750 3019 910 3085 malitiam
935 3018 1160 3104 immutentur,
1187 3019 1272 3104 Apo·

141 3129 262 3196 stolieo
277 3126 445 3214 praesidio
461 3126 661 3195 communiri.
686 3127 871 3211 Eapropter
885 3125 951 3192 tuis
963 3125 1062 3210 justis
1084 3126 1272 3210 postulatio-

139 3237 239 3304 nibus
257 3241 387 3322 gratnm
401 3235 625 3321 impertientes
642 3254 822 3318 assensum,
840 3233 1017 3302 divisiones
1028 3221 1271 3320 Parochiarum,

139 3363 227 3428 quas
252 3343 292 3410 de
307 3341 595 3427 Suffraganeorum
620 3347 750 3409 tucrum
769 3361 908 3409 assensu
923 3341 1040 3409 iecisse
1059 3340 1271 3428 dignosceris,

141 3459 175 3518 et
190 3449 298 3535 redigi
313 3449 419 3516 iecisti
433 3450 466 3516 in
482 3449 650 3536 scriptum,
675 3469 735 3536 pro
752 3469 801 3535 eo,
818 3450 905 3535 quod
921 3470 963 3517 ex
978 3448 1166 3522 confusione
1183 3449 1269 3536 ipsa

141 3576 216 3622 rnrn
233 3555 441 3640 quaestiones
456 3554 606 3623 difficiles
621 3557 754 3642 saepius
768 3557 1017 3642 consurgebant,
1034 3557 1117 3624 sicut
1132 3557 1271 3626 rationu·

141 3663 202 3730 bili
218 3662 262 3729 de
277 3663 407 3730 illorum
423 3663 712 3746 Suffraganeorum
737 3665 938 3732 conscientia
953 3665 1061 3734 famae
1076 3674 1171 3752 suut,
1190 3665 1269 3734 etin

140 3771 268 3857 scripto
285 3771 472 3840 authentico
497 3772 718 3858 continentur;
744 3779 776 3839 et
792 3772 1040 3842 constitutiones
1057 3775 1159 3861 alias,
1186 3795 1271 3860 quae

140 3899 205 3966 pro
222 3875 426 3962 corrigendis
436 3877 640 3963 quorundam
650 3878 840 3946 excessibus
858 3885 891 3946 et
906 3880 981 3947 aliis
991 3881 1135 3950 honestis
1152 3883 1271 3968 causis,
1348 3881 1352 3886 ’

139 3989 345 4070 congregato
362 3983 508 4054 Concilio
533 3985 768 4054 deliberatione
782 3986 921 4074 provida
939 3987 1110 4074 statuistis,
1127 4008 1201 4057 cum
1216 3989 1272 4057 ad·

140 4091 323 4162 ditionibus
339 4099 373 4160 et
388 4091 731 4181 determinationibus,
758 4095 941 4182 quaeipsis
959 4095 1112 4181 capitulis
1136 4095 1271 4165 inferius

139 4207 364 4288 apponuntur,
381 4201 575 4271 auctoritate
591 4203 782 4290 Apostolica
805 4205 1043 4274 confirmamus.
1069 4204 1113 4271 Ut
1128 4203 1269 4272 officium

138 4311 266 4377 Beatac
281 4309 407 4378 Mariae
423 4311 466 4378 ab
482 4311 633 4380 omnibus
649 4314 860 4382 communiter
880 4315 1069 4381 celebretur.
1096 4313 1271 4379 Praeterea

140 4417 312 4503 canonici,
338 4418 394 4502 qui
409 4417 533 4488 reditus
550 4420 725 4490 canonicos
742 4421 882 4506 habent,
905 4422 939 4488 in
954 4421 1059 4504 nigris
1075 4419 1200 4506 cappis,
1216 4419 1270 4486 uel

139 4525 228 4594 albis
253 4527 503 4613 superpelliceis
518 4527 563 4596 ad
579 4529 702 4597 Divina
717 4529 827 4598 officia
842 4529 1041 4597 celebranda
1064 4528 1269 4614 conveniant,

138 4640 173 4704 et
190 4635 356 4704 dormiant
372 4635 407 4703 in
423 4635 612 4706 dormitorio
627 4659 709 4726 uuo;
736 4645 768 4706 et
784 4640 811 4706 si
828 4637 946 4726 aliquis
964 4659 1006 4706 ex
1022 4637 1195 4706 canonicis
1211 4641 1270 4706 Ec
