3218 5192
879 999 955 1070 lot.

362 1197 426 1264 ΙΙΙ.
451 1197 533 1264 Bao
559 1196 730 1285 kirdlyoolo
753 1197 909 1286 okandayo
934 1201 978 1262 13
1004 1199 1122 1265 anabau
1146 1198 1310 1264 adcornck
1339 1199 1492 1262 azdmdra

694 1307 848 1372 Locamda
863 1307 1033 1394 meyydbeo.
1061 1310 1156 1373 1186.

469 1504 507 1569 In
522 1503 651 1568 nomine
666 1503 784 1569 Sancte
806 1503 978 1570 Trinitatis
1004 1513 1036 1571 et
1051 1503 1223 1570 Indiuidua
1238 1504 1390 1570 Vnitatia.
1420 1504 1494 1586 Ego

362 1609 442 1675 Bela
458 1609 593 1676 'Porcius
610 1611 671 1676 Dei
688 1611 802 1694 gracia
818 1611 995 1694 Hungaric,
1009 1612 1190 1694 Dalmacie,
1211 1611 1357 1692 Croacie,
1376 1611 1493 1676 Rame-

362 1737 424 1800 quc
441 1718 529 1800 Rex,
555 1719 669 1784 nolens
685 1719 718 1782 in
734 1717 900 1802 obsequiis
918 1721 1032 1804 Regijs
1049 1720 1192 1803 aliquam
1208 1719 1403 1784 interuenire
1419 1738 1495 1783 con·

361 1824 539 1908 fusionem,
565 1845 731 1892 seruorum
757 1846 901 1892 meorum
927 1848 1097 1895 numerum
1123 1828 1246 1912 pariter
1269 1834 1302 1891 et
1318 1825 1432 1891 officia
1447 1824 1495 1889 di-

360 1931 469 1996 stinxi.
486 1933 527 1998 at
543 1933 620 2016 quia
636 1933 738 2016 aliqui
754 1935 838 2000 inter
857 1955 914 2001 eos
931 1935 1094 2002 libertatis
1112 1935 1173 2002 sibi
1191 1952 1307 2001 nomen
1329 1953 1494 2017 usurpare

360 2049 608 2124 consuaserunt,
633 2062 700 2122 cos,
727 2045 783 2126 qui
799 2044 894 2110 liberi
912 2051 987 2110 sunt
1004 2053 1036 2112 et
1062 2044 1156 2114 liberi
1172 2043 1424 2109 uduornicorum
1441 2061 1495 2108 uo-

360 2147 429 2212 cari
445 2156 692 2238 consueuerant,
716 2151 841 2236 placuit
856 2153 951 2220 nobis
969 2155 1029 2220 snb
1046 2173 1178 2219 numero
1195 2152 1382 2234 designare.
1410 2149 1494 2214 Sunt

360 2263 467 2323 autem
485 2258 517 2322 in
533 2257 701 2324 Luclrman
727 2259 882 2326 tredecim
909 2264 1115 2346 mansiones,
1143 2281 1279 2344 quorum
1295 2279 1378 2324 unus
1406 2255 1495 2346 (lgy)

359 2371 410 2432 est
423 2365 565 2434 Thomas
589 2366 706 2434 Comes
735 2367 822 2434 filius
848 2371 1001 2454 Symum,
1030 2370 1205 2436 liberorum
1231 2367 1494 2448 uduornicorum,

361 2475 538 2540 seruientes
564 2477 647 2558 Regi
672 2477 704 2542 in
729 2477 879 2544 libertate
906 2479 1082 2546 liberorum
1108 2477 1366 2545 uduornicorum.
1394 2476 1494 2542 Anno

359 2579 602 2648 lucarnaoionis
613 2583 782 2648 Dominioc
798 2585 970 2652 millesimo
988 2585 1163 2652 centesimo
1176 2583 1375 2668 octogesimo
1386 2591 1493 2648 sexto.

361 2688 531 2772 Regnante
547 2689 690 2772 glorioso
702 2692 791 2776 Rege
802 2693 882 2758 Belo
898 2693 1007 2778 tercio,
1026 2693 1205 2761 venerabili
1216 2691 1280 2758 Job
1290 2691 1493 2775 Strigcnien-

359 2813 428 2860 sem
446 2793 639 2862 kathedram
650 2796 787 2864 feliciter
797 2801 1018 2885 gubernante;
1036 2797 1343 2881 ThomaPalatino;
1365 2797 1493 2864 Comite

358 2900 437 2968 llok
448 2901 573 2968 Curiali
584 2904 718 2971 Comitc.
734 2907 827 2972 Hanc
838 2906 939 2990 Regio
950 2906 1196 2974 constitucionis
1206 2906 1364 2990 paginam
1375 2903 1491 2970 Adria·

358 3027 419 3074 nus
434 3009 594 3076 Budcnsis
606 3012 753 3078 Ecclesie
770 3014 959 3098 Propositus
976 3020 1009 3080 et
1026 3015 1159 3098 Regalis
1176 3014 1251 3079 aule
1262 3012 1492 3080 Cancellarina

358 3118 536 3184 annotauit.

357 3295 415 3362 (IV.
425 3295 491 3351 Belo
501 3296 591 3366 kirtly
599 3301 708 3352 laco-ki
719 3301 881 3368 magandsitli
890 3300 1135 3370 privilegiumdbdl,
1144 3305 1214 3370 moly
1224 3300 1305 3354 altos
1319 3297 1485 3366 olrashatd.)

782 3588 1053 3599 ————
