3238 5184
559 289 712 390 „enm

88 505 138 551 ses
165 483 304 570 easdem,
332 485 417 550 idem
433 484 705 573 Archiepiscopus
730 485 895 572 prohibuit
920 485 963 552 ed
982 486 1096 552 Sedrm
1114 487 1198 572 lipo-

78 591 222 660 stolieam
238 592 446 679 appellando,
467 601 502 660 ut
513 592 760 662 denuncietores
780 595 845 680 ipsi
861 592 905 660 ad
917 595 1197 662 denunciationem

78 701 248 788 procedere
263 722 327 768 non
344 701 509 786 deberent,
526 702 637 786 sicque
649 702 901 769 communicavit
919 703 1123 789 postmodum
1139 702 1197 769 tibi

77 808 109 875 in
126 810 330 878 coronatione
357 810 524 876 carissime
540 810 606 876 filie
622 817 733 880 nostre
749 811 883 896 Regino,
910 819 942 877 et
957 811 1032 878 eliis
1048 810 1198 877 ecclesia-

79 917 164 984 sticis
176 917 398 1002 sacramentis,
419 919 567 1004 quamvis
578 919 676 985 iidem
696 919 817 986 nullam
828 927 1030 1006 potestatem
1041 921 1198 986 baberent

78 1026 242 1094 relaxandi
260 1026 366 1093 dietas
392 1028 580 1111 sententias,
598 1028 649 1093 rel
666 1027 836 1094 terminum
863 1028 961 1096 etiam
987 1027 1196 1116 prorogandi.

78 1133 182 1212 Quare
197 1155 256 1202 nos
273 1135 379 1202 eidem
395 1156 452 1222 per
466 1136 593 1204 littores
610 1143 738 1206 nostras
755 1137 993 1224 mandavimus,
1007 1145 1043 1205 nt
1057 1143 1114 1204 aut
1132 1136 1196 1202 dic·

78 1243 117 1310 tis
132 1249 260 1330 pareret
285 1242 465 1328 sententiis,
493 1251 549 1310 aut
565 1243 608 1310 ad
624 1245 824 1331 presentiam
849 1251 993 1314 nostram
1016 1245 1196 1328 accederet,

78 1372 176 1436 suam,
193 1351 221 1417 si
236 1357 349 1437 posset
363 1351 587 1420 innocencium
604 1359 804 1421 ostensurus.
822 1353 966 1439 Cumque
978 1375 1087 1423 eoram
1102 1354 1196 1447 nobis

75 1459 156 1526 idem
173 1479 208 1526 se
219 1459 311 1525 uisus
322 1458 419 1526 fuerit
436 1480 603 1544 excusare,
615 1467 647 1528 et
662 1482 721 1530 nos
732 1461 837 1529 eidem
854 1463 984 1549 plenam
995 1462 1195 1529 audientiam

79 1568 297 1652 prebuerimus
314 1577 346 1636 et
361 1568 549 1654 benignam,
574 1572 704 1638 tandem
722 1573 938 1656 comperimus
954 1573 1197 1638 excusationem

77 1695 165 1743 suam
183 1679 289 1744 minus
315 1679 506 1746 canonicam
523 1680 681 1749 extitisse.
708 1683 826 1747 Verum
843 1682 876 1747 in
897 1682 950 1748 die
967 1684 1123 1748 malorum
1141 1680 1196 1745 im·

77 1805 232 1854 memores
248 1789 407 1856 bonorum
425 1807 498 1856 esse
513 1788 672 1873 nolentes,
696 1809 768 1856 cum
784 1790 882 1856 etiam
898 1809 937 1856 ex
962 1796 1113 1856 anteacta
1129 1789 1198 1855 vita

78 1913 136 1960 sua
151 1892 370 1980 didicerimus,
395 1895 529 1978 quidde
545 1895 656 1964 eodsm
673 1916 860 1982 presumere
885 1897 1082 1980 debeamus;
1109 1896 1195 1963 beni-

76 2022 138 2086 gno
162 2003 329 2070 intellectu
353 2002 530 2089 credentes,
558 2004 645 2088 quod
660 2023 725 2072 non
752 2003 914 2072 malitiose
939 2005 972 2071 id
991 2005 1114 2088 fecerit,
1140 2003 1197 2071 sed

74 2109 283 2197 simplicitate
297 2111 413 2198 lapsus
429 2113 537 2199 potins
556 2113 608 2179 vel
625 2131 754 2198 errore;
772 2112 848 2179 dum
859 2112 1037 2179 verisimile
1052 2132 1116 2178 non
1134 2111 1198 2178 exi·

76 2219 140 2302 stit,
166 2219 254 2304 quod
269 2218 302 2285 in
320 2219 489 2288 maturiori
516 2220 707 2287 constitutus
724 2225 820 2305 etate,
847 2219 933 2286 ieme
949 2219 1106 2306 prodigus
1126 2237 1199 2286 esse

76 2324 192 2393 debeat
208 2333 241 2393 et
257 2327 383 2412 salutis,
409 2348 481 2394 oum
497 2327 611 2396 eodem
627 2349 725 2415 super
740 2329 800 2398 boc
825 2329 866 2396 de
881 2327 1082 2414 benignitate
1102 2327 1199 2395 solita

77 2434 313 2520 dispensamus,
330 2443 451 2521 notam,
468 2436 496 2502 si
515 2457 612 2521 quarn
627 2435 745 2504 exinde
760 2436 933 2520 contraxit,
957 2436 1062 2504 eidem
1078 2435 1200 2504 miseri·

77 2540 213 2608 corditer
237 2543 447 2610 rcmittentes.
474 2543 636 2623 Quocirca
662 2545 877 2613 Serenitatem
902 2552 991 2613 tuam
1020 2544 1200 2631 rogandam

77 2646 228 2718 duximus
254 2653 447 2738 propensius
473 2661 506 2720 et
530 2651 733 2740 hortandam,
759 2660 919 2738 quatenus
945 2655 1102 2721 adversus
1132 2675 1200 2740 eos,

79 2758 131 2841 qui
158 2768 381 2844 servaverunt,
408 2759 491 2828 sicut
514 2778 553 2824 ex
574 2761 769 2827 necessitate
793 2761 995 2844 tenebantur,
1022 2762 1201 2828 sententias

78 2871 283 2952 memoratas,
309 2888 381 2934 cnm
396 2866 473 2934 inde
499 2869 639 2953 gratiam
665 2873 810 2935 nostram
827 2868 916 2934 velut
940 2867 1121 2935 devotionis
1142 2868 1200 2933 fllii

75 2975 259 3057 meruerint,
285 2995 348 3042 non
365 2977 504 3044 debeant
519 2976 765 3044 commotionem
781 2975 917 3059 Regiam
933 2975 1104 3060 sustinere,
1131 2977 1198 3043 nul·

79 3084 208 3152 latenus
233 3085 404 3152 movearis.
431 3087 550 3152 Datum
576 3085 702 3152 Perusii
719 3085 788 3150 XV.
807 3084 969 3152 kalendas
991 3083 1199 3170 Septembris,

77 3191 285 3262 Pontificatus
301 3193 403 3261 nostri
420 3213 505 3261 anno
520 3214 617 3261 nono.

80 3387 218 3460 (Theium,
240 3392 339 3444 Vetera
359 3394 533 3444 Monumente
545 3393 685 3443 Historica
704 3391 872 3458 Hungariam
895 3393 1005 3445 Sacram
1028 3393 1201 3451 illustrantia,

204 3481 226 3532 Ι.
241 3481 297 3533 ket.
314 3483 373 3534 ree.
386 3484 403 3533 l.
417 3483 449 3535 V.
462 3489 486 3534 d.
500 3481 580 3549 Fejdr
594 3481 659 3534 eod.
674 3482 746 3548 Dipl.
762 3483 811 3534 111.
826 3482 881 3534 tot.
897 3488 920 3535 ·l.
935 3499 956 3532 r.
971 3486 1031 3532 llll.
1046 3477 1075 3548 l.)

515 3769 770 3784 w
