3164 5192
858 359 1010 465 ego

365 561 561 640 gregantur,
587 563 619 622 et
634 558 739 624 exulis
755 557 858 627 nostri
879 561 1069 649 sollempnis
1087 563 1269 632 celebratur
1293 561 1422 644 electio.
1440 585 1494 634 seu

364 665 472 746 potius
497 665 657 734 restitutio
681 667 879 755 declaratur,
907 670 1172 760 insperatamque
1196 675 1333 743 letitiam
1361 673 1494 759 copiosa

364 772 396 838 in
413 773 537 857 palatio
554 777 726 846 luminaria
741 787 971 865 protestantur.
995 785 1092 852 Mane
1108 785 1193 854 facto
1210 787 1321 872 prodit
1336 787 1371 853 in
1388 791 1495 853 castra

363 885 498 974 copiosa
513 887 691 957 Grecorum
707 891 881 958 Procerum
898 891 1079 978 multitudo,
1104 891 1263 980 suumque
1281 895 1496 980 gaudioque

363 999 404 1065 rit
428 999 585 1084 electum,
611 1001 794 1068 restitutam
811 1001 935 1068 civitati
960 1002 1079 1070 asserit
1103 1003 1308 1088 libertatem,
1335 1013 1370 1071 et
1390 1023 1497 1088 regre-

362 1109 461 1175 dienti
478 1108 544 1177 filio
560 1109 603 1176 ad
620 1109 726 1178 fasces
742 1111 886 1197 Imperii,
904 1130 975 1177 cum
991 1111 1111 1197 gaudio
1132 1113 1369 1197 inestimabili,
1391 1112 1497 1180 suble·

360 1224 471 1284 vatum
487 1218 528 1283 de
543 1239 673 1286 carcere
690 1225 788 1306 caput
805 1219 910 1305 patris
924 1221 1055 1300 Isacbii,
1078 1221 1243 1304 quondam
1269 1219 1497 1307 Imperatoris,

360 1328 543 1397 ostendunt.
576 1326 798 1394 Preordinatis
825 1326 955 1412 itaque,
981 1346 1045 1412 que
1070 1329 1260 1395 necessaria
1284 1327 1496 1411 videbantur,

361 1438 404 1504 ad
430 1436 610 1502 Ecclesiam
636 1435 756 1503 Sancte
771 1435 893 1521 Sophia
919 1455 1022 1505 novus
1048 1439 1230 1523 Imperator
1255 1459 1327 1505 cum
1353 1434 1497 1505 solemni

360 1544 568 1632 processione
580 1543 759 1626 deducitur,
777 1551 811 1610 et
820 1544 907 1610 exuli
919 1551 1029 1612 nostro
1043 1545 1114 1612 sine
1130 1546 1218 1613 omni
1234 1546 1495 1614 contradictione

359 1653 535 1741 Imperiale
549 1652 728 1720 restituitur
744 1651 898 1718 diadema
915 1671 987 1718 cum
1004 1651 1207 1737 plenitudine
1218 1653 1405 1738 potestatis.
1422 1655 1494 1723 Hiis

360 1764 503 1850 peractis
528 1761 571 1828 ad
604 1759 797 1827 solutionem
823 1759 1056 1845 promissorum
1082 1759 1210 1846 prosilit
1237 1761 1433 1846 Imperator,
1462 1768 1493 1828 et

360 1873 521 1956 promissa
537 1869 633 1936 rebus
644 1868 834 1956 accumulat,
854 1867 1011 1934 victualia
1027 1867 1161 1934 servitio
1174 1867 1305 1935 Domini
1318 1869 1492 1954 profutura

359 1979 454 2047 nobis
480 1977 631 2046 omnibus
658 1976 773 2062 prebet
793 1977 826 2042 in
851 1995 989 2061 annum,
1014 1976 1156 2042 ducenta
1180 1996 1362 2042 marcamm
1389 1977 1490 2044 millia

359 2087 453 2155 nobis
477 2087 603 2154 solvere
618 2083 726 2170 pergit
736 2134 745 2168 ,
772 2090 804 2150 et
822 2083 953 2150 Venetis
971 2083 1153 2169 sumptibus
1170 2085 1247 2152 ,suia
1270 2085 1405 2152 stolium
1421 2105 1488 2171 pro-

359 2199 471 2282 longat
487 2196 521 2262 in
538 2215 675 2276 annum,
701 2211 801 2276 seque
812 2193 997 2276 juramento
1013 2191 1174 2276 astringit,
1193 2192 1279 2274 quod
1295 2191 1424 2277 erigere
1437 2213 1488 2259 no·

359 2305 483 2370 biscnm
499 2303 616 2368 debeat
631 2301 755 2382 Regale
772 2299 945 2383 vexillum,
971 2299 1053 2365 etin
1075 2300 1233 2385 passagio
1249 2299 1357 2366 Martii
1381 2302 1488 2367 nobis·

359 2431 431 2478 eum
447 2411 491 2478 ad
507 2410 673 2476 servitium
689 2407 821 2474 Domini
844 2405 1016 2492 proticisci,
1042 2426 1115 2473 cum
1130 2407 1262 2491 quantis
1281 2408 1405 2492 poterit
1421 2409 1485 2474 mil·

358 2519 443 2584 libus
461 2523 676 2604 armatorum
704 2527 736 2585 et
751 2521 813 2586 sub
837 2518 950 2586 eadem
966 2518 1181 2604 promissione
1197 2519 1373 2603 concludit,
1399 2517 1485 2603 quod

357 2645 429 2692 eam
454 2625 670 2692 reverentiam
700 2631 848 2712 prestare
871 2625 990 2692 debeat
1014 2627 1161 2693 Romano
1187 2624 1354 2708 Pontifici,
1388 2643 1484 2709 quam

356 2741 578 2800 antecessores
594 2735 655 2818 sui,
677 2733 895 2820 imperatores
912 2732 1091 2818 Catholici,
1109 2733 1400 2820 predecessoribus
1418 2735 1484 2801 suis

355 2840 564 2907 Pontificibus
581 2840 704 2927 pridem
715 2841 915 2927 impendisse
931 2848 1117 2926 noscuntur,
1138 2851 1171 2908 et
1181 2841 1364 2908 Ecclesiam
1375 2840 1485 2909 Orien·

355 2949 455 3014 talem
472 2948 515 3015 ad
531 2949 592 3016 hoc
608 2947 693 3016 idem
709 2969 768 3033 pro
785 2949 909 3016 viribus
925 2947 1093 3031 inclinare,
1116 2967 1156 3014 ao
1171 2951 1238 3015 toto
1251 2947 1318 3013 vite
1334 2965 1396 3014 sue
1410 2953 1485 3016 tem·

356 3076 435 3140 pore
451 3055 571 3123 milites
597 3055 792 3140 quingentos
817 3076 889 3124 cum
905 3055 1087 3140 sumptibus
1113 3056 1181 3122 suis
1198 3057 1231 3121 in
1255 3059 1345 3122 terra
1362 3056 1485 3124 Sancta

354 3162 531 3230 honorifice
546 3163 751 3249 provisurum
768 3164 811 3230 ad
827 3163 996 3231 servitium
1012 3162 1249 3250 Redemptoris.

357 3357 459 3426 [lligue
472 3377 498 3411 u.
511 3379 535 3413 o.
549 3363 586 3413 11.
599 3363 655 3414 kdt.
669 3364 729 3412 ²37.
748 3363 784 3425 l.;
803 3365 881 3416 Talei
894 3365 927 3418 G.
941 3365 972 3416 1..
986 3367 1018 3418 F.
1031 3361 1061 3416 ds
1074 3363 1191 3415 Thomas
1204 3363 1237 3416 G.
1250 3361 1305 3423 M·‚
1328 3360 1480 3412 Urkunden

354 3465 401 3504 eur
410 3451 649 3502 'tlteranandels
660 3453 969 3520 undStaatsgeschichts
979 3455 1026 3506 der
1035 3451 1309 3522 Republierenedig.
1321 3447 1392 3501 Bdcs
1406 3451 1481 3504 teuc.

783 3546 805 3594 1.
816 3544 871 3594 ket.
884 3546 945 3599 428.
958 3545 999 3596 sk.
1009 3541 1048 3611 ll.)

786 3829 1050 3845 m
