3164 5192
85 1127 157 1193 111.
174 1131 265 1193 Inoas
276 1127 577 1216 pdpdnukhalldja,
595 1126 738 1213 malplpel
746 1087 963 1193 Joonaitt'uao
974 1128 1122 1215 bolydrolt
1138 1127 1223 1193 aral·

233 1234 415 1322 koddy'daole
430 1234 667 1299 kororsdzdadro
682 1235 770 1299 indat
785 1235 968 1301 intdzlecdik.
992 1238 1092 1302 1204.

214 1429 420 1499 Innocentius
444 1429 628 1518 Episcopus
653 1439 712 1498 etc.
744 1429 920 1498 karissimo
944 1431 976 1497 in
1002 1430 1131 1500 Christo
1157 1432 1223 1499 filio

86 1539 308 1625 Calojoanni,
340 1537 462 1604 illustri
492 1537 707 1621 Balgarorum
739 1546 771 1605 et
795 1537 989 1606 Blaohorum
1012 1541 1113 1625 Regi,
1139 1541 1222 1624 ejus·

89 1667 161 1733 que
178 1647 320 1733 posteris
336 1653 369 1712 et
383 1653 451 1712 tam
467 1645 502 1712 in
518 1647 642 1732 Regno,
666 1667 764 1732 quam
789 1647 822 1712 in
839 1645 1011 1714 devotione
1028 1647 1122 1714 Sedis
1138 1649 1224 1733 Apo-

89 1755 234 1823 stolicae
262 1753 482 1838 successuris,
508 1753 542 1820 in
566 1761 759 1843 perpetuum
775 1755 913 1821 salutem
928 1756 991 1822 stb.
1014 1757 1084 1822 Rex
1100 1757 1224 1840 Regum

89 1865 129 1925 et
153 1861 315 1928 Dominus
340 1860 595 1945 dominantium,
627 1864 727 1930 lesus
751 1860 918 1948 Christus,
945 1861 1147 1931 sacerdosin
1172 1881 1223 1928 ae·

90 1973 226 2034 ternum
251 1966 428 2034 secundum
460 1969 607 2035 ordinem
632 1968 888 2053 Melchisedech,
921 1969 973 2036 oui
996 1969 1086 2038 dedit
1116 1970 1225 2038 omnia

91 2079 197 2142 Pater
212 2074 245 2140 in
271 2095 388 2159 manu,
416 2075 553 2160 pedibus
569 2076 640 2161 ojus
665 2077 843 2162 subjiciens
869 2077 1039 2162 universa,
1065 2079 1159 2164 eujus
1175 2083 1225 2143 est

92 2193 186 2251 terra
211 2191 243 2249 et
268 2181 435 2269 plenitudo
461 2185 531 2270 ejus
542 2235 551 2268 ,
586 2185 674 2253 orbis
699 2191 859 2252 tenorum
883 2191 916 2252 et
941 2205 1053 2254 omnes
1078 2184 1223 2253 habitan·

92 2299 146 2359 tes
162 2290 196 2356 in
212 2310 270 2375 eo,
296 2291 360 2378 imo
377 2291 430 2357 eui
455 2291 593 2359 flectitur
617 2313 711 2360 omne
735 2311 820 2378 genu
837 2293 1043 2377 coelestium,
1067 2292 1224 2360 terrestri-

93 2421 172 2481 um,
200 2403 233 2464 et
250 2399 448 2466 infernorum
458 2449 466 2482 ,
484 2419 643 2466 summum
665 2400 875 2485 Apostolioae
898 2399 992 2467 Sedis
1009 2407 1041 2466 et
1057 2398 1227 2466 Ecclesiae

94 2509 267 2575 Romanae
283 2507 493 2591 Pontificem,
519 2528 615 2594 quem
631 2508 664 2574 iu
680 2509 783 2576 Beato
799 2511 896 2577 Petro
917 2509 980 2575 sibi
997 2508 1164 2575 Vicarium
1180 2529 1226 2575 or·

95 2615 233 2699 dinavit,
250 2623 473 2703 supergeutes
483 2617 641 2702 etRegna
652 2616 828 2701 constitnit,
845 2615 1018 2702 evellendi,
1029 2615 1227 2699 destruendi,

94 2721 319 2810 disperdendi,
337 2729 370 2789 et
385 2721 577 2809 dissipandi,
596 2729 628 2788 et
644 2721 849 2807 aedificandi,
874 2729 906 2790 et
916 2723 1087 2810 plantandi
1107 2724 1137 2791 ei
1156 2744 1227 2791 con-

96 2831 209 2897 ferens
225 2835 440 2917 potestatem,
467 2831 604 2916 loquens
620 2831 752 2898 adeum
768 2832 801 2898 in
817 2832 1001 2918 Propheta,
1029 2831 1084 2916 qui
1100 2831 1161 2898 suit
1186 2833 1228 2900 de

96 2937 326 3006 sacerdotibus
344 2938 487 3006 Anatoth
504 2963 512 3002 ε
532 2937 636 3022 ,Ecce
653 2937 804 3005 constitui
820 2944 853 3004 te
869 2957 968 3024 super
992 2945 1106 3023 gentes
1123 2944 1155 3004 et
1170 2941 1228 3005 Re-

95 3067 175 3133 gna,
191 3053 227 3112 ut
242 3045 366 3112 evellas
382 3050 415 3112 ct
429 3045 590 3129 destruas,
608 3051 640 3110 et
656 3044 841 3131 disperdas,
851 3050 884 3110 et
899 3044 1052 3132 dissipes,
1069 3053 1101 3111 et
1117 3045 1227 3112 aedifi-

97 3173 154 3220 ces
171 3151 364 3238 etplantes“
383 3149 464 3238 (Jer.
476 3151 529 3239 1.).
546 3152 590 3218 Ut
606 3157 714 3218 autem
729 3151 764 3217 id
774 3151 963 3237 expressius
980 3151 1226 3235 demonstraret,

96 3283 164 3329 non
179 3281 240 3348 per
256 3261 376 3344 alium,
404 3259 463 3326 sed
479 3259 708 3346 perseipsum,
726 3277 799 3324 oum
815 3279 875 3345 pro
892 3259 1075 3326 hominihus
1096 3278 1228 3324 earnem

97 3369 336 3455 assumpsisset
360 3370 554 3453 humanam,
582 3375 614 3434 ct
629 3369 884 3436 calceamentum
910 3387 1003 3436 sunm
1029 3368 1230 3436 extendisset

97 3479 132 3544 in
150 3477 353 3560 Idumaeam,
370 3483 405 3542 ut
423 3477 453 3542 ei
469 3476 631 3562 allophyli
646 3475 872 3562 subderentur,
894 3483 926 3542 et
942 3497 1021 3546 oves
1038 3497 1125 3562 suas,
1145 3497 1229 3560 quae

100 3585 142 3652 de
160 3585 222 3652 hoc
238 3584 316 3650 ovili
331 3603 396 3652 non
407 3589 510 3666 erant,
528 3582 715 3668 adduceret,
733 3581 866 3649 ctfieret
880 3603 978 3650 unum
989 3583 1075 3650 ovile
1091 3589 1124 3650 ct
1144 3603 1227 3650 unos

99 3699 224 3779 pastor,
241 3693 275 3758 in
291 3712 336 3777 se,
354 3692 409 3776 qui
425 3696 590 3776 estsuper
606 3690 815 3758 omniaDeus
832 3691 1021 3759 benedictus
1037 3692 1228 3777 insaecula,

98 3798 296 3867 universalis
312 3797 482 3864 Ecclesiae
498 3795 607 3882 posuit
623 3796 886 3881 fundamentum,
909 3799 1044 3883 ejusque
1058 3797 1229 3885 Apostolo-

98 3929 172 3974 rum
189 3905 335 3991 Principi
350 3905 446 3972 Petro
463 3903 686 3990 magisterium
703 3903 838 3971 contulit
853 3913 886 3970 et
901 3906 1091 3991 Primatum,
1117 3906 1228 3972 dicens

99 4016 142 4082 ad
159 4035 253 4082 eoru:
274 4015 343 4100 ,Tu
360 4033 396 4079 es
412 4013 539 4098 Petrus,
567 4018 600 4079 et
616 4032 714 4099 super
728 4013 813 4079 hano
828 4017 956 4099 petram
976 4013 1156 4083 aedificabo
1173 4015 1228 4079 hlo-

99 4122 237 4190 clesiam
262 4141 387 4204 meam,
416 4125 449 4186 et
464 4125 580 4206 portae
601 4119 697 4187 inseri
722 4141 787 4188 non
810 4120 1048 4206 praevalebunt
1071 4119 1229 4187 adversus

99 4250 184 4312 eam,
201 4233 235 4294 et
249 4227 309 4294 tihi
321 4227 407 4296 dabo
417 4227 528 4295 claves
541 4227 647 4312 Regni
659 4229 843 4295 coelorum“
860 4224 988 4311 (Matth.
999 4223 1146 4312 xuni).
1164 4226 1229 4292 Ubi

99 4339 200 4404 etiam
216 4343 452 4422 consequenter
468 4336 608 4423 adjecit:
629 4335 872 4420 ,Quodcunque
888 4333 1045 4419 ligaveris
1055 4352 1154 4418 super
1168 4339 1229 4399 ter·

100 4465 172 4512 ram
181 4496 191 4530 ‚
210 4445 423 4530 eritligatnm
439 4447 520 4512 etin
537 4445 657 4530 ooclis;
685 4449 717 4510 et
731 4443 948 4526 quodeunque
971 4441 1109 4510 solveris
1132 4461 1230 4528 super

100 4561 234 4639 terram,
252 4555 314 4622 erit
329 4557 514 4622 solutumst
529 4555 563 4620 in
580 4555 700 4623 coelis“
720 4550 840 4640 (ibid).
856 4555 937 4620 Post
952 4553 1138 4638 passionem
1153 4569 1229 4636 quo·

102 4679 166 4750 que
182 4679 286 4750 suam,
304 4681 501 4734 ascensurus
517 4661 551 4727 in
567 4661 703 4748 coelum,
721 4659 806 4730 ovile
823 4677 927 4746 suum,
954 4659 1106 4728 videlicet
1122 4659 1230 4726 llcole·
1328 4722 1336 4730 .
