3218 5192
685 951 741 1022 ll).

145 1151 211 1218 III.
227 1149 357 1218 stodor
367 1153 459 1236 papa
470 1149 640 1234 capolatoi
655 1149 871 1216 tractatamo'l
885 1109 1049 1238 tudorttja,
1063 1150 1173 1240 boppo
1193 1151 1279 1218 bozra

147 1263 179 1326 da
195 1283 217 1324 a
223 1258 344 1346 jddrui
363 1256 450 1322 &sak
464 1256 534 1320 tuat
544 1256 720 1322 kalctkazett
730 1257 992 1345 epymedervatpak
1007 1258 1179 1324 aliatdadse't
1195 1259 1277 1345 Ruj-

389 1365 487 1429 mund
499 1366 605 1450 pupas·
619 1363 813 1430 aldidkonra
829 1366 922 1430 dista.
946 1367 1044 1430 1177.

257 1559 444 1628 Alexander
460 1560 640 1648 Episcopus
668 1581 781 1629 servus
807 1581 972 1628 servorum
988 1562 1070 1646 Dei,
1096 1561 1276 1628 venerabili

146 1672 245 1739 fratri
270 1670 457 1757 spalatensi
482 1671 759 1760 Arohiepiscopo,
785 1673 995 1758 Apostolicae
1023 1671 1117 1738 Sedis
1142 1673 1277 1754 Legato,

146 1783 288 1848 salutem
305 1787 338 1846 et
353 1777 577 1864 Apostolieam
596 1778 865 1846 benedictionem.
890 1780 971 1846 Cum
991 1780 1076 1845 inter
1092 1785 1123 1844 te
1140 1787 1172 1846 et
1188 1797 1281 1845 vene·

145 1887 288 1954 rabilem
318 1885 452 1952 fratrem
477 1891 623 1952 nostrum
648 1884 843 1953 Jadrensem
867 1885 1155 1972 Archiepiscopum
1182 1903 1280 1970 snper

145 1980 351 2080 Episcopatu
367 1991 409 2058 de
424 1994 512 2058 Fara
529 1993 751 2060 controversia
771 1982 924 2077 agitetur,
948 2013 1098 2060 caussam
1114 1992 1221 2078 ipsam
1237 1991 1281 2057 di·

146 2101 233 2168 lecto
249 2101 317 2166 filio
333 2098 525 2184 Raymundo
550 2099 590 2166 de
607 2098 745 2185 Capella
760 2098 968 2168 Subdiacono
990 2108 1111 2184 poetro,
1136 2119 1231 2186 quem
1247 2099 1281 2164 in

146 2207 359 2276 sclavoniam
382 2207 542 2291 Legatum
557 2207 770 2293 Apostolioae
792 2207 888 2273 Sedis
914 2207 1103 2290 dirigimus,
1130 2206 1281 2274 duximus

147 2313 425 2381 committendam.
443 2315 528 2396 Quia
543 2336 616 2381 cum
632 2316 674 2382 sit
684 2315 858 2398 litteratus,
878 2314 1045 2400 providus,
1061 2334 1100 2380 ac
1113 2312 1279 2398 discretus,

146 2442 331 2509 speramns,
349 2422 436 2507 quod
448 2423 563 2490 eadem
581 2443 682 2491 causa
698 2425 758 2491 sub
769 2425 920 2502 examine
935 2442 993 2490 suo
1012 2423 1146 2507 dignum
1162 2420 1280 2489 debeat

147 2531 299 2598 effectum
310 2529 429 2596 sortiri.
442 2530 636 2598 Mandamus
647 2533 758 2615 itaque
770 2531 966 2598 fraternitati
977 2537 1063 2615 tuae,
1080 2538 1178 2615 atque
1187 2550 1280 2616 prac-

146 2641 309 2726 cipimus,
336 2645 497 2724 quatenus
514 2637 572 2728 (si)
590 2640 765 2706 abeodem
790 2640 1000 2706 subministro
1019 2647 1129 2707 nostro
1145 2646 1279 2726 propter

148 2749 214 2814 boc
235 2755 370 2815 vocatus
396 2747 507 2832 fucris,
533 2756 649 2834 perte,
666 2749 717 2814 vel
740 2768 800 2835 per
823 2748 1036 2815 sufficientem
1059 2749 1282 2834 responsalem

146 2855 223 2939 ejus
239 2855 460 2942 praesentiam
474 2855 596 2940 adeas;
614 2865 648 2922 et
660 2856 746 2940 quod
763 2858 833 2942 ipse
849 2857 925 2923 inde
938 2859 1098 2942 statuerit,
1115 2857 1277 2943 suscipias

146 2964 285 3030 firmiter
300 2971 332 3030 et
347 2964 511 3032 observes.
528 2965 562 3032 Si
574 2984 653 3032 vero
665 2968 823 3032 alterutra
839 2986 918 3052 pars
928 2966 1155 3054 appellaverit,
1172 2965 1278 3033 eidam

146 3069 357 3139 Subdiacono
385 3070 533 3137 dedimus
553 3072 587 3137 in
603 3072 786 3157 mandatis,
812 3081 847 3139 ut
864 3075 935 3159 ipse
952 3074 1161 3141 nihilominus
1184 3072 1278 3139 ratio-

146 3197 210 3246 nes
227 3184 260 3243 et
274 3179 490 3261 allegationes
514 3179 590 3246 binc
605 3179 682 3246 inde
698 3180 875 3264 diligenter
889 3179 1021 3263 audiat,
1047 3185 1147 3248 testes
1171 3177 1281 3265 appel-

145 3285 270 3353 latione
286 3293 436 3352 cessante
462 3287 618 3374 recipiat,
645 3287 832 3356 eorumdem
851 3289 1034 3372 juratorum
1059 3287 1280 3374 depositiones

146 3397 296 3465 studiose
313 3398 516 3483 conscribat,
543 3405 641 3483 atquc
657 3398 751 3466 nobis
767 3398 975 3482 transmittat,
1001 3397 1185 3483 praefigens
1204 3397 1278 3463 utri·

149 3525 215 3589 que
238 3507 328 3592 parti
353 3507 524 3572 terminum
552 3515 808 3593 competentem,
840 3527 903 3590 quo
928 3506 1069 3575 debeant
1100 3525 1172 3572 cum
1198 3505 1279 3592 ipsis

147 3613 416 3680 attestationibus
426 3621 459 3680 et
475 3613 729 3698 allegationibus
741 3612 929 3700 Apostolieo
947 3633 982 3679 se
992 3614 1178 3700 conspectui
1188 3633 1279 3700 prae-

148 3731 291 3790 sentare.
315 3725 417 3790 Porro
434 3725 463 3789 si
478 3724 637 3790 alterutra
652 3725 793 3810 partium
809 3743 845 3790 se
861 3722 1091 3808 absentaverit,
1107 3723 1279 3805 quominus

148 3830 195 3898 ad
218 3831 439 3922 praesentiam
463 3829 567 3916 ipsius
583 3831 782 3910 Subdiaeoni
807 3831 910 3898 nostri
934 3831 1079 3914 accedat,
1106 3831 1159 3896 vel
1175 3829 1278 3913 requi·

147 3939 215 4006 sita
230 3940 341 4006 valeat
354 3938 512 4024 inveniri,
534 3938 638 4005 cidem
648 3937 854 4006 subdiacono
865 3943 976 4005 nostro
986 3937 1136 4004 dedimus
1145 3937 1180 4002 in
1191 3957 1278 4002 man·

147 4047 257 4132 datis,
285 4053 319 4112 ut
334 4045 667 4116 nihilominus.testes
683 4045 817 4112 alterius
839 4044 944 4134 partis
965 4043 1188 4133 appellatione
1211 4063 1278 4110 ces·

146 4161 243 4224 sante
258 4155 406 4242 recipiat,
430 4161 463 4222 et
479 4175 589 4223 eorum
605 4153 827 4243 depositiones
846 4152 1056 4220 transmittat.
1081 4151 1202 4218 Datum
1218 4151 1278 4218 Ve-

147 4262 247 4334 netiis
263 4262 299 4330 in
312 4261 465 4332 Rivoalto
481 4263 542 4331 XI.
557 4261 720 4332 kalendas
737 4260 946 4352 Septembris.
1078 4265 1082 4272 '

392 4459 506 4530 Parieti,
519 4461 658 4534 Illyricum
672 4459 785 4518 sacrum
797 4460 849 4516 111.
863 4459 920 4516 kat
935 4455 999 4516 1⁰0.
1008 4457 1039 4530 l.)

581 4693 684 4717 unp-..-
714 4703 758 4710 ·-·-
772 4703 844 4712 -m--u
