3164 5192
877 829 953 898 loo.
1023 919 1030 938 ,

385 1032 447 1100 ΙΙΙ.
463 1031 553 1100 lacae
563 1030 723 1119 pdpdaok
739 1028 831 1096 leode
841 1029 1084 1118 upyunaaokboz
1100 1049 1287 1116 appanowa
1297 1024 1424 1113 ttpybea.

859 1140 956 1203 1203.

447 1338 654 1404 Innocentius
670 1335 854 1424 Episcopus
871 1341 931 1402 etc.
958 1333 1038 1401 Cum
1055 1334 1130 1400 olim
1145 1340 1191 1419 tu,
1212 1333 1312 1398 frater
1327 1333 1468 1398 Suessio-

340 1443 460 1528 nensis,
478 1449 510 1509 et
526 1443 666 1510 dilectus
682 1444 768 1510 tilius
785 1443 943 1528 magister
953 1439 1127 1528 J(oannee)
1139 1437 1379 1522 Noviomensis,
1400 1457 1468 1503 eum

340 1549 535 1635 quibusdam
552 1549 627 1618 aliis
641 1571 682 1616 ex
694 1559 787 1636 parte
805 1551 1111 1636 crucesignatorum,
1126 1548 1169 1614 ad
1181 1546 1300 1614 Sedena
1310 1545 1468 1630 Apostoli·

340 1678 412 1726 cam
431 1659 624 1744 venissetis,
645 1679 742 1742 quam
759 1657 910 1725 difficiles
927 1659 960 1723 in
977 1665 1086 1724 vestra
1104 1655 1290 1742 receptione
1306 1653 1470 1736 fuerimus,

341 1773 373 1834 et
387 1789 488 1852 quam
505 1768 642 1836 moleste
660 1769 847 1852 tulerimus,
873 1768 960 1852 qnod
976 1766 1064 1854 apud
1079 1766 1236 1834 Jaderam
1251 1765 1414 1832 exercitus
1432 1770 1472 1830 at-

341 1883 531 1963 temptarat,
542 1883 575 1942 te
586 1876 745 1943 credimus
757 1876 954 1943 meminisse.
971 1876 1055 1954 Quia
1065 1876 1151 1942 enim
1163 1871 1473 1959 connaprobibitio·

341 2004 415 2051 nem
432 1983 643 2072 Apostolicae
659 1984 752 2051 Sedis
767 1984 877 2051 venire
894 1990 1193 2070 praesumpserant,
1218 2000 1302 2066 qnae
1319 1999 1471 2066 persnas

340 2094 467 2161 litteras
483 2091 669 2176 nuntiarat,
695 2111 808 2158 omnes
825 2093 899 2160 illos
924 2089 1263 2160 excommunicationis
1279 2089 1412 2156 vinculo
1428 2089 1471 2154 in-

342 2203 491 2286 nodatos,
509 2207 542 2266 et
556 2199 790 2284 indulgentiae,
808 2221 905 2284 quam
916 2199 1107 2286 Apostolica
1116 2198 1218 2266 Sedes
1236 2195 1471 2283 crucesignatis

343 2308 488 2392 indulsit,
505 2308 673 2394 immunes,
699 2307 755 2393 qni
769 2313 875 2374 terras
893 2305 1149 2375 Christianorum
1168 2305 1323 2372 invadere
1339 2305 1395 2370 vel
1410 2305 1472 2370 lae

343 2417 419 2484 dere
435 2422 643 2501 attentarent,
667 2415 732 2482 nisi
749 2416 800 2482 vel
817 2416 881 2501 ipsi
897 2436 1006 2483 eorum
1025 2416 1085 2482 iter
1100 2417 1247 2500 nequiter
1262 2413 1471 2500 impedirent,

341 2525 394 2592 vel
411 2524 477 2590 alia
488 2525 581 2608 justa
597 2523 649 2591 vel
665 2524 853 2591 necessaria
876 2544 977 2591 causa
993 2523 1105 2592 forsan
1120 2532 1313 2608 occurreret,
1335 2530 1471 2608 propter

342 2655 439 2720 quam
457 2631 547 2698 aliud
562 2652 680 2718 agere,
708 2631 884 2698 accedente
911 2632 1046 2700 consilio
1063 2631 1274 2719 Apostolicae
1300 2629 1399 2696 Sedis
1415 2631 1471 2696 Le-

343 2744 424 2830 gati,
440 2743 597 2828 valerent,
616 2741 958 2809 excommunicationis
969 2742 1162 2809 sententiam
1179 2743 1382 2807 incurrerant
1398 2739 1471 2824 ipso

343 2850 440 2938 facto,
457 2871 581 2935 nosque
592 2852 797 2939 postmodum
809 2853 1046 2919 absolutionem
1065 2851 1156 2918 illam
1171 2849 1392 2917 nuntiavimus
1405 2849 1471 2914 nul·

343 2959 409 3026 lam
426 2980 499 3028 esse
509 3011 518 3044 ,
545 2979 642 3043 quam
660 2959 790 3026 anobis
807 2979 843 3026 se
860 2959 1027 3045 accepisse
1043 2958 1228 3042 credebant,
1256 2977 1330 3024 cnm
1345 2963 1472 3023 senten-

343 3068 424 3135 tiam
434 3069 644 3155 Apostolicae
658 3069 752 3138 Sedis
769 3076 900 3161 praeter
916 3069 1140 3135 auctoritatem
1156 3067 1259 3156 ipsius
1275 3066 1384 3132 nullus
1400 3085 1471 3152 pos-

345 3173 388 3242 sit
402 3174 533 3262 penitns
549 3177 711 3243 relaxare.
728 3177 882 3244 Volentes
899 3183 1007 3242 autem
1029 3176 1077 3242 eis
1093 3173 1238 3259 inhujus
1263 3173 1471 3241 necessitatis

343 3283 480 3351 articulo
495 3282 678 3368 subvenire,
696 3282 813 3350 dilecto
829 3285 895 3350 filio
913 3290 1023 3351 nostro
1033 3281 1160 3372 P(etro)
1170 3282 1256 3350 tituli
1265 3282 1377 3349 Sancti
1386 3283 1470 3346 blar-

346 3391 422 3460 celli
436 3389 631 3477 Presbytero
643 3389 820 3477 Cardinall,
839 3386 1050 3478 Apostolicae
1065 3393 1159 3459 Sedis
1169 3391 1302 3476 Legata,
1320 3390 1471 3457 dedimus

346 3500 380 3566 in
397 3497 579 3584 mandatis,
607 3505 642 3566 ut
664 3519 723 3585 per
747 3519 783 3566 se
797 3501 850 3568 vel
867 3501 968 3568 alium
992 3499 1095 3567 virum
1120 3500 1312 3584 (decretum,
1338 3503 1471 3583 recepta

339 3605 502 3692 juratoria
518 3607 668 3675 cautione
681 3609 723 3675 ab
740 3607 802 3693 his,
819 3607 1033 3692 quinondum
1044 3609 1236 3693 iuraverant
1246 3606 1366 3674 nostris
1381 3613 1471 3672 stare

345 3709 532 3796 mandatis,
558 3718 591 3779 et
607 3714 812 3782 confessione
828 3716 975 3800 illorum,
1001 3718 1056 3801 qui
1068 3716 1220 3800 jurarant
1235 3713 1358 3797 audita,
1385 3711 1471 3798 qnod

347 3826 614 3904 recognoscerent
639 3823 764 3890 scilicet
789 3842 824 3890 se
846 3823 956 3890 taliter
974 3823 1159 3908 juravisse,
1184 3821 1400 3890 absolutionis
1423 3819 1471 3886 eis

344 3927 535 3996 beneficium
551 3929 729 3998 exhiberet.
756 3933 845 3998 Inter
861 3941 991 4000 caetera
1006 3953 1093 4018 vero,
1122 3951 1206 4017 quae
1222 3930 1282 3997 sub
1300 3929 1410 3997 debito
1421 3930 1470 4015 ju·

344 4035 484 4104 ramenti
501 4037 648 4104 mandati
674 4035 894 4126 praecipimus
910 4040 1088 4124 absolutis,
1113 4039 1175 4106 hoc
1192 4057 1252 4106 nos
1268 4038 1470 4106 meminimus

345 4143 568 4231 expressisse,
595 4152 639 4231 ut,
666 4147 706 4214 de
733 4154 899 4216 caeterea
919 4149 1078 4216 similibus
1103 4148 1233 4235 penitus
1258 4148 1470 4233 abstinentes,

344 4261 450 4322 terras
468 4253 744 4342 Christianorum,
774 4255 837 4324 nisi
854 4277 896 4324 ex
911 4257 1087 4345 praedictis
1111 4257 1220 4324 causis
1235 4261 1268 4324 et
1283 4258 1344 4323 snb
1364 4256 1471 4325 eondi-

345 4361 434 4431 tionc
450 4363 642 4449 praemissa,
667 4364 822 4431 invadere
845 4365 898 4432 vel
914 4366 1046 4434 laedere
1063 4387 1126 4435 non
1144 4365 1309 4432 auderent.
1325 4365 1469 4434 Postmo-

345 4469 421 4537 dum
437 4491 526 4556 vero,
543 4490 615 4537 cum
631 4470 773 4539 Comites
789 4479 822 4539 et
837 4473 984 4542 Berones
1000 4496 1058 4561 per
1075 4495 1153 4542 suas
1169 4475 1262 4543 nobis
1283 4475 1409 4541 litteras
1425 4476 1469 4542 in·

343 4578 524 4668 timassent,
542 4579 627 4666 quod
641 4579 735 4668 juxta
750 4581 942 4652 mandatum
954 4591 1098 4658 nostrum
1110 4589 1323 4658 absolutionis
1340 4591 1468 4658 fuerant
