3164 5192
571 337 724 438 Q

85 530 185 599 sisset
201 532 396 617 hurnanam‚
423 539 455 600 et
470 535 726 601 calceamentum
751 556 845 601 suum
870 538 1070 607 extendisset
1093 539 1126 605 in
1143 539 1214 606 ldu-

85 661 236 725 maeam,
261 646 298 706 ut
313 642 343 707 ei
360 641 521 726 allophyli
545 642 778 726 subderentur,
805 651 838 710 et
854 665 932 711 oves
949 666 1045 732 suas,
1072 667 1156 731 quae
1175 649 1215 713 de

87 750 147 815 lroe
165 750 246 816 ovili
270 770 333 816 non
350 757 453 833 erant,
471 749 665 834 adduceret,
692 757 725 817 et
740 755 832 819 lieret
857 773 954 821 unum
975 755 1059 822 ovile
1084 762 1116 823 et
1132 776 1214 823 uuus

84 863 208 942 pastor,
225 858 259 923 in
275 878 321 941 se,
339 858 394 943 qui
410 864 460 924 est
476 877 575 944 super
591 859 700 925 omnia
710 861 800 927 Deus
815 861 1004 929 benedictus
1020 865 1053 930 in
1070 867 1213 948 saecula,

85 963 282 1032 universalis
299 965 467 1033 Ecclesiae
484 967 595 1052 posuit
610 965 865 1052 fundamentum,
893 971 1027 1054 ejusque
1043 973 1214 1057 Apostolo-

85 1093 158 1139 rum
175 1073 321 1159 Principi
336 1074 432 1141 Petro
449 1074 673 1159 magisterium
688 1075 823 1140 contulit
838 1085 871 1143 et
887 1077 1084 1162 Primatum,
1102 1079 1214 1145 dicens

83 1181 238 1248 adeum:
259 1183 329 1268 „Tu
345 1202 380 1248 es
397 1185 526 1267 Petrus,
551 1191 584 1250 et
600 1183 799 1269 superbene
815 1192 942 1269 petram
962 1185 1141 1254 aedificabo
1158 1187 1215 1253 Ec-

83 1287 221 1355 clesiam
248 1309 373 1373 meam,
400 1296 432 1355 et
456 1295 570 1375 portae
595 1290 690 1355 inferi
715 1311 779 1357 non
795 1293 1031 1376 praevalebunt
1056 1293 1213 1360 adversus

82 1417 167 1481 eam,
187 1403 220 1461 et
235 1395 295 1462 tibi
311 1396 398 1463 dabo
414 1398 526 1463 claves
540 1397 646 1482 Regni
662 1399 845 1465 coelorum“
859 1400 989 1488 (blattb.
1000 1401 1132 1489 XVIII.)
1151 1402 1213 1468 Ubi

82 1505 184 1570 etiam
197 1511 435 1589 consequenter
451 1505 591 1590 adjecit:
615 1506 858 1591 „Quodcunque
875 1509 1029 1592 ligaveris
1040 1527 1138 1594 super
1153 1515 1214 1576 ter-

81 1631 174 1695 ram,
203 1613 266 1687 erit
281 1611 418 1696 ligatum
435 1613 517 1680 etin
535 1613 655 1698 coelis;
682 1621 714 1680 et
729 1613 944 1699 quodcunque
962 1615 1099 1682 solveris
1116 1635 1214 1702 super

81 1727 214 1804 terram,
233 1721 294 1786 erit
310 1721 449 1786 solutum
465 1727 498 1786 et
513 1720 546 1786 in
562 1721 683 1788 coelis“
701 1719 810 1809 (ibid.)
835 1725 915 1789 Post
934 1724 1122 1808 passionem
1139 1743 1214 1808 quo-

82 1845 147 1910 que
167 1847 273 1914 suam,
291 1847 486 1896 ascensurus
502 1829 535 1894 in
551 1829 686 1913 coelum,
708 1829 793 1896 ovile
809 1847 913 1914 suum,
938 1831 1090 1898 videlicet
1104 1832 1214 1898 Eccle-

81 1935 191 2018 siam,
218 1934 249 1999 ei
273 1936 476 2003 eomndtteus
501 1944 533 2002 et
549 1936 781 2002 commendans
806 1937 840 2001 in
856 1938 1027 2023 omnibus,
1055 1938 1137 2004 dixit
1163 1940 1212 2004 ei:

85 2047 214 2128 „Pasce
239 2063 318 2111 oves
343 2045 453 2111 meas“
478 2041 590 2130 (loan.
606 2045 725 2133 xiil),
751 2046 910 2114 vocabulo
935 2047 1031 2114 tertio
1056 2046 1212 2132 repetito;

82 2173 142 2238 per
158 2152 221 2220 boe
237 2159 385 2240 patenter
401 2153 585 2238 ostendens,
612 2153 700 2238 quod
715 2155 759 2221 ad
776 2156 847 2239 eJus
863 2155 949 2222 ovile
971 2177 1035 2223 non
1051 2156 1214 2242 pertinent

82 2281 163 2326 oves
181 2260 279 2345 illae,
306 2281 390 2347 quae
407 2281 442 2328 se
468 2261 659 2330 commissas
676 2271 709 2328 et
724 2263 889 2348 subjectas
906 2283 978 2330 esse
999 2263 1100 2331 Beato
1117 2267 1213 2330 Petro
1256 2343 1259 2350 Ι

83 2368 320 2436 contumaciter
337 2371 547 2454 denegarent,
572 2378 604 2436 et
619 2371 689 2454 ejus
704 2371 867 2438 noluerint
883 2369 1002 2437 erudiri
1018 2370 1165 2440 doctriua
1181 2379 1213 2440 et

82 2475 277 2562 magisterio
294 2477 475 2564 subjacere.
501 2478 670 2560 Siquidem
686 2478 836 2545 Ecclesia
852 2485 901 2544 est
917 2479 975 2545 illa
992 2499 1078 2565 arca,
1099 2481 1213 2566 inqua

81 2603 212 2670 paucae
229 2585 357 2652 animae
373 2588 584 2672 pereuntibus
601 2587 738 2654 caeteris
753 2587 787 2652 in
804 2587 937 2672 diluvio,
962 2595 1037 2655 sunt
1052 2587 1211 2658 salvatae.

81 2693 189 2777 Unde,
207 2693 291 2760 sicut
306 2713 428 2778 omnes,
456 2713 537 2779 quos
555 2713 632 2760 arca
648 2714 713 2762 non
730 2695 826 2780 cepit,
850 2695 884 2761 in
898 2695 1020 2764 diluvio
1037 2697 1210 2782 perierunt,

80 2803 129 2870 sic
144 2821 270 2888 omnes,
288 2804 343 2888 qui
359 2811 453 2871 extra
462 2803 642 2871 Ecclesiam
659 2803 781 2870 inventi
797 2803 927 2888 fuerint,
939 2805 973 2871 in
987 2806 1110 2891 judicio
1125 2807 1212 2873 dam·
1322 2867 1326 2874 .

81 2913 258 2978 nubuntur.
274 2915 361 2978 Arca
377 2912 461 2978 euim
477 2913 671 2997 Ecclesiam,
688 2913 906 2998 cataclysmus
918 2913 1088 3012 judicium,
1105 2922 1138 2980 et
1156 2935 1211 2999 pa·

78 3028 206 3087 storem
227 3021 394 3086 Ecclesiae
413 3019 543 3086 Petrum
567 3020 638 3088 Noe
652 3028 758 3088 rector
778 3041 875 3087 arcae
895 3022 1045 3106 figurant.
1063 3021 1124 3086 Ille
1139 3041 1211 3087 cum

79 3129 224 3196 Domino
234 3129 354 3212 legitur
369 3127 576 3204 ambulasse;
596 3129 648 3195 hic
658 3135 766 3194 autem
777 3147 875 3214 super
885 3128 990 3194 undas
1001 3129 1110 3213 maris,
1125 3128 1211 3212 quod

78 3238 168 3304 bunc
184 3236 338 3302 mundum
349 3236 523 3320 significat,
541 3237 583 3303 ad
596 3239 769 3305 Dominum
786 3236 940 3303 scribitur
955 3237 1153 3322 pervenisse.
1172 3237 1210 3302 In

78 3365 144 3428 quo
162 3343 263 3409 etiam
279 3362 436 3429 expresse
451 3349 590 3429 notatur,
608 3345 696 3430 quod
705 3345 803 3412 Petro
819 3365 883 3411 non
897 3343 1084 3429 specialiter
1099 3343 1209 3428 aliqua

77 3451 238 3538 specialis
255 3451 424 3536 Ecclesia,
449 3453 508 3519 sed
523 3459 610 3520 totus
627 3453 765 3521 muudus
782 3453 973 3520 commissus
989 3451 1086 3519 suerit
1101 3459 1134 3519 et
1151 3455 1209 3518 Ec-

78 3560 186 3626 clesia
202 3561 375 3644 generalis.
401 3560 498 3644 Nam,
515 3562 598 3628 siout
614 3581 720 3646 aquae
736 3563 857 3628 multae
885 3569 960 3627 sunt
976 3561 1089 3647 populi
1105 3561 1207 3644 multi,

77 3670 127 3734 sic
144 3686 236 3733 mare
251 3675 450 3753 magnumst
466 3671 647 3755 spatiosum
663 3670 816 3736 muudum
828 3669 991 3754 significat
1010 3671 1206 3737 universum.

78 3775 186 3860 Unde,
202 3777 329 3843 vocatis
340 3777 478 3842 caeteris
488 3778 522 3842 iu
538 3783 664 3862 partem
675 3777 915 3861 sollicitudinis,
933 3779 1017 3844 huuc
1030 3779 1208 3866 assumpsit

77 3883 240 3950 Dominus
257 3883 539 3969 implenitudinem
555 3884 739 3969 potestatis,
757 3903 829 3950 cum
845 3885 949 3968 inquit
965 3885 1008 3950 ad
1024 3903 1115 3950 cunr:
1138 3885 1206 3972 ,Tu

77 3991 251 4062 vocaberis
269 3991 409 4079 Oepbas,
426 3990 513 4076 quod
528 3993 643 4058 Petrus
659 3993 910 4078 interpretatur“
930 3989 1039 4078 (Joan.
1051 3990 1092 4078 l.)
1109 3999 1140 4056 ct
1156 4011 1207 4056 ca-

77 4109 148 4188 put,
165 4109 202 4167 ut
212 4102 344 4166 Petrum
355 4109 454 4186 caput
464 4099 632 4166 Ecclesiae
643 4100 891 4183 demonstraret,
905 4097 960 4181 qui
971 4097 1055 4162 sicut
1066 4117 1206 4180 unguen·

75 4220 166 4292 tum,
193 4209 281 4292 quod
296 4230 318 4274 a
333 4212 441 4296 capite
457 4209 568 4276 Aaron
591 4209 758 4275 descendit
773 4209 807 4273 in
831 4208 986 4288 barbam,
1013 4206 1046 4270 in
1063 4205 1206 4271 membra

77 4319 284 4402 diffunderet,
311 4327 344 4384 ut
360 4319 442 4384 nibil
457 4319 520 4384 sibi
538 4319 668 4404 penitus
685 4318 856 4403 deperiret,
880 4315 1033 4398 quoniam
1050 4315 1082 4379 in
1099 4313 1206 4400 capite

77 4431 167 4516 riget
183 4447 338 4494 sensuum
353 4427 533 4513 plenitudo,
551 4426 595 4493 ad
609 4427 756 4495 membra
771 4445 847 4492 vero
863 4443 941 4508 pars
965 4441 1075 4489 eorum
1096 4421 1207 4505 aliqua

77 4537 256 4605 derivatur.
277 4539 425 4622 Insuper,
443 4534 610 4619 quaerenti
620 4537 728 4618 Petro,
745 4533 774 4598 si
784 4532 910 4616 quoties
922 4535 1074 4616 peccaret
1088 4529 1206 4597 ineum

77 4646 178 4713 irater
195 4645 277 4728 ejus,
289 4643 466 4711 dimitteret
483 4643 512 4709 ei
524 4663 624 4726 usque
634 4644 766 4728 septies,
778 4640 936 4708 Dominus
946 4640 1064 4726 legitur
1075 4657 1205 4724 respon·
