3218 5192
866 345 930 415 122
989 417 992 426 ,

337 543 466 634 possint
490 547 612 616 babere
628 563 812 630 recursum,
839 561 1015 629 congruum
1031 541 1129 609 valde
1151 561 1191 610 ao
1206 541 1373 612 laudabile
1388 539 1459 610 lore

337 657 511 740 asseritur,
537 660 573 722 ut
588 673 777 739 quecunque
793 652 858 720 aiut
873 652 974 737 digna
997 652 1162 735 memoria,
1183 671 1224 718 ea
1239 650 1461 720 sollicitudine

336 769 368 828 et
384 764 513 830 cautela
537 761 720 850 privilegiis
737 765 947 844 annotentur;
974 759 1061 843 quod
1075 761 1280 846 presentibus
1299 757 1397 825 fidem
1412 755 1461 822 fa·

337 871 433 956 ciant,
450 878 484 938 et
498 893 557 958 pro
572 871 634 954 bis,
651 889 714 953 que
730 869 854 955 scripta
869 867 997 951 luerint,
1018 887 1145 936 ornnem
1161 867 1411 950 ambiguitatem
1427 871 1461 930 ct

335 1000 514 1046 errorema
539 978 690 1046 cordibus
716 977 918 1044 audientium
940 977 1039 1062 plane
1063 983 1261 1044 removeant.
1277 977 1461 1062 Eaproptar

337 1107 399 1172 ego
415 1088 583 1156 lohannes
599 1085 711 1152 Sancti
727 1084 858 1152 Domnii
874 1085 1019 1152 Sacrista
1043 1092 1077 1150 et
1091 1085 1283 1152 Procurator
1297 1085 1461 1150 Monastc-

336 1197 376 1262 rii
391 1197 503 1263 Sancti
519 1195 606 1260 Petri
632 1193 674 1259 de
690 1191 828 1276 Gomai,
854 1213 920 1258 una
937 1213 1009 1259 cum
1024 1193 1165 1259 Roberto
1189 1193 1334 1259 eiusdem
1349 1193 1460 1260 Mona-

335 1303 426 1370 sterii
441 1303 632 1388 Proposito,
658 1308 691 1369 et
706 1321 778 1368 cum
793 1301 947 1389 Juppano
972 1303 1138 1386 Telmeso,
1162 1307 1194 1367 et
1210 1321 1282 1368 eum
1297 1319 1461 1368 consensu

335 1410 478 1478 omnium
494 1410 628 1478 fratrum
653 1410 791 1496 predicti
806 1409 996 1476 Mouasterii
1006 1461 1014 1494 ,
1041 1409 1130 1476 etde
1144 1410 1310 1477 voluntate
1334 1409 1460 1474 uniuer-

334 1537 444 1585 sorum
459 1525 630 1604 parentnm
647 1519 707 1585 hoc
723 1517 910 1584 memoriale
927 1519 1069 1585 scribere
1088 1517 1232 1584 lecimus.
1256 1520 1392 1584 Factum
1409 1523 1460 1582 est

334 1628 368 1694 in
393 1625 618 1711 prenominato
642 1631 787 1711 tempore
813 1625 946 1710 quidam
961 1625 1081 1709 Seiani,
1107 1625 1280 1692 Adrianilri
1295 1625 1460 1704 videlicet,

335 1734 503 1800 Predanus
520 1735 645 1801 scilicet
661 1753 733 1800 curn
749 1735 940 1821 parentibus
959 1733 1028 1801 suis
1044 1733 1191 1818 Sclavis;
1209 1741 1240 1800 et
1255 1733 1388 1817 quidam
1399 1733 1460 1797 La-

334 1841 403 1924 tini,
429 1841 579 1908 videlieet
594 1842 739 1908 lacobus
764 1840 806 1907 dc
820 1841 950 1926 Aprizi,
976 1841 1031 1924 qni
1047 1839 1107 1907 fuit
1132 1861 1241 1909 eoram
1267 1840 1459 1922 advocatus,

335 1951 475 2018 Dabrati
492 1949 664 2034 Cascarus,
680 1949 853 2017 Prodanne
870 1950 910 2016 de
926 1949 1027 2034 (tiela,
1043 1952 1080 2016 P.
1097 1950 1227 2032 Saulus,
1252 1957 1284 2015 et
1300 1948 1460 2015 Nicolans

333 2059 374 2125 de
389 2060 462 2127 calo
478 2059 596 2143 launi,
622 2065 654 2124 et
670 2078 781 2126 omnes
801 2079 912 2125 eorum
929 2065 1100 2144 parentes,
1126 2060 1329 2142 insurgentes
1346 2059 1460 2125 adrer-

334 2186 390 2234 sus
407 2166 638 2233 monasterinm
654 2165 765 2232 Sancti
781 2166 869 2232 Petri
885 2165 926 2232 de
942 2165 1080 2250 Gomai,
1101 2173 1256 2254 ceperunt
1270 2171 1379 2252 petere
1395 2173 1457 2231 ter-

332 2295 387 2342 ras
405 2295 468 2358 que
484 2279 559 2342 sunt
574 2276 609 2341 in
625 2275 715 2360 loco,
742 2273 797 2358 qui
814 2272 929 2342 dicitur
945 2275 1083 2359 Stilpiza
1092 2325 1101 2359 ,
1128 2279 1310 2340 asserentes
1335 2274 1458 2357 utique,

332 2382 421 2467 quod
437 2383 661 2468 prenominata
675 2389 760 2450 terre
777 2382 900 2449 eisdem
915 2403 975 2468 pro
991 2402 1050 2449 suo
1061 2388 1236 2468 parentatu
1251 2383 1458 2469 pertinerent,

334 2497 366 2556 et
381 2491 577 2558 hereditario
593 2490 663 2556 iure
678 2492 768 2577 ipsas
785 2490 953 2576 possidere
972 2490 1134 2559 volebant.
1160 2490 1306 2556 Tandem
1321 2510 1396 2556 vero
1413 2489 1460 2554 ad

336 2599 491 2685 placitum
508 2597 707 2682 devenimus,
733 2605 766 2666 et
782 2599 814 2664 in
830 2599 998 2686 presentia
1013 2598 1135 2666 domini
1154 2599 1309 2684 Rayncrij
1325 2618 1458 2665 venerc-

332 2707 408 2772 bilis
425 2704 630 2792 Spalatensis
646 2703 910 2792 Ar'ahiepiscopi‚
937 2711 970 2770 et
985 2706 1123 2772 aliorum
1139 2706 1297 2772 nobilium
1315 2707 1459 2774 virorum

329 2821 398 2880 tarn
414 2813 590 2898 laicorum,
616 2834 715 2898 quam
731 2813 940 2898 clericorum,
964 2814 1098 2880 nomina
1113 2833 1250 2897 quorum
1265 2813 1399 2879 inferius
1415 2813 1458 2879 le

331 2926 459 3006 guntur.
476 2921 634 2987 Placitum
645 2921 817 2987 habuimus
832 2921 894 2988 hoe
910 2920 1026 2988 modo:
1047 2920 1336 3005 Conquerebantur
1347 2922 1458 3004 itaque

330 3028 468 3113 predicti
493 3029 667 3096 Adrianiki
694 3029 734 3095 de
750 3029 876 3114 prelato
902 3030 1120 3114 monasterio,
1148 3029 1236 3112 quod
1260 3035 1456 3096 memoratas

330 3144 434 3204 terras
451 3139 514 3205 sibi
538 3158 598 3227 per
614 3137 802 3204 violentiam
819 3145 852 3204 et
871 3139 1116 3223 usurpationem
1143 3137 1303 3203 retineret.
1331 3136 1458 3214 Quibus

332 3247 460 3314 demum
477 3247 650 3332 Juppanus
665 3246 820 3313 Talmazo
845 3255 957 3314 noster
973 3246 1152 3313 advocatus
1169 3245 1210 3310 de
1234 3245 1402 3312 voluntate
1426 3249 1459 3308 et

331 3354 484 3421 mandato
501 3355 642 3422 omnium
660 3359 804 3422 nostrum
822 3355 869 3420 ita
885 3339 1075 3440 respondit:
1096 3352 1328 3420 Monasterium
1344 3353 1458 3418 Sancti

329 3462 419 3527 Petri
435 3462 475 3528 de
502 3463 620 3530 Gomai
636 3485 657 3528 a
673 3462 781 3546 longis
807 3469 892 3529 retro
917 3461 1116 3546 temporibus
1144 3460 1329 3547 sepedictus
1354 3467 1457 3526 terras

331 3568 497 3653 possedit,
525 3589 608 3653 quas
624 3569 755 3652 quidem
770 3576 874 3636 terras
894 3571 1038 3636 Rosaene
1054 3568 1236 3636 Morislicus
1252 3568 1344 3654 prius
1359 3567 1459 3634 dona-

331 3677 379 3741 uit
394 3679 592 3744 Monasterio
608 3680 720 3744 Sancti
736 3679 822 3744 Petri
839 3680 880 3746 de
899 3677 1017 3745 Gomai
1030 3703 1038 3763 3
1065 3683 1187 3762 etpost
1202 3677 1458 3763 mortemipsiua

331 3785 477 3850 Rossane
493 3785 650 3853 Morislici
667 3786 781 3852 Petrus
798 3787 915 3854 Siarus
941 3786 1132 3870 filiuseius,
1158 3792 1190 3852 et
1206 3787 1335 3854 Slarizo
1358 3806 1457 3852 avun-

330 3894 421 3959 culus
447 3893 591 3960 ciusdem
607 3894 694 3962 Petri
714 3895 805 3962 Slavi
830 3895 1077 3981 prenominatus
1102 3903 1207 3961 terras
1232 3893 1265 3960 in
1291 3895 1456 3980 sepedicto

331 4001 529 4068 Monasterio
546 4002 768 4087 confirmavit,
795 4011 828 4068 et
842 4023 900 4069 cas
917 4002 949 4069 in
969 4023 1051 4088 pace
1067 4008 1099 4068 et
1113 4023 1236 4086 magna
1262 4002 1369 4085 quiete
1383 4002 1457 4068 bac-

333 4115 426 4174 tenus
442 4109 598 4193 possedit.
626 4110 666 4175 Et
682 4109 769 4195 quod
784 4131 805 4174 a
820 4111 974 4198 predictis
1000 4111 1081 4177 viris
1097 4109 1273 4178 donatione
1290 4115 1323 4174 et
1346 4106 1459 4174 confir-

333 4215 475 4282 matione
491 4217 652 4302 prelibato
668 4225 753 4284 terre
768 4223 878 4284 nostro
890 4217 1088 4285 Monasterio
1105 4215 1225 4283 fuerint
1239 4214 1369 4299 tradite,
1390 4235 1459 4281 oar·

333 4329 401 4388 tam
417 4323 672 4392 confirmationis
698 4323 993 4393 dimonstravimus.
1020 4323 1062 4390 Et
1077 4325 1112 4390 in
1127 4325 1294 4410 presentia
1315 4324 1459 4389 omnium

334 4431 555 4498 assistentium
579 4423 726 4518 perlecta
749 4431 819 4499 fuit.
837 4429 966 4498 Auditis
984 4433 1083 4515 igitur
1105 4431 1271 4513 utriusque
1293 4430 1399 4514 partis
1415 4432 1460 4496 al-

331 4536 574 4623 legationibus,
601 4547 634 4606 at
649 4539 722 4607 visa
737 4547 828 4608 carta
852 4539 1108 4608 confirmationis
1131 4538 1272 4623 pariter,
1297 4543 1330 4603 et
1346 4537 1461 4606 audita

328 4647 458 4715 ratione
474 4655 506 4714 et
521 4645 647 4715 iustitia
663 4647 807 4716 dictante
822 4647 972 4718 dominus
983 4643 1156 4717 Rainerius
1171 4645 1369 4714 venerabilis
1379 4645 1460 4735 Spa
