3268 5194
637 330 795 428 A

147 526 380 612 Presbyterum
405 525 632 611 Spalatensem
657 525 787 594 insertis
812 522 927 590 litteris
943 523 1092 589 nuntiare
1117 522 1277 590 decrerit:

148 639 312 718 quatenns
323 633 489 702 Divinitas
500 635 654 718 antiquae
668 633 847 718 Religionis
863 631 983 718 dogma
996 631 1195 699 inEoclcsiis
1204 631 1280 698 Dal-

149 741 325 808 matiarum
340 742 475 810 arbitrio
500 744 618 810 summi
633 741 800 811 Pontificio
814 741 968 832 universa
991 738 1174 824 praelibata
1189 738 1276 806 serti·

149 853 269 918 rentur.
285 847 351 916 Sed
365 868 438 916 cum
452 850 627 916 terminare
642 855 757 916 cuncta
771 849 918 932 legitime
935 847 1069 930 antiqno
1084 867 1173 914 more
1188 865 1279 934 prae-

149 954 345 1022 stolaremur
358 993 403 1004 -
419 993 463 1004 -
479 993 523 1004 -
537 956 599 1022 init
614 955 724 1022 fratris
741 955 846 1023 nostri
861 953 1015 1041 Episcopi
1036 953 1208 1038 Nouensis,
1225 951 1280 1036 qni

149 1063 216 1128 sibi
241 1060 408 1130 vindicare
433 1063 566 1150 cupiens
582 1065 759 1130 Primatum
775 1063 1013 1130 Dalmatiarum
1033 1061 1278 1148 Episcoporom,

149 1169 212 1236 boe
229 1171 317 1254 qnod
330 1191 395 1240 non
410 1172 606 1258 expediebat
632 1179 744 1241 contra
768 1172 888 1238 dietam
904 1169 1070 1256 Synodum
1085 1169 1118 1236 in
1143 1170 1277 1238 auribus

151 1275 361 1364 Apostolicia,
387 1280 543 1366 injustum
558 1280 671 1366 injecit
685 1286 857 1347 certamen.
876 1276 980 1355 Quam
996 1278 1038 1344 ob
1054 1297 1121 1343 rem
1137 1277 1278 1362 diversa,

150 1390 184 1449 et
198 1386 324 1452 nunciis
340 1388 549 1454 recitantibus
565 1387 606 1453 de
622 1387 674 1454 his
690 1386 935 1472 praesentibus,
962 1391 994 1450 et
1009 1383 1127 1452 litteris
1143 1385 1279 1469 patenti-

151 1491 213 1557 bus
228 1512 293 1560 non
308 1495 480 1579 aequalia,
506 1495 706 1579 ambiguitas
723 1495 889 1560 Romanae
905 1490 1072 1557 Ecclesiae
1092 1489 1188 1574 sacta,
1214 1512 1279 1559 uon

150 1597 284 1665 delinita
300 1600 343 1666 acl
358 1622 428 1686 nos,
454 1607 487 1667 et
501 1601 643 1668 finienda
659 1601 774 1686 adhuc,
791 1598 942 1686 Epistola
961 1618 982 1663 a
997 1596 1279 1664 Reverendisaimo

148 1706 243 1792 Papa
258 1707 386 1775 Joanne
412 1729 469 1793 per
485 1709 644 1793 Legatum
670 1715 815 1778 nostrum
839 1706 977 1774 remissa
991 1710 1060 1789 est,
1086 1705 1178 1789 cujus
1204 1725 1279 1772 uero

150 1813 320 1898 Epistulae
334 1821 427 1882 tenor
439 1815 492 1881 hio
507 1821 567 1882 est.

510 1997 661 2062 (Ugyanott
681 1997 731 2046 III.
752 1996 807 2045 ket.
828 1996 870 2046 96.
889 1993 918 2058 l.)

584 2279 847 2290 ..—-—-.--.

699 2727 733 2796 6.

150 2908 192 2974 Χ.
207 2905 313 2973 Jcnos
333 2908 490 2993 pepones
504 2929 526 2972 a
541 2907 658 2973 aas-ki
682 2907 821 2994 epulatos
835 2907 966 2974 conecti
989 2907 1091 2974 aanor
1115 2907 1280 2973 tataroru-

419 3018 506 3082 tas‘ra
522 3018 696 3084 vonatkozt
713 3015 813 3083 levale.
836 3017 913 3086 925.
930 3021 1015 3084 amc.

258 3209 405 3277 loannes
416 3210 597 3297 Episcopus
613 3231 726 3279 servus
743 3231 908 3279 servorum
918 3212 981 3277 Dei
999 3210 1279 3278 Reuerendissimo

150 3322 183 3382 et
208 3317 417 3384 sanctissimo
443 3315 597 3384 confratri
621 3325 731 3386 nostro
756 3317 877 3386 Joanni
902 3315 1042 3384 Sanctae
1070 3315 1280 3382 Salonitauae

151 3423 320 3492 Ecclesiae
335 3423 609 3510 archiepiscopo,
635 3425 849 3511 omnibusque
864 3426 932 3492 suis
956 3423 1174 3510 suffraganeis
1189 3423 1280 3510 Epia-

150 3551 252 3617 copia.

260 3635 348 3716 Quia
361 3639 396 3706 in
411 3638 507 3706 vobis
531 3645 604 3708 orta
619 3638 680 3708 fuit
704 3639 866 3709 contentio
881 3645 957 3708 ante
980 3645 1162 3710 nostrorum
1178 3639 1279 3728 Lega-

151 3752 258 3814 torum
276 3747 497 3832 praesentiam
516 3747 559 3814 (le
573 3749 814 3816 Ecclesiasticis
838 3750 996 3835 negotiis3
1024 3749 1173 3817 volumus
1188 3749 1232 3817 ad
1246 3751 1281 3818 li·

150 3855 478 3942 minaApoatolorum
490 3857 656 3924 venientes
671 3863 748 3924 ante
763 3863 917 3941 nostram,
935 3863 1180 3942 nostrommque
1189 3858 1281 3944 Epis-

150 3982 306 4049 coporum
322 3964 541 4049 praesentiam
557 3970 673 4032 cuncta
689 3965 822 4032 delinire
837 3966 1009 4051 satagatis.
1026 3964 1114 4043 Quia
1127 3973 1280 4051 tnncper-

150 4073 249 4141 iectio
275 4073 443 4157 religionis
468 4073 681 4161 adimpletur,
707 4095 780 4142 cnm
803 4095 861 4162 per
885 4077 1064 4144 canonicae
1088 4075 1281 4161 disciplinae

150 4179 302 4265 regulas,
327 4181 416 4264 quod
431 4181 596 4263 quondam
611 4182 794 4250 ordinatum
809 4181 934 4268 iuerat,
961 4203 1020 4270 per
1034 4202 1093 4249 noa
1109 4181 1280 4248 emendare

150 4289 390 4375 comprobatur.
417 4289 504 4358 Nam
529 4296 655 4356 vestras
678 4269 804 4357 litteras
824 4291 1055 4377 suscipientes,
1082 4290 1281 4376 investigare

150 4415 216 4463 non
231 4395 426 4482 detmmos;
453 4402 486 4464 et
501 4399 579 4487 quia
594 4397 661 4466 illic
676 4399 820 4466 maxima
834 4406 905 4466 erat
923 4400 1083 4486 impressa
1107 4417 1280 4466 murmora-

149 4504 217 4586 tio,
233 4505 433 4592 suspendere
447 4505 510 4576 hoc
525 4509 720 4594 curavimus,
746 4513 782 4574 ut
797 4513 873 4574 aute
888 4513 1032 4576 nostram
1050 4509 1278 4594 praesentiam,

151 4619 207 4678 aot
222 4620 256 4680 tu
273 4633 345 4681 oum
362 4613 531 4700 Gregorio,
559 4622 615 4682 aut
629 4626 712 4684 nnus
727 4623 836 4685 uester
851 4618 1076 4703 suffraganeus
1097 4619 1279 4707 Episcopus
