3218 5192
104 1174 317 1264 Lampridius
334 1178 454 1266 jddrar'
470 1180 578 1266 mesic,
604 1181 635 1243 6⁸
655 1179 809 1245 Morosim’
824 1177 1003 1244 Domoakoc
1020 1180 1140 1267 jddrar'
1163 1179 1244 1266 92·ss

101 1285 205 1352 itclate
221 1309 243 1350 a
250 1288 375 1374 jddroi
389 1287 483 1355 Saent
499 1288 595 1352 Pluto
612 1290 644 1352 aa
659 1288 877 1375 Baldopsdpos
897 1310 1028 1375 casaeny
1044 1291 1236 1375 cpdcaazdr-

538 1395 690 1462 ductum
711 1398 808 1461 1167.

212 1587 308 1654 Anno
327 1589 370 1655 ab
381 1589 612 1656 lncarnationo
623 1590 756 1657 Domini
766 1589 958 1660 MGLXVlI.
970 1594 1150 1662 Indictione
1160 1596 1234 1662 Xll.

102 1695 324 1781 Temporibus
348 1697 462 1780 itaque
487 1695 605 1763 Vitalis
630 1698 801 1764 Michaelis
825 1701 925 1766 Ducis
951 1702 1178 1784 venetiarum,
1207 1709 1240 1767 et

101 1802 289 1889 Lampridii
306 1803 327 1868 J
330 1803 468 1870 adertini
483 1805 742 1892 Archiepiscopi,
761 1813 859 1891 atque
874 1807 1036 1874 Dominici
1052 1810 1240 1876 Mauroceni

103 1908 254 1976 Comitis.
273 1911 344 1978 Nos
361 1911 499 1996 denique
515 1913 783 1999 praenominatus
801 1915 1007 2002 Lampridius
1018 1915 1241 2001 Archiepisco-

104 2038 167 2102 pus
187 2027 221 2084 ct
237 2017 427 2086 Dominicus
443 2021 658 2088 Mauroccnus
675 2019 801 2108 Comes,
823 2043 862 2089 ac
879 2023 937 2088 alii
952 2023 1080 2090 nobiles
1096 2023 1168 2108 viri,
1186 2024 1240 2106 qui

103 2126 137 2190 in
154 2125 221 2192 isto
239 2126 362 2212 placito
379 2127 596 2212 interfuimus,
609 2129 762 2213 jubemus
779 2128 849 2196 lieri
866 2131 1024 2197 cartulam
1045 2131 1241 2198 recordatio·

103 2234 157 2299 nis
175 2234 218 2300 de
235 2235 369 2320 placito,
387 2236 473 2318 quod
488 2237 669 2304 Abbatissa
685 2238 796 2304 Sancti
812 2237 959 2306 Platonis
981 2239 1107 2306 Urania
1123 2245 1239 2307 contra

102 2343 297 2408 Scemosam
307 2341 448 2408 Sanctae
458 2343 581 2410 Mariae
591 2343 815 2431 Abbatissam,
833 2345 874 2411 de
890 2345 996 2430 terris,
1014 2347 1148 2429 quaein
1165 2346 1242 2412 Bra·

105 2449 195 2538 esico
212 2447 298 2515 sitae
315 2455 410 2533 sunt,
435 2451 636 2536 placitabat5
663 2471 746 2536 quas
763 2453 878 2518 Petrus
901 2453 1049 2520 Semiviti
1074 2453 1159 2519 filius
1176 2473 1241 2519 una

105 2578 182 2624 cum
199 2555 278 2622 filiis
295 2555 392 2624 Crine
408 2567 440 2625 et
457 2559 524 2624 suis
541 2558 733 2647 propinquis
750 2559 996 2644 praenominato
1017 2561 1173 2627 coenobio
1191 2560 1243 2627 de·

106 2667 215 2731 derat.
244 2666 335 2732 Haec
351 2686 491 2752 namque
516 2673 605 2734 terra
619 2666 734 2752 incipit
750 2687 771 2732 a
785 2666 946 2734 territorio
973 2665 1086 2734 Sancti
1102 2665 1242 2752 chryso-

105 2774 188 2858 goni
205 2793 247 2839 ex
263 2779 401 2858 utraque
426 2780 521 2862 parte
537 2775 698 2859 usquead
714 2775 819 2840 rivum
837 2773 1095 2860 descendentem,
1118 2795 1158 2844 ex
1174 2775 1242 2842 alia

106 2889 206 2972 parte
224 2883 329 2948 rivum
354 2882 583 2950 ascendentem
609 2902 712 2967 usque
729 2881 772 2948 ad
788 2883 908 2949 silvam
928 2885 1026 2968 juxta
1048 2884 1243 2952 territorium

107 2991 229 3059 Sancti
245 2990 395 3074 Nicolai,
421 2996 553 3076 praeter
572 2991 732 3074 quasdam
756 2990 895 3057 terrulas
921 2990 954 3056 in
973 2991 1079 3059 medio
1106 2993 1243 3077 positas,
1362 3052 1370 3070 ,

107 3120 197 3186 quae
214 3099 328 3165 Sancti
346 3097 550 3183 Chrysogoni
568 3097 638 3164 fieri
655 3098 843 3184 probantur.
864 3100 1003 3166 Dicebat
1022 3099 1107 3166 enim
1132 3099 1243 3166 Sancti

107 3205 264 3274 Platonis
280 3204 477 3270 Abbatissa:
495 3205 587 3270 Haec
602 3213 690 3271 terra
709 3205 865 3272 coenobio
882 3205 992 3272 Sancti
1008 3205 1156 3272 Platonis
1174 3205 1244 3271 atti-

106 3335 209 3400 nere;
237 3319 513 3379 attestamcntum
540 3311 753 3396 ostendebat,
781 3313 867 3398 quod
888 3313 1064 3397 aquodam
1089 3315 1159 3380 viro
1185 3333 1244 3398 pro

105 3423 233 3512 vignti
248 3420 428 3489 romanatis
443 3429 575 3487 emerat.
596 3420 623 3486 ll
639 3427 753 3487 contra
768 3421 910 3488 Sanctae
926 3421 1050 3486 Mariae
1066 3420 1245 3488 Abbatissa

107 3555 165 3602 res
177 3530 363 3620 pendebat:
387 3527 489 3596 Immo
505 3529 600 3596 nobis
617 3529 741 3614 attinet,
765 3537 798 3596 et
813 3549 873 3596 nos
888 3549 961 3596 eam
977 3548 1105 3616 semper
1121 3529 1246 3598 labora-

107 3643 234 3725 vimus,
252 3647 285 3706 et
300 3658 360 3726 per
376 3657 497 3727 manus
512 3643 643 3704 nostras
660 3639 734 3704 aliis
745 3636 787 3703 ad
804 3637 1019 3704 laborandum
1030 3637 1245 3737 tradidimus,

108 3752 193 3837 quia
208 3749 325 3816 Petrus
351 3745 498 3812 Semiriti
522 3745 629 3830 filius,
655 3765 722 3814 una
737 3764 810 3811 cum
835 3745 902 3812 suis
919 3745 1132 3831 propinquis,
1158 3747 1243 3814 hanc

109 3869 239 3927 terram
255 3852 453 3922 monasterio
469 3853 593 3919 Beatae
603 3852 727 3918 Mariae
743 3851 888 3949 dederat,
906 3871 946 3918 ac
959 3852 1058 3917 etiam
1076 3859 1247 3926 testamen-

109 3976 184 4034 tum
211 3961 288 4028 inde
312 3960 513 4028 ostendebat.
549 3959 645 4026 Unde
671 3979 731 4027 nos
756 3959 914 4026 rationem
940 3965 1181 4044 perscrutantes
1206 3981 1247 4027 ex

109 4081 254 4156 utraque
283 4076 398 4156 parte,
426 4067 647 4152 judicavimus
678 4069 851 4134 Scemosae
880 4067 1080 4132 Abbatissae
1107 4065 1247 4134 Sanctae

110 4179 245 4246 blaciae
260 4197 333 4244 cum
350 4195 408 4242 sex
425 4177 549 4241 sanctis
575 4175 773 4242 monialibus
790 4193 883 4240 suum
906 4177 1135 4238 testamentum
1163 4173 1247 4241 affir-

109 4306 227 4370 mare;
245 4284 331 4370 quod
347 4285 431 4370 ipsa,
448 4283 495 4348 uti
511 4283 603 4349 curia
620 4283 797 4370 praecepit,
815 4301 924 4348 coram
942 4277 1088 4366 pluribus
1109 4279 1247 4348 affirma-

109 4396 174 4463 vit.
191 4391 260 4460 Hoc
277 4398 386 4457 actum
402 4395 453 4456 est
468 4409 578 4458 coram
594 4391 645 4456 his
661 4390 799 4455 testibus
818 4412 824 4452 :
846 4386 989 4472 Josepho
1006 4385 1130 4471 Judice,
1149 4386 1247 4476 Chry·

112 4519 245 4586 sogono
261 4499 397 4583 Judice,
423 4497 535 4564 Medio
552 4497 688 4581 Judice,
714 4497 825 4563 Medio
841 4496 987 4561 Plebano
1012 4493 1124 4560 Sancti
1149 4497 1247 4585 Petri,

111 4609 279 4678 Michaele
294 4607 442 4676 Plebano
459 4605 571 4672 Sancti
581 4605 680 4690 Petri,
697 4605 835 4674 Nicolao
847 4603 985 4690 Milzaci,
1007 4603 1249 4708 AndreaLisra

164 4743 267 4782 nouus.
283 4742 367 4780 nuuc.
384 4741 454 4780 ursa.
473 4751 510 4762 -
528 4741 600 4777 pura.
620 4731 651 4770 11.
1069 4729 1087 4786 8
