3164 5192
601 331 759 432 Q

107 527 246 595 bibeant
270 533 304 593 et
323 527 499 610 bonorem,
516 526 754 594 fraternitatem
771 533 861 594 tuam
878 529 962 595 scire
977 531 1135 614 volentes,
1156 532 1243 616 quod

109 636 200 720 apud
215 655 278 702 nos
294 635 376 701 baec
393 635 460 700 duo
475 635 619 718 nomina,
635 636 764 702 Primae
782 643 816 702 et
830 637 1033 722 Patriarcba,
1053 656 1138 725 pene
1154 639 1244 724 peni-

106 749 158 809 tus
176 743 266 809 idem
283 749 423 825 sonant,
450 761 522 807 cum
538 741 752 809 Patriarcbae
768 749 802 810 et
816 743 977 811 Primates
997 751 1129 813 teneant
1145 765 1244 812 uuam
1292 787 1295 794 .
1316 743 1317 747 ’

106 849 269 933 lbrmam,
296 850 373 916 licet
389 825 500 916 eoru‘m
526 850 659 917 nomina
674 851 740 917 sint
755 851 896 917 diversa.
921 854 1093 920 Praesenti
1115 873 1243 939 quoque

105 957 295 1042 privilegio,
311 955 372 1023 tibi
388 963 422 1023 et
436 977 495 1042 per
509 965 542 1022 te
558 957 624 1024 tuis
641 959 895 1044 numerantibus,
907 958 1095 1046 inungendi,
1113 960 1244 1028 benedi-

5 1107 7 1118 .
105 1065 204 1131 cendi
221 1072 254 1131 ct
269 1065 451 1132 coronandi
467 1066 574 1150 Reges
587 1065 804 1150 Bulgarorum
820 1072 853 1134 et
863 1067 1036 1136 Blacorum
1052 1068 1086 1134 in
1102 1075 1243 1155 potesta·

104 1177 172 1238 tem
199 1173 338 1240 liberam
364 1173 572 1240 concedimur
588 1172 790 1240 facultatem.
817 1173 965 1242 Obcuute
988 1195 1064 1244 vero
1080 1183 1132 1261 te,
1158 1195 1244 1244 nune

104 1279 282 1346 Ecclesiae
298 1285 498 1348 memoratae
507 1279 660 1364 Primatc,
677 1281 787 1348 nullus
801 1281 848 1348 ibi
865 1282 1012 1367 qnalibet
1021 1284 1241 1370 subreptionis
1293 1311 1303 1324 ·

104 1389 232 1454 astutia
248 1391 471 1474 praeponatur
480 1438 489 1472 ,
516 1387 581 1454 uisi
596 1389 653 1471 qui
668 1389 825 1456 mncnice
839 1388 936 1455 fuerit
966 1392 1089 1457 electus
1109 1390 1152 1457 ad
1168 1411 1241 1457 eam

102 1493 803 1579 secundumconsuetudinemapprobatam.
815 1495 947 1563 Electus
964 1505 1084 1582 autem,
1102 1518 1163 1583 per
1175 1499 1242 1564 ble-

103 1601 343 1686 tropolitanum
360 1608 394 1668 et
409 1601 493 1668 alios
508 1601 721 1686 Suffraganes
738 1601 887 1688 ejusdcm
897 1604 1087 1689 Ecclesiae,
1112 1607 1167 1686 qui
1185 1627 1242 1690 po-

103 1717 220 1776 terunt
235 1711 414 1793 interesse,
440 1709 475 1774 in
490 1708 691 1795 Episcopum
707 1709 894 1776 solemniter
917 1717 1134 1778 consecretur.
1161 1713 1241 1779 Ocn-

106 1823 260 1884 sccratus
291 1836 369 1885 vero
394 1817 439 1884 ad
463 1815 579 1883 Sedem
605 1815 830 1902 Apostolicam
854 1817 984 1886 nuntios
1010 1838 1088 1888 suos
1124 1821 1240 1906 mittat,

105 1928 249 2013 pallium
263 1927 305 1994 de
330 1947 466 2013 corpore
488 1925 584 1994 Beati
609 1928 698 1993 Petri
723 1933 907 2012 sumptum,
933 1927 1063 2012 insigne
1089 1928 1241 1996 videlicet

105 2035 324 2122 plenitudinis
340 2035 542 2103 Pontiliealis
559 2031 668 2117 officii,
685 2035 864 2120 petituros;
881 2033 915 2101 in
925 2035 1017 2120 cujus
1033 2038 1240 2122 susceptione

100 2144 329 2227 juramentum
344 2141 427 2210 illud
442 2141 546 2227 nobis,
563 2149 596 2208 et
610 2141 854 2208 successoribus
870 2143 1000 2228 nostris,
1025 2149 1057 2210 et
1072 2144 1241 2211 Ecclesiae

104 2253 277 2318 Romanae
292 2251 492 2339 praestabit,
510 2249 597 2334 quod
614 2248 672 2315 alii
687 2248 846 2316 Primatcs
864 2256 896 2317 et
911 2253 1167 2338 Metropolitani,
1193 2272 1239 2318 se-

106 2359 253 2426 cundum
270 2360 457 2445 generalem
467 2357 746 2440 consuetudinem,
760 2358 856 2425 nobis
872 2365 1053 2444 praestant,
1070 2364 1103 2425 et
1116 2365 1151 2425 tu
1167 2361 1239 2444 ipse

105 2469 142 2534 in
158 2467 368 2551 susceptione
383 2465 479 2552 pallii
494 2464 706 2551 praestitisti;
734 2465 826 2549 cujus
850 2464 988 2533 formam
1013 2467 1103 2533 bulla
1128 2473 1240 2536 nostra

104 2576 275 2661 signatam
291 2575 335 2641 ad
350 2581 542 2661 perpetuam
568 2573 758 2642 memoriam
784 2575 996 2660 destinamus,
1023 2576 1240 2661 exprimentes

107 2687 142 2752 in
159 2705 211 2770 ea,
227 2690 272 2768 ut,
289 2704 361 2752 cum
378 2685 411 2750 iu
428 2687 552 2768 Regem
568 2683 745 2768 quemlibet
761 2702 803 2749 ex
820 2685 981 2769 praedicti
997 2685 1097 2768 Regis
1113 2703 1238 2752 sucees-

105 2795 241 2860 soribus
256 2793 452 2877 coronarint,
470 2791 708 2879 praescriptum
723 2792 766 2858 ab
782 2811 821 2859 eo
836 2791 998 2880 recipiant
1008 2793 1238 2878 juramentum.

105 2902 191 2968 Cum
208 2907 317 2968 autem
334 2899 454 2984 aliquis
473 2899 807 2985 Metropolitanorum,
833 2900 889 2983 qui
903 2899 965 2966 tibi
975 2901 1050 2986 jure
1069 2901 1241 2986 subjacent
1347 2937 1350 2943 ·

105 3009 298 3093 Primatiae,
314 3007 402 3074 viam
417 3006 699 3074 iuerituniversae
709 3008 816 3074 carnis
832 3007 1010 3093 ingressus,
1029 3007 1235 3075 confirmabis

105 3117 301 3185 electionem
317 3115 510 3184 canonicam
525 3115 567 3181 de
583 3135 725 3201 persona
740 3115 859 3181 idonea
874 3115 1092 3197 celebratam,
1120 3121 1153 3181 et
1168 3135 1237 3202 per·

105 3247 225 3294 sonam
250 3227 388 3292 electam
413 3225 447 3291 in
463 3224 660 3311 Episcopum
685 3223 903 3292 consecrabis.
931 3225 994 3291 Pro
1018 3221 1122 3309 pallio
1148 3242 1237 3305 vero,

105 3335 240 3402 nuntios
250 3343 324 3402 tuos
340 3353 412 3401 oum
422 3332 544 3400 nuntiis
555 3331 725 3400 Ecclesiae
738 3333 791 3400 cui
801 3337 942 3418 praeest,
958 3329 1235 3418 adapostolicam

105 3443 229 3510 Sedcm
246 3443 374 3526 mittes,
402 3460 527 3526 nosque
543 3439 625 3507 illud
649 3439 710 3507 tibi
726 3459 786 3527 per
802 3459 858 3507 eos
878 3439 1016 3506 libenter
1031 3446 1064 3506 et
1089 3437 1236 3504 hilariter

105 3551 377 3634 transmittemus,
394 3567 454 3635 per
468 3555 502 3615 te
518 3547 768 3634 Metropolitauo
784 3547 958 3635 Episcopo,
973 3549 1068 3633 juxta
1087 3547 1236 3630 formam,

106 3679 208 3741 quam
224 3657 286 3724 sub
302 3657 394 3724 bulla
410 3663 523 3724 nostra
540 3655 688 3741 recipies,
712 3655 899 3724 solemniter
919 3654 1166 3740 conserendum,
1192 3655 1239 3722 ita

105 3773 238 3849 minen,
256 3763 344 3848 quod
353 3815 362 3849 ,
388 3763 417 3830 si
432 3765 592 3848 Legatum
606 3762 661 3828 vel
676 3761 822 3830 nuntium
839 3769 985 3831 nostrum
1005 3761 1177 3846 contigerit
1193 3763 1238 3829 iu·

105 3880 242 3956 teresse,
259 3871 293 3938 id
309 3892 381 3938 cum
397 3891 436 3938 eo
452 3869 575 3956 pariter
591 3871 791 3952 exsequaris.
821 3869 971 3937 Obrisma
987 3889 1064 3938 vero
1081 3877 1114 3935 et
1130 3869 1238 3934 oleum

105 3981 414 4048 catechumenorum
441 3984 474 4045 et
489 3977 686 4045 intirmorum
713 3977 853 4062 singulis
879 3977 974 4044 anuis
999 3979 1034 4042 in
1057 3993 1159 4043 coena
1175 3977 1237 4042 Do-

105 4089 200 4172 mini,
217 4095 285 4154 tam
301 4087 336 4152 in
351 4085 503 4154 Ecclesia
518 4092 584 4168 tua,
601 4105 699 4170 quam
715 4085 749 4152 in
768 4085 914 4170 qualibet
925 4083 1077 4150 Ecclesia
1091 4083 1236 4165 Blaciae,

106 4197 176 4262 fieri
194 4195 373 4263 secundum
384 4193 650 4263 consuetudinem
660 4193 827 4261 Ecclesiae
839 4193 1007 4261 Romanae
1019 4189 1235 4273 concedimus,

106 4311 152 4389 ut,
170 4303 300 4390 quoties
316 4323 452 4370 necesse
467 4303 584 4388 luerit,
612 4303 667 4387 qui
684 4301 872 4392 baptizandi
888 4299 1007 4366 fuerint
1022 4296 1235 4383 baptizentur,

105 4418 139 4477 et
164 4413 396 4479 confirmentur
420 4429 478 4496 per
501 4411 694 4478 diocesanos
711 4409 912 4496 Episcopos,
937 4407 993 4489 qui
1019 4403 1139 4470 luerint
1162 4421 1235 4468 con-

105 4520 270 4605 firmandi,
296 4539 356 4586 uec
370 4519 607 4605 Episcoporum
623 4514 844 4598 consecratio,
869 4531 927 4578 nec
944 4509 1107 4579 ordinatio
1131 4528 1236 4576 sacer·

105 4629 239 4712 dotum,
267 4633 401 4714 propter
417 4624 578 4692 deiectum
594 4621 789 4708 hujusmodi,
806 4621 859 4686 vel
874 4619 1072 4706 impediatur
1094 4615 1234 4703 penitus,
