3164 5192
637 913 710 986 lae.

99 1111 167 1176 III.
187 1109 280 1174 Iacca
291 1109 384 1194 pdpa
401 1131 420 1172 a
439 1107 572 1193 raytrsac‘
588 1105 718 1193 epyddzi
735 1111 912 1197 turtoorday
929 1118 1026 1177 deseca
1042 1111 1136 1179 deecit
1152 1136 1173 1178 c
1189 1113 1236 1179 lco-

354 1225 464 1281 recales
479 1215 673 1304 dcdjdrclra
683 1214 874 1305 fclszdlttja.
900 1221 996 1285 1200.

213 1414 422 1480 Innocentius
448 1413 631 1498 Episcopus
658 1431 769 1480 servus
794 1433 960 1482 seruorum
988 1417 1050 1483 Dei
1074 1418 1236 1484 universis

98 1522 229 1590 Christi
256 1522 406 1589 fidelibus
430 1523 463 1586 in
479 1521 676 1606 Ragusiensi
692 1523 867 1590 Provincia
890 1525 1072 1592 constitutis
1097 1527 1235 1594 salutem

100 1639 133 1698 et
151 1631 382 1718 Apostolicam
410 1631 675 1698 benedictionem.
702 1631 774 1698 Nisi
791 1633 885 1698 nobis
912 1633 1032 1698 dietum
1048 1655 1068 1698 a
1086 1635 1154 1700 Deo
1179 1653 1237 1719 per

98 1741 318 1827 Prophetam,
334 1748 366 1806 et
382 1741 414 1805 in
425 1741 589 1825 Propheta
599 1741 754 1806 sciremus
770 1764 776 1804 :
798 1739 942 1825 „clama
960 1761 1000 1806 ne
1012 1761 1130 1825 cesses,
1142 1741 1237 1826 quasi

99 1847 184 1912 tuba
214 1846 325 1913 exalta
340 1856 452 1913 vocem
469 1845 590 1930 tuam“;
618 1846 682 1912 nisi
698 1847 740 1912 ad
758 1848 924 1932 pastorale
951 1848 1154 1914 crederemus
1171 1848 1236 1915 olli-

100 1954 191 2020 cium
211 1955 382 2040 pertinere,
401 1955 488 2039 quod
504 1955 608 2038 inquit
623 1955 821 2040 Apostolus:
844 1957 957 2032 ,Insta
972 1961 1163 2041 opportune,
1180 1956 1236 2022 im-

101 2070 256 2146 portune,
275 2081 385 2147 arguo,
404 2064 552 2146 obsecra,
569 2062 734 2148 increpa“;
752 2062 815 2128 nisi
832 2062 943 2146 gregis
960 2062 1122 2129 Dominici
1141 2062 1236 2131 nobis

103 2175 197 2238 esset
214 2189 293 2236 eura
308 2169 503 2252 commissa,
528 2187 697 2254 possemus
713 2189 797 2235 nunc
812 2169 944 2236 tandem
962 2191 981 2235 a
998 2170 1139 2237 clamore
1154 2169 1236 2248 desi·

102 2282 206 2359 stare,
234 2293 307 2342 cum
323 2273 384 2342 etsi
401 2275 480 2342 tuba
497 2274 731 2342 exhortationis
746 2281 877 2342 nostrae
893 2293 994 2360 saepe
1010 2294 1125 2342 sonum
1141 2276 1235 2343 dede-

102 2384 147 2448 rit
163 2403 233 2450 non
249 2383 417 2466 incertum,
443 2382 646 2450 exhortando
663 2383 819 2467 populum
835 2380 1054 2449 Ohristianum
1074 2383 1117 2450 ad
1130 2389 1236 2450 terrae

101 2493 248 2558 Sanctae
259 2509 458 2574 succursum,
476 2509 599 2576 paucos
615 2495 725 2556 tamen
736 2489 841 2556 adhuc
859 2490 901 2556 ad
917 2491 1104 2558 bellandum
1114 2493 1236 2559 bellum

102 2598 241 2666 Domini
257 2596 420 2665 excitauit.
447 2596 532 2676 Quia
556 2616 633 2663 vero
660 2597 766 2680 magis
790 2598 891 2664 instat
916 2597 1113 2684 necessitas,
1139 2619 1235 2682 quam

101 2725 250 2790 unquam
267 2705 438 2789 institerit,
464 2713 498 2772 ut
513 2705 578 2791 ipsi
593 2712 701 2772 terrae
718 2705 868 2772 celeriter
884 2712 1098 2790 succurratur,
1119 2707 1236 2772 clama·

102 2833 178 2880 mus
195 2813 240 2878 ad
256 2833 326 2896 uos,
341 2819 374 2880 et
389 2834 449 2900 pro
466 2813 521 2880 illo
538 2814 725 2896 clamamus,
752 2814 806 2896 qui
822 2833 901 2880 voce
918 2833 1039 2896 magna
1064 2813 1235 2880 clamando

102 2920 260 3006 spiritum
275 2939 335 3005 pro
351 2920 447 2989 nobis
464 2919 572 2987 emisit
587 2920 619 2986 in
636 2939 749 3004 cruce,
776 2920 881 2987 lactus
897 2921 1054 2988 obediens
1074 2939 1176 3006 usque
1192 2919 1235 2986 ad

103 3036 255 3113 mortem,
273 3035 408 3098 mortem
425 3036 532 3096 autem
549 3029 674 3115 crucis,
690 3035 725 3094 ut
740 3048 800 3096 nos
817 3031 858 3095 ab
876 3036 1029 3096 aeternae
1049 3028 1160 3095 mortis
1176 3027 1235 3093 eri·

102 3141 199 3222 peret
224 3137 381 3203 cruciatu.
407 3137 470 3215 Qui
486 3137 606 3203 clamat
622 3174 665 3184 —
681 3173 725 3183 -
743 3173 779 3182 —
801 3156 858 3221 per
875 3155 910 3203 se
935 3136 1062 3220 ipsum,
1088 3140 1121 3201 et
1137 3133 1233 3198 dicit:

105 3243 195 3330 ,Qui
211 3245 281 3310 vult
297 3251 371 3330 post
387 3263 438 3311 me
454 3245 576 3329 venire,
593 3245 734 3329 abneget
755 3245 983 3329 semetipsum,
1009 3249 1042 3309 et
1056 3243 1151 3310 tollat
1166 3261 1235 3308 cru-

103 3371 177 3419 cem
195 3370 299 3433 suam,
317 3356 350 3417 et
365 3358 521 3436 sequatur
536 3353 617 3418 me.“
650 3354 843 3439 Recepimus
858 3351 945 3418 enim
960 3351 1087 3418 litteras
1103 3369 1234 3417 uenera-

103 3459 221 3526 billum
235 3457 372 3525 datrum
388 3466 571 3528 nostrorum
587 3461 780 3526 Antiocheni
796 3466 828 3526 ct
844 3458 1112 3545 lerosolymitani
1132 3458 1234 3524 Patri·

103 3568 298 3650 archarum,
326 3567 655 3654 Archiep'scoporum
673 3575 705 3635 et
721 3569 959 3655 Episcoporum
975 3567 1143 3651 utriusque
1161 3568 1235 3633 Pro·
1260 3645 1266 3658 ι

103 3673 244 3758 vinciae,
271 3681 304 3741 et
320 3674 561 3744 carissimorum
578 3677 610 3741 in
627 3674 757 3744 Christo
774 3675 914 3743 liliorum
930 3682 1113 3744 nostrorum
1128 3677 1167 3742 Α.
1184 3674 1235 3741 Je-

102 3783 344 3868 rosolymorum
360 3787 393 3848 et
409 3781 445 3846 L.
465 3783 680 3851 Armenorum
697 3784 822 3866 Regum
839 3783 1022 3868 illustrium,
1040 3781 1188 3851 similitor
1205 3789 1235 3848 et

103 3887 335 3974 Magistrorum
361 3887 631 3972 ²ierosolymitani
657 3889 862 3975 Hospitalis,
889 3895 921 3956 ct
937 3890 1073 3957 Militiae
1097 3889 1234 3975 Templi,

103 3995 226 4081 quibus
242 3996 337 4064 nobis
348 4003 571 4082 exposuerunt
580 3996 794 4064 necessitates
811 4005 842 4064 et
858 3997 1009 4064 miserias
1025 3999 1236 4063 terraeSanc·

102 4108 179 4186 tae,
206 4108 392 4169 asserentes
409 4103 493 4170 inter
519 4103 606 4188 alia,
635 4104 810 4188 quodcum
828 4104 985 4171 hactenus
1005 4104 1163 4172 Dominus
1177 4124 1237 4188 per

102 4209 302 4279 discordiam
317 4209 573 4294 Saracenorum,
600 4213 656 4293 qui
672 4230 707 4278 sc
723 4211 813 4296 ipsos
838 4213 1048 4297 impugnant,
1066 4209 1236 4277 Orientali.

102 4317 297 4385 Provinciae
312 4319 525 4404 pepercisset,
553 4324 585 4385 et
600 4319 666 4385 iam
681 4339 767 4385 nunc
782 4319 867 4385 inter
886 4337 944 4385 cos
961 4318 1002 4383 dc
1024 4335 1107 4401 pace
1121 4323 1237 4384 tracte-

102 4445 164 4509 tur,
181 4425 210 4490 si
225 4425 417 4508 priusquam
434 4424 573 4492 redeant
591 4424 635 4491 ad
651 4423 878 4507 concordiam,
906 4441 1084 4506 congruum
1100 4421 1236 4490 subsidi-

103 4531 191 4597 dium
208 4530 406 4615 mitteretur,
434 4536 566 4618 sperent
593 4551 652 4618 pro
673 4537 780 4613 certo,
808 4529 895 4613 quod
919 4528 1026 4596 facile·
1040 4536 1152 4615 posset
1176 4529 1237 4596 hoc

100 4644 244 4728 tempore
259 4637 437 4712 Orientalis
455 4641 541 4706 l‘rov
556 4638 644 4706 incia
673 4637 818 4706 liberari.
846 4637 881 4704 Si
898 4641 1006 4703 autern
1031 4635 1122 4732 prius
1145 4635 1235 4708 redie
