3200 5182
891 357 956 421 442

353 554 455 619 bauit.
473 553 566 619 Vnde
582 551 694 618 Abbas
713 553 780 618 iam
796 553 901 620 dictus
918 561 950 620 ct
966 553 1147 620 sentientes
1161 555 1293 638 quidam
1309 556 1350 622 de
1363 557 1479 640 Brona,

355 681 488 742 quorum
515 661 644 728 nomina
670 669 744 726 suut
759 663 871 746 warh,
902 664 961 746 Ku,
980 661 1086 747 Opud,
1114 663 1250 748 Gregor‚
1277 666 1480 747 Leustacius,

355 770 446 852 Paul,
464 770 609 852 Herricb‚
627 777 658 834 ct
675 769 812 853 Mortua,
837 773 892 854 qui
909 774 1009 839 verbo
1025 780 1057 837 et
1073 773 1237 837 voluntate
1265 773 1479 838 seruiencium

355 877 496 943 omnium
522 876 562 942 de
579 878 688 943 Brana
715 880 920 946 coadiutores
937 879 1076 946 Abbatis
1103 881 1135 946 in
1152 881 1211 944 hac
1238 887 1333 965 parte
1356 879 1480 965 prefue-

354 991 438 1068 rant,
456 984 596 1050 conuicti
613 985 867 1070 succubuerunt3
896 985 1010 1072 predia
1030 993 1139 1052 autem
1156 987 1223 1071 illa,
1251 1008 1349 1071 super
1366 986 1480 1068 quibus

354 1095 522 1178 agebatur,
539 1114 598 1178 per
614 1092 809 1177 pristaldum
826 1095 928 1178 ipsius
939 1093 1081 1158 Palatini
1093 1093 1227 1160 Comitis
1236 1095 1412 1159 Martinam
1429 1114 1479 1160 no·

354 1200 440 1265 mine
456 1201 557 1265 tilium
571 1201 698 1284 Borych
716 1200 756 1266 de
772 1203 852 1266 villa
863 1203 1019 1284 Leguend
1036 1202 1142 1267 eidem
1158 1204 1261 1268 Paulo
1281 1203 1348 1268 filio
1360 1204 1478 1267 Mathei

353 1309 480 1375 reddita
505 1315 580 1374 suut
604 1309 740 1393 pacifice
756 1309 963 1394 possidenda.
990 1312 1031 1374 Vt
1047 1317 1155 1376 autem
1179 1309 1227 1374 rei
1256 1310 1351 1376 huius
1377 1310 1477 1376 series

352 1423 507 1502 perpetue
523 1413 710 1482 stabilitatis
726 1419 825 1484 robur
840 1418 994 1500 obtineat,
1020 1437 1080 1484 neo
1099 1417 1175 1482 vltis
1191 1436 1333 1498 unquam
1354 1423 1474 1502 tempo-

349 1525 438 1590 ribus
454 1527 565 1590 valeat
590 1526 767 1610 retractari,
795 1535 978 1611 presentem
998 1526 1218 1594 concessimus
1243 1527 1402 1611 paginam
1421 1525 1476 1592 du-

347 1635 440 1719 plicis
457 1634 558 1717 sigilli
574 1633 674 1698 nostri
699 1634 874 1699 munimine
890 1635 1084 1700 roboratam.
1113 1637 1232 1700 Datum
1256 1654 1342 1700 anuo
1360 1635 1402 1699 eb
1420 1637 1472 1699 In-

350 1744 541 1810 caruacione
559 1743 689 1808 Domini
715 1743 885 1809 millesimo
903 1745 1123 1810 ducentesimo
1139 1743 1297 1827 vigesimo
1321 1743 1470 1828 septimo,

352 1853 455 1936 Regni
471 1861 579 1920 autem
600 1852 702 1920 nostri
721 1874 806 1921 amm
826 1853 985 1939 vigesimo
1001 1863 1126 1939 quarto.

348 2047 382 2114 (A
395 2049 468 2116 pecti
481 2050 611 2118 kipteian
624 2051 778 2114 titiratribbi,
798 2055 866 2118 msly
881 2052 1026 2104 aMarbthi
1040 2049 1137 2102 Leiszlb
1152 2051 1256 2102 machoi
1270 2048 1323 2102 bau
1336 2049 1365 2101 bs
1381 2051 1476 2100 Mono-

350 2143 414 2190 stori
427 2138 524 2194 Ltsato
537 2145 610 2194 kezti
624 2145 734 2193 itte-ki
748 2160 825 2208 peres¹
845 2141 971 2193 iteietbeu
986 2142 1149 2208 fogialtatik,
1163 2158 1179 2190 a
1198 2139 1301 2191 miltes.
1322 2138 1389 2191 hire
1403 2141 1472 2190 Med·

620 2232 758 2300 nyrinsziry
773 2231 865 2285 cselr'rd
878 2233 991 2286 beczirbi
1005 2229 1211 2296 leveltrirriben.)

782 2521 1050 2532 *ιι-ιι·-

874 2985 951 3052 281.

353 3162 451 3226 Doires
467 3163 579 3249 cador,
601 3163 746 3229 obtabat
764 3165 882 3231 Miletos
897 3165 1065 3231 adderaak
1078 3164 1224 3252 Repncld
1243 3183 1341 3228 comer
1357 3161 1471 3226 cirrot-

483 3276 605 3360 jopem
621 3275 792 3340 couctkozt
807 3275 1010 3340 intestatae
1026 3273 1212 3360 moperb'rtti.
1232 3272 1330 3336 1227.

455 3469 622 3536 Dionisius
639 3471 700 3537 Dei
716 3471 827 3556 gracia
844 3469 960 3566 Comes
977 3468 1146 3536 Palatinus
1167 3466 1327 3533 uniuersis
1344 3484 1470 3552 presen-

346 3585 395 3641 tes
412 3576 536 3644 litteras
561 3577 754 3664 inspecturis
769 3587 836 3646 tam
853 3579 1058 3664 presentibus
1075 3597 1173 3660 quam
1199 3575 1316 3640 futuris
1333 3575 1470 3640 salutem

346 3684 378 3748 in
396 3685 545 3752 Domino.
571 3684 624 3752 Au
639 3687 864 3755 uniuersorum
889 3687 1042 3755 noticiam
1058 3683 1262 3771 presencium
1286 3680 1470 3748 testimonio

345 3789 525 3858 litterarum
552 3794 700 3862 uolumus
726 3797 905 3883 peruenire,
923 3794 1010 3879 quod
1030 3813 1104 3860 oum
1119 3793 1193 3859 Ellu
1209 3789 1469 3856 Archidiaronns

260 3909 261 3912 ’
345 3898 386 3965 de
396 3902 482 3986 Pest,
500 3908 532 3967 et
542 3901 716 3970 Othmarus
731 3904 831 3971 frater
846 3904 927 3987 eius,
938 3901 1102 3987 quandam
1113 3909 1232 3968 terram
1242 3898 1326 3962 inter
1342 3897 1469 3978 Chergo

345 4020 378 4079 et
394 4013 505 4080 Zacun
531 4013 628 4079 sitam
644 4033 665 4078 a
682 4013 806 4080 Gemite
821 4010 993 4098 Regualdo
1010 4031 1120 4077 coram
1135 4009 1230 4075 nobis
1246 4004 1468 4091 requisissent,

344 4121 448 4189 dictus
464 4123 502 4188 R.
519 4123 677 4190 innostra
701 4123 873 4209 presencia
894 4121 986 4206 dixit,
1014 4139 1051 4187 se
1066 4118 1206 4186 eandem
1231 4123 1350 4182 terram
1375 4113 1469 4177 aBo-

343 4229 452 4297 rozlov
462 4230 699 4298 Archidiacono
717 4238 748 4297 et
763 4229 918 4296 fratribus
929 4229 998 4295 suis
1015 4226 1152 4311 emisse3
1169 4224 1270 4309 igitur
1283 4224 1317 4288 in
1331 4218 1468 4288 termino

343 4340 512 4424 assignato
538 4341 603 4404 iam
629 4339 734 4405 dictus
760 4341 795 4404 B.
818 4337 1077 4403 Archidiaconus
1102 4336 1136 4401 in
1162 4331 1333 4421 presencia
1357 4335 1468 4395 nostra

342 4447 543 4531 constitutus,
567 4446 651 4513 dixit
666 4447 759 4512 illam
774 4453 893 4512 terram
909 4443 1005 4510 matri
1021 4463 1077 4509 sue
1093 4442 1135 4507 ab
1151 4439 1326 4522 Anthonio,
1342 4436 1465 4502 scilicet

340 4561 435 4638 patre
451 4555 598 4623 eiusdem
623 4554 755 4623 domine
770 4554 873 4620 fuisse
890 4553 1055 4635 donatam,
1072 4557 1103 4614 et
1119 4547 1160 4614 de
1176 4565 1338 4614 consensu
1354 4541 1465 4610 matris

339 4651 397 4730 sue
413 4669 445 4730 et
461 4663 595 4730 fratrum
621 4684 754 4730 suorum
770 4661 994 4750 prenominato
1011 4661 1049 4726 R.
1076 4655 1213 4724 eandem
1229 4656 1331 4722 libere
1357 4647 1464 4718 uendi·
