3218 5192
807 329 960 450 -q-

319 543 455 636 pissime
465 547 864 631 reducereconsnererint,
875 547 950 614 inde
960 545 1267 632 venitconsuetudo,
1286 552 1321 612 ut
1336 565 1449 613 omnes

321 663 522 742 contractus,
550 655 619 724 sire
634 653 834 722 conditiones
862 656 1017 723 adnotent
1033 655 1066 722 in
1086 655 1227 741 scriptis,
1252 675 1293 722 ne
1308 662 1450 744 postmo-

323 765 399 834 dum
415 763 533 832 exinde
549 764 671 832 oriatur
691 763 861 846 dissensio,
887 769 919 830 et
935 783 955 829 a
969 762 1100 830 tramite
1116 763 1263 830 veritatis
1279 762 1451 830 audientes

323 874 500 961 compellat
525 877 681 940 avertere.
707 872 786 938 Inde
803 877 871 956 est,
897 872 985 956 qnod
1012 875 1083 956 ligo
1109 872 1266 957 Magister
1290 871 1451 938 Henricus

320 979 532 1067 Apostolicac
556 977 652 1046 Sedis
667 979 811 1064 Legatos
827 985 974 1064 tompore
999 977 1205 1046 Sanctissimi
1228 979 1366 1066 Eugenii
1391 979 1452 1045 Pa-

321 1109 386 1179 pae
402 1095 434 1156 et
449 1087 696 1173 Arebiepiscopi
721 1085 842 1154 (laudii
858 1089 943 1155 banc
959 1088 1115 1174 paginam
1141 1087 1182 1156 de
1198 1089 1339 1174 placito,
1363 1087 1453 1171 quod

320 1198 382 1265 fnit
397 1200 481 1265 iuter
497 1198 673 1266 monachos
687 1197 797 1264 Sancti
808 1196 976 1285 Stephani,
993 1204 1025 1264 ct
1041 1199 1215 1264 canonicos
1231 1199 1343 1265 Sancti
1354 1199 1452 1264 Dom-

321 1307 377 1392 nii,
394 1307 429 1374 in
443 1305 546 1372 nostri
560 1305 747 1392 praesentia
765 1305 862 1374 scribi
878 1307 1041 1392 praecepi.
1059 1307 1144 1373 Dum
1163 1313 1269 1373 autem
1286 1304 1453 1371 hincinde

322 1413 436 1482 variae
452 1414 697 1482 ostenderentur
712 1435 842 1499 causae,
861 1415 1028 1481 confessus
1045 1421 1092 1480 est
1113 1413 1225 1481 Abbas
1242 1414 1343 1481 nostri
1359 1432 1453 1501 prae

324 1519 403 1588 dicti
418 1521 607 1589 blonastcrii
624 1542 695 1588 cum
713 1523 863 1589 omnibus
879 1525 946 1590 suis
964 1523 1151 1606 monachis,
1181 1523 1267 1607 quod
1284 1521 1391 1588 debito
1408 1526 1454 1585 te·

325 1629 445 1696 nebant
471 1628 551 1696 dare
567 1629 723 1716 optimum
748 1629 922 1717 prandium
939 1629 1111 1696 Canonicis
1135 1629 1246 1695 Sancti
1271 1627 1403 1696 Domnii
1418 1629 1453 1692 in

325 1736 469 1804 secunda
494 1735 577 1802 scria
604 1737 637 1802 in
653 1739 746 1804 Albis
762 1737 921 1804 Paschae.
948 1739 1013 1805 Sed
1029 1739 1182 1822 quoniam
1209 1736 1340 1803 ridebat
1361 1755 1456 1822 aspe-

323 1865 415 1929 rum,
442 1851 474 1911 et
491 1845 661 1912 molestum
679 1847 837 1932 praefatis
855 1847 1023 1913 monachis
1039 1867 1096 1931 per
1116 1845 1383 1912 innumerabilem
1399 1844 1454 1908 ho-

279 1989 282 1994 ·
324 1953 445 2019 minum
461 1952 661 2020 affluentiam
678 1955 880 2041 praedictum
904 1955 1077 2040 prandium
1094 1973 1303 2040 praeparare,
1320 1971 1456 2035 rogare-

324 2065 398 2124 runt
413 2059 478 2144 ipsi
494 2061 657 2142 monachi,
674 2059 815 2126 utillum
833 2061 921 2128 domi
938 2061 1133 2146 acciperent.
1150 2059 1296 2125 Tandem
1313 2053 1458 2143 praelati

324 2161 481 2234 Canonici
497 2166 609 2234 habito
626 2169 780 2252 consilio,
809 2175 841 2234 et
856 2169 976 2235 nostris
994 2169 1155 2256 precibus,
1174 2175 1205 2234 ct
1221 2171 1337 2253 rogatu
1353 2165 1457 2231 totius

326 2271 514 2340 Communis
539 2274 808 2361 adquiescentes,
835 2283 1066 2343 consenserunt
1082 2275 1164 2342 illud
1180 2275 1268 2341 domi
1290 2273 1457 2358 suscipere

325 2379 386 2446 hoc
403 2379 516 2446 modo:
534 2379 629 2459 Quod
645 2383 732 2448 omni
749 2403 833 2450 anno
851 2383 989 2450 debeant
1011 2383 1076 2468 ipsi
1093 2383 1244 2449 monachi
1268 2401 1457 2466 repracsen-

325 2493 396 2553 tare
412 2485 586 2554 Oanonicis
602 2489 647 2552 50
663 2489 842 2556 bucellatos
860 2493 981 2576 optimo
998 2511 1094 2575 panc,
1119 2497 1150 2554 et
1166 2495 1278 2556 tantae
1294 2489 1457 2572 quantita·

326 2598 380 2679 tis,
398 2595 486 2680 qnod
511 2596 646 2679 quilibet
671 2617 781 2666 corum
799 2599 960 2684 abundet,
987 2599 1119 2666 cuilibet
1145 2599 1289 2682 Olonico,
1316 2603 1349 2662 et
1373 2597 1458 2662 duos

327 2705 467 2792 optimos
491 2706 644 2772 berbocos
660 2705 756 2773 trium
782 2727 948 2792 annorum,
975 2713 1007 2773 et
1024 2706 1105 2774 dnos
1131 2727 1236 2792 agnos
1261 2704 1458 2792 perfectissi-

328 2833 417 2896 mos,
445 2819 478 2879 et
493 2812 575 2878 duas
592 2813 731 2895 galletas
755 2815 896 2882 debono
913 2816 1000 2884 vino.
1024 2815 1129 2901 Hujus
1151 2823 1258 2882 autem
1284 2814 1407 2900 placiti,
1425 2819 1460 2878 et

328 2919 552 2987 conventionis
576 2927 650 2986 sunt
674 2927 774 2990 testes
790 2923 823 2988 in
839 2924 955 3010 primis
971 2925 1091 2992 Mirata
1107 2925 1256 3012 Jupanus
1273 2923 1314 2988 de
1329 2921 1458 3006 Catina,

328 3029 414 3110 Vita,
431 3027 526 3111 Jude,
543 3027 711 3113 Dabrona,
727 3031 917 3116 Trumpani,
934 3032 1033 3115 Desa,
1057 3032 1200 3116 Sallone,
1218 3033 1341 3115 Draga,
1358 3029 1458 3112 Pide,

330 3135 457 3220 Ulcina,
473 3135 636 3202 Tribunus
653 3139 843 3221 cognomine
865 3138 1004 3222 Pilosus,
1022 3139 1121 3222 Desa,
1139 3139 1265 3204 Vanam
1285 3138 1458 3202 Perumua.

451 3299 456 3308 '
568 3315 693 3383 (sarran,
706 3317 845 3384 rrryrnum
857 3317 969 3370 sacrum
982 3319 1032 3370 111.
1049 3319 1220 3384 sacrior.)

763 3585 1018 3595 n———an———v——n

864 4048 920 4119 43.

429 4223 577 4292 Goodias
592 4221 717 4294 salonor‘
733 4229 902 4315 (apamias)
920 4231 1007 4297 croac
1022 4231 1240 4318 etpraddao.
1259 4227 1356 4295 1150.

438 4423 474 4486 ln
490 4422 619 4488 nomine
631 4423 771 4489 Sanctae
781 4429 813 4490 et
825 4425 1017 4492 individuae
1027 4426 1206 4512 Trinitatis,
1218 4426 1312 4494 Anno
1329 4427 1462 4510 quidem

331 4523 523 4591 Dominicae
536 4529 772 4594 lucamationis
793 4533 894 4614 1150,
912 4532 1094 4600 indictione
1109 4533 1200 4598 Xlll.
1219 4533 1279 4598 boc
1296 4535 1462 4619 conscrip-

330 4635 407 4712 tum,
426 4639 460 4696 ut
476 4634 692 4716 subsequitur.
709 4639 780 4719 Ego
797 4635 943 4703 Gaudius
960 4638 1100 4705 Sanctae
1117 4641 1329 4707 Salonitanae
1346 4642 1461 4708 Eccle-
