3218 5192
602 350 757 476 „cs-s--

110 595 173 642 sua
189 573 363 659 iniquitate
379 573 552 658 abradunt,
571 573 657 656 quod
674 573 803 657 quidem
820 575 987 642 observari
999 577 1162 661 jubemus.
1188 575 1247 642 Re-

109 684 237 766 liqunm
253 703 332 750 rero
347 682 492 766 capituli,
510 691 545 748 ut
561 683 716 749 videlicet
732 683 924 768 quicumque
940 703 1010 750 rem
1026 685 1179 751 mobilem
1195 685 1247 750 rel

111 790 317 859 immobilem
333 789 501 856 Ecclesiae
518 789 678 874 auserunt,
696 795 727 856 et
744 791 938 876 praesertim
949 791 1120 858 Ecclesiae
1136 791 1249 858 Sancti

111 897 369 982 Bartholomaei,
395 897 510 964 eadem
528 918 635 984 poena
652 899 855 984 plectantur3
884 899 961 983 quia
980 899 1114 966 nimium
1131 900 1248 966 severi·

110 1007 193 1071 tatis
209 1025 283 1071 esse
309 1005 455 1086 ridetur,
480 1027 543 1072 non
569 1006 773 1072 decernimus
800 1007 1074 1092 confirmandum;
1100 1007 1248 1073 nolentes

109 1121 225 1180 tamen
252 1113 438 1180 auctoritati
465 1121 540 1180 tuae
566 1134 624 1199 per
650 1115 710 1181 hoc
737 1115 943 1198 aliquatenus
968 1115 1130 1200 derogari.
1158 1116 1249 1182 Nulli

110 1223 214 1306 igitur
231 1221 396 1287 homiuum
412 1221 510 1286 liceat
525 1223 610 1287 bano
627 1221 785 1306 paginam
800 1221 977 1306 infringere
993 1231 1127 1290 nostrae
1137 1221 1247 1290 contir-
1324 1265 1326 1275 ·

112 1329 290 1412 matianis,
317 1329 370 1394 rel
387 1330 417 1395 ei
435 1349 516 1395 ausu
531 1330 706 1396 temerario
723 1330 896 1396 contraire.
923 1331 957 1396 Si
975 1331 1046 1415 quis
1063 1337 1170 1396 autem
1186 1333 1247 1398 hoc

53 1517 56 1521 ,
111 1443 312 1523 attemptare
338 1438 617 1524 praesumpserit,
645 1437 902 1522 indignationem
920 1439 1159 1523 Omnipotentis
1175 1439 1247 1522 Dei,

111 1555 145 1614 et
161 1549 341 1614 Beatorunr
357 1547 445 1612 Petri
462 1553 494 1611 et
509 1547 603 1612 Pauli
620 1546 853 1632 Apostolorum
870 1548 940 1631 ejus
952 1566 986 1612 se
1002 1548 1129 1613 noverit
1145 1549 1248 1614 incur-

110 1677 238 1722 surum.
256 1657 376 1721 Datum
387 1655 536 1721 Veronae
553 1655 610 1720 lll.
626 1654 703 1720 ldus
720 1655 924 1722 Novembris.

111 1858 243 1922 ll'arlati,
266 1858 405 1922 Illyricum
418 1856 529 1906 Sacrum
550 1857 599 1906 Ill.
616 1835 745 1906 kotfats,
765 1855 806 1907 sk.
820 1855 846 1906 ll.
871 1853 951 1919 l‘ojdr
970 1871 1034 1906 enen
1054 1856 1141 1905 fontes
1161 1855 1248 1904 asinat

168 1947 398 1998 hatdrozutainak
412 1947 477 1996 csnlr
491 1943 576 1994 rdszdt
592 1945 661 1994 kozli
676 1945 739 1995 cod.
751 1945 823 2010 Dipl.
838 1945 873 1994 ll.
890 1945 943 1994 lot.
960 1947 1019 1996 220.
1034 1943 1062 1994 ds
1077 1945 1136 1994 226.
1151 1945 1192 2007 ll.)

554 2229 818 2242 -—-.--.·-—-—--

651 2678 726 2748 102.

113 2867 182 2931 Ill.
202 2863 283 2928 Be'lo
298 2863 406 2948 trosly
429 2861 605 2948 moperb'siti
623 2860 786 2924 Haddacb
814 2859 1053 2947 adprendeletdt,
1077 2859 1198 2947 mollyel
1214 2885 1246 2927 ez

336 2969 405 3035 tb'bb
421 2969 574 3055 szolpcljott
591 2969 749 3032 azabodon
765 2967 914 3054 boesdtju.
935 2972 1031 3037 1186.

228 3171 268 3235 In
282 3167 412 3233 nornine
428 3165 547 3232 Sancte
562 3163 733 3230 Trinitatis
750 3171 782 3230 et
800 3164 973 3231 Indiuidua
990 3163 1141 3230 Unitatis
1168 3163 1249 3230 Bela

115 3279 182 3345 Dei
200 3277 314 3362 gracia
329 3276 499 3358 Hungarie
509 3325 517 3357 ,
535 3273 716 3357 Dalmacie,
733 3272 891 3340 Obroacie
901 3323 910 3356 ,
935 3273 1101 3354 Rameque
1120 3273 1199 3354 Rex,
1216 3273 1248 3336 in

115 3393 324 3474 perpetuum.
351 3383 454 3450 luatis
469 3383 654 3467 petencinm
677 3380 849 3446 desideriis
865 3379 995 3447 facilem
1013 3399 1070 3446 nos
1087 3378 1178 3444 decet
1194 3379 1249 3445 ad·

115 3494 234 3562 bibere
260 3469 472 3571 demensum,
500 3494 533 3553 et
548 3493 644 3572 uota,
673 3486 789 3570 quibus
805 3487 956 3570 equitatis
979 3486 1063 3552 libra
1079 3487 1248 3572 consentit,

115 3599 247 3668 efficaci
266 3603 342 3664 sunt
366 3596 597 3682 prosecucionc
613 3594 818 3682 complenda.
845 3595 929 3660 Hinc
945 3599 996 3660 est
1015 3593 1137 3679 utique,
1162 3593 1250 3680 quod

116 3731 194 3778 cum
210 3708 308 3775 Hrda
323 3711 436 3791 ageret
451 3704 484 3770 in
500 3703 671 3788 extremis,
697 3709 730 3769 et
746 3703 789 3770 ad
805 3702 942 3770 eundem
960 3702 1159 3769 uisitandunr
1175 3703 1249 3770 iuis-

116 3837 251 3900 semus,
271 3817 330 3902 pia
350 3814 495 3882 eiusdem
511 3833 609 3900 prece
629 3812 761 3898 pulsati,
784 3811 987 3896 libertatem,
1005 3831 1102 3894 quam
1122 3813 1250 3896 quibus·

116 3931 198 3995 dam
214 3924 401 3992 hominibus
416 3921 560 4004 dederat,
577 3921 681 4004 Regia
697 3921 890 3987 auctoritate
905 3919 1116 4004 firmauimus,
1133 3927 1165 3986 et
1180 3939 1250 4004 pre-

117 4037 225 4105 sentia
251 4033 365 4119 scripti
389 4031 571 4117 patrocinio
597 4029 875 4096 communiuinrus.
901 4031 983 4094 Sunt
1007 4032 1116 4093 autem
1139 4047 1250 4093 eorum

117 4155 181 4220 hec
199 4148 334 4216 nomina
350 4169 358 4209 ε
383 4143 493 4225 Sciget
508 4141 643 4226 eiusque
659 4142 736 4224 filii,
754 4141 854 4224 Kone,
871 4139 933 4222 Ab,
952 4139 1087 4222 llgidius
1103 4141 1135 4200 et
1150 4135 1249 4200 Buus.

116 4259 301 4327 Statuimus
317 4256 448 4338 itaque,
474 4259 510 4318 ut
525 4251 605 4317 nulli
622 4250 751 4317 omnino
767 4249 931 4316 bominum
952 4249 1050 4312 liceat
1067 4245 1132 4309 iam
1148 4243 1251 4308 dictos

118 4367 284 4453 homines,
302 4385 358 4430 seu
372 4363 594 4450 posteritatem
606 4379 715 4425 eorum
731 4359 764 4423 in
776 4359 962 4424 seruitutem
973 4371 1137 4420 reuocare.
1158 4351 1251 4416 Anno

121 4473 370 4546 lucarnacionis
389 4471 560 4538 Dominice
575 4455 630 4534 lt.
649 4465 698 4533 0⁰.
716 4465 917 4532 L⁰XXXVl⁰.
944 4465 1115 4547 Regnante
1136 4457 1252 4542 glorio·

121 4590 256 4659 sissimo
283 4587 371 4669 Rege
387 4583 468 4648 Bela
483 4580 606 4663 teroio;
632 4577 811 4644 venerabili
831 4575 895 4643 lob
913 4571 1168 4657 strigoniensem
1193 4565 1253 4632 Oa·
1282 4635 1288 4644 ,

121 4699 274 4766 thedram
291 4691 428 4760 feliciter
445 4689 664 4774 gubernante,
690 4683 821 4750 Andrea
840 4679 1011 4749 Colocensi
1031 4673 1254 4762 Archiepisco·

166 4831 270 4870 norrun.
287 4829 366 4866 numu.
385 4828 454 4866 urar.
474 4838 509 4846 -
530 4825 600 4862 nuru.
619 4821 651 4860 ιι.
1053 4795 1090 4849 11
