3164 5192
612 937 688 1006 142.

88 1136 113 1200 Ι.
129 1135 296 1222 Prmyszl
306 1135 431 1203 otakor
446 1135 515 1201 eset
530 1129 704 1223 ltirrilynak
719 1090 910 1224 udomduya,
926 1139 1004 1224 ueje,
1025 1136 1215 1203 Konstantia

87 1242 243 1330 leirdlyue,
260 1243 324 1307 III.
342 1241 425 1308 Belo
452 1263 585 1328 mappae
600 1241 710 1328 kirtly
731 1240 910 1329 teunpuoak
932 1243 1214 1330 tozzctjemtutoot.

602 1349 699 1414 1201.

190 1545 289 1612 Anno
308 1543 502 1612 Dominioae
518 1543 880 1612 InearnationisMOOI.
898 1550 1015 1632 epeota
1024 1546 1111 1615 XVI.
1122 1569 1211 1616 euno.

88 1653 155 1718 VII.
173 1651 246 1718 Iud.
264 1651 319 1717 IV.
345 1654 416 1736 Ego
432 1653 571 1718 Premizl
597 1673 655 1738 pro
673 1673 746 1718 mea
768 1643 948 1738 Regnique'
962 1653 1024 1720 mei
1050 1655 1214 1722 ineolumi-

89 1765 152 1826 tnte
167 1781 208 1827 oe
224 1759 425 1843 stabilitate,
449 1759 597 1843 Justitiae
614 1760 724 1827 debito
741 1781 780 1825 ao
803 1759 1047 1828 misericordiae
1062 1763 1214 1848 preeibus

89 1865 300 1953 informatus,
328 1888 458 1954 unaque
473 1890 532 1956 pro
549 1868 698 1954 germani
723 1867 834 1934 fratris
851 1869 913 1933 mei
932 1867 1117 1952 Wledizlay
1132 1869 1214 1935 Mar-

89 1974 210 2042 ehionis
221 1976 438 2044 Morauiensis
452 1976 623 2062 sospitate,
640 1994 699 2042 nee
709 1996 774 2041 non
791 1983 822 2042 et
831 1974 943 2042 uxoris
959 1994 1061 2059 meae,
1078 1973 1095 2040 t'
1100 1977 1111 2045 i
1121 1977 1133 2042 l
1144 1977 1153 2041 i
1165 1998 1214 2047 ae

91 2083 221 2167 Regis
245 2083 527 2169 Ungarorum
552 2089 589 2150 et
612 2085 813 2168 Reginae
836 2082 1093 2150 Boemorum
1116 2085 1214 2152 Con-

90 2191 313 2275 stantiae,
349 2195 380 2256 et
404 2190 463 2256 filii
489 2191 551 2257 mei
577 2191 757 2276 Wratizlay
784 2210 994 2274 meorumque
1025 2191 1215 2258 remissione

91 2304 315 2382 peecatorum,
333 2304 365 2364 et
380 2303 560 2366 ceterorum
576 2295 713 2364 iratrum
730 2317 883 2382 meorum,
904 2296 1088 2363 Wladimiri
1104 2297 1215 2364 rideli-

90 2408 136 2468 oet
159 2410 192 2470 et
206 2403 380 2490 Brseislay
395 2405 583 2490 Principum
609 2405 884 2489 Morauiensium,
910 2404 966 2487 qui
979 2403 1049 2490 jem
1077 2405 1215 2472 vinculis

91 2511 192 2577 earnis
209 2511 354 2580 absoluti
380 2511 524 2579 debitum
542 2519 679 2579 naturae
705 2513 948 2598 persolverunt,
975 2533 1135 2580 consensu
1152 2535 1214 2581 om-

90 2616 175 2684 nium
198 2619 360 2686 nobilium
377 2619 568 2688 Boemorum
584 2629 617 2687 et
632 2621 838 2688 Moravorum
862 2620 974 2688 villam
999 2620 1128 2688 nomine
1144 2621 1214 2686 Seo-

91 2727 280 2812 panouiehe,
298 2727 431 2813 insuper
448 2735 480 2794 et
493 2746 551 2814 per
567 2737 680 2796 ornnes
690 2727 787 2796 villas
805 2747 932 2796 omnem
948 2747 1079 2794 censum
1095 2749 1215 2794 annua-

6 2849 12 2864 ·
91 2829 168 2917 iem,
194 2833 253 2919 qui
278 2835 417 2902 collecta
442 2841 667 2921 nuncupatur,
694 2835 800 2901 eidem
826 2836 1022 2902 monasterio
1048 2835 1215 2920 praedicto

90 2937 180 3006 Beati
196 2941 470 3029 prothomartyris
486 2941 646 3028 Stephani
662 2943 696 3009 in
713 2964 806 3011 usum
820 2945 953 3011 fratrum
969 2951 1125 3030 perpetuo
1142 2963 1215 3029 pos-

91 3046 224 3117 sidenda
242 3068 409 3119 conoessa.
427 3049 603 3119 Praeterea
619 3051 681 3119 stb.

325 3265 445 3334 (Bosnek
458 3265 548 3320 Codex
562 3267 635 3334 Dipl.
651 3267 791 3319 Moruviue
804 3267 840 3318 11.
855 3266 909 3316 kur.
925 3267 948 3315 t.
959 3261 989 3332 l.)
