3218 5192
350 1175 455 1245 Gerdo
470 1177 604 1264 reponat
623 1174 758 1241 dtrduak
772 1174 875 1240 tram
884 1223 894 1256 ,
917 1173 1062 1262 mslylycl
1076 1174 1171 1242 Sacae
1187 1175 1317 1242 norton
1340 1173 1482 1243 timeat

426 1308 448 1352 o
463 1283 709 1351 uzant-demdeki
723 1283 880 1348 lucromai
894 1281 1113 1349 menomenae
1128 1281 1190 1347 odo
1205 1282 1283 1348 itala
1300 1285 1399 1350 1114.

456 1482 551 1548 Anno
568 1481 611 1548 ab
627 1479 857 1547 Incarnetione
873 1477 1005 1546 Domini
1021 1479 1124 1546 nostri
1139 1481 1219 1548 Jesu
1235 1476 1356 1544 Christi
1376 1478 1481 1544 mille·
1540 1516 1544 1522 ·

350 1590 432 1656 simo
458 1590 635 1657 centesimo
671 1588 796 1654 decimo
821 1594 957 1671 quarto,
984 1587 1166 1654 Indictione
1191 1587 1262 1654 VII.
1286 1605 1398 1653 mense
1422 1607 1483 1654 no-

349 1699 484 1782 vembri,
499 1698 600 1782 Regis
617 1697 752 1780 Georgii
767 1695 825 1762 lilii
834 1695 934 1778 Regis
951 1694 1067 1762 Bodini
1083 1695 1187 1780 primo
1204 1715 1301 1780 anuo,
1317 1701 1482 1778 regnante

349 1807 517 1893 praedicto
533 1809 634 1892 Rege.
661 1805 808 1873 Surrexit
823 1805 934 1872 Marco
960 1805 1001 1870 de
1016 1805 1113 1889 Pari,
1140 1806 1195 1888 qui
1216 1804 1364 1888 dicebat,
1391 1801 1484 1888 quod

349 1915 498 1982 Ecclesia
514 1915 628 1980 Sancti
644 1913 777 1980 Martini
792 1933 866 1980 cum
882 1913 970 1980 omni
988 1911 1191 1980 haereditate
1207 1933 1278 1998 sua,
1305 1932 1404 1998 quam
1418 1911 1482 1978 Bo·

349 2023 475 2090 leslavo
491 2023 599 2089 ludex
616 2021 706 2088 dedit
722 2022 767 2088 cd
782 2022 1017 2089 monasterium
1032 2022 1145 2089 Sancti
1161 2021 1339 2104 Benedicti,
1354 2020 1410 2104 qni
1424 2040 1482 2086 vo·

349 2141 442 2200 catur
458 2131 669 2214 Locromono,
696 2138 746 2196 est
761 2131 896 2218 propria
910 2138 1034 2211 nostra,
1058 2135 1090 2195 et
1105 2128 1241 2196 donavit
1256 2149 1329 2194 earn
1346 2127 1480 2210 injuste,

351 2241 417 2305 vim
432 2239 528 2306 nonis
546 2238 706 2306 sacrando.
724 2238 779 2304 Art
796 2239 843 2306 aa
858 2238 966 2305 Junex
986 2237 1113 2305 uerno:
1137 2221 1257 2304 vome
1277 2257 1343 2304 non
1359 2233 1481 2316 uonna,
1517 2319 1522 2326 Ι

352 2347 508 2431 qnoniam
525 2348 567 2413 ab
582 2347 676 2414 initio
692 2349 818 2433 Regale
840 2347 901 2413 fuit
915 2349 990 2433 ipsa
1003 2355 1036 2414 et
1050 2347 1217 2431 Ecclesia,
1244 2355 1277 2412 et
1292 2345 1358 2412 sint
1373 2343 1484 2410 adhuc

350 2455 500 2522 homines
516 2473 622 2538 senes,
639 2453 695 2536 qui
711 2453 818 2520 sciunt
833 2455 916 2520 bene
931 2454 1029 2520 istam
1044 2473 1124 2538 rem,
1141 2453 1294 2520 videlicet
1303 2447 1484 2536 Lampredi

350 2563 479 2629 Monaoi
497 2568 723 2646 cognomento,
739 2561 947 2650 Pelmonebo,
965 2569 997 2628 et
1013 2561 1106 2628 Bella
1121 2580 1202 2629 uxor
1219 2558 1348 2627 Proculi
1364 2557 1404 2624 de
1421 2557 1483 2624 Ca·
1533 2617 1538 2628 .

350 2670 470 2753 carica
486 2669 557 2734 tilia
576 2668 801 2752 Tidiaslavae,
816 2688 900 2753 quae
915 2669 975 2734 tuit
990 2688 1083 2736 soror
1092 2667 1224 2736 Domini
1239 2666 1339 2751 Regis
1355 2664 1483 2731 Dobro·

349 2778 453 2844 slavo.
477 2775 605 2842 Placuit
621 2785 730 2842 autern
747 2796 788 2842 ex
804 2783 941 2862 utraque
966 2783 1060 2864 parte
1076 2775 1208 2843 credere
1233 2775 1367 2842 istorum
1389 2771 1482 2840 testi·

349 2905 413 2967 urn,
430 2892 463 2950 et
473 2885 591 2950 ivirnns
608 2883 652 2950 ad
661 2883 862 2951 Locromono
873 2884 1085 2968 interrogare.
1105 2883 1177 2968 Ego
1188 2881 1296 2948 (lardo
1312 2901 1384 2948 cum
1396 2880 1481 2946 meis

350 2991 605 3074 consanguineis
615 3041 624 3074 ,
649 2999 682 3057 et
697 2991 833 3058 Nobiles
849 2992 996 3077 Ragusii,
1021 2992 1109 3059 etde
1129 2991 1293 3074 Tribune3
1314 2987 1483 3076 inprimis

349 3100 483 3184 llariza,
500 3101 552 3165 vel
568 3101 696 3165 Marcus
713 3097 771 3164 tilii
785 3099 886 3183 Regis
902 3099 1030 3184 Bodini,
1053 3106 1086 3165 et
1101 3099 1210 3166 Judcx
1226 3097 1393 3165 Grubessa
1410 3095 1482 3162 lilio

348 3207 575 3292 Branislarae,
593 3213 625 3272 et
641 3209 753 3292 Drago
769 3207 875 3274 Priori
890 3209 956 3276 lilio
972 3210 1104 3293 Slabae,
1131 3215 1164 3274 et
1180 3207 1348 3273 Lucoharo
1364 3205 1481 3272 Priore

349 3315 417 3384 filio
432 3316 597 3382 Nicolitae
616 3353 658 3368 -·
674 3353 716 3364 -
737 3353 773 3362 -—
794 3351 836 3362 --
853 3316 1010 3383 Goislavo
1025 3315 1091 3384 lilio
1108 3315 1224 3400 Orosii,
1249 3313 1386 3381 Zanello
1401 3312 1484 3380 Oas-

349 3427 441 3494 neuio
458 3425 628 3510 Seretion,
656 3424 883 3492 Zabrathocho
899 3425 1036 3512 Zupano
1053 3425 1093 3490 de
1109 3423 1262 3508 (lomene,
1287 3423 1483 3490 Theohmiro

351 3531 477 3598 Surcito
493 3531 534 3597 de
550 3530 690 3616 Canale,
718 3531 882 3614 Greogira
906 3533 1044 3618 Zupano
1062 3531 1103 3597 dc
1118 3531 1298 3616 ffibigna,
1325 3537 1357 3598 et
1373 3529 1486 3596 David

352 3639 469 3705 Carniz
486 3638 525 3704 de
542 3640 658 3706 eadem
674 3640 835 3726 Zupania.
852 3641 938 3707 Ante
954 3641 1088 3706 istorum
1105 3639 1331 3726 praesensianr
1346 3638 1484 3705 interro-

352 3746 502 3831 gavimus
528 3747 715 3834 praedictos
730 3755 851 3826 leston
878 3753 910 3813 et
925 3747 1095 3833 dixerunt,
1122 3747 1201 3832 quia
1215 3767 1276 3813 nos
1296 3745 1484 3812 audirimus

352 3873 411 3942 pro
428 3860 524 3940 certo,
542 3857 696 3939 quoniam
712 3857 789 3944 ipsa
804 3856 955 3923 Ecclesia
971 3877 1042 3923 oum
1058 3877 1120 3923 sua
1129 3839 1332 3924 haereditate
1352 3874 1486 3940 semper

351 3963 492 4047 Regalis
507 3962 586 4048 fnit;
604 3971 637 4030 et
647 3951 775 4032 Lubeno
786 3965 970 4032 haereticus
980 3985 1040 4052 per
1055 3965 1234 4032 iussionem
1244 3965 1389 4050 Regibus
1408 3983 1485 4030 eam

350 4070 502 4155 tenebat,
528 4072 609 4138 etin
625 4073 696 4139 rita
711 4091 773 4139 sua
788 4073 924 4150 tradidit
939 4074 1050 4141 omnia
1065 4073 1099 4140 in
1120 4093 1219 4140 manu
1235 4073 1362 4140 Judicis
1381 4071 1485 4139 Bolis·

350 4178 428 4263 lavi,
446 4185 479 4244 et
493 4175 570 4246 iecit
585 4198 659 4245 enm
675 4179 739 4246 sibi
754 4178 874 4265 tilium;
902 4182 943 4249 ab
960 4181 1016 4248 illo
1033 4187 1149 4265 quarto
1168 4181 1221 4247 die
1237 4179 1348 4248 omnia
1364 4199 1486 4246 caussa

351 4287 454 4373 ipsius
479 4287 513 4353 in
529 4293 693 4373 potestate
718 4289 878 4376 praedicti
901 4290 1028 4357 Judicis
1053 4290 1132 4375 fuit,
1161 4299 1194 4358 et
1210 4299 1286 4357 tunc
1310 4289 1367 4356 ille
1393 4288 1485 4355 dedit

350 4394 457 4483 ipsam
472 4395 709 4463 haereditatem
726 4397 769 4463 ad
777 4399 932 4466 Sanctum
946 4399 1167 4466 Benedictum.
1186 4398 1394 4484 Quapropter
1409 4396 1483 4484 Ego

350 4502 595 4589 intendendo,
612 4513 732 4571 etcum
749 4508 829 4574 meis
846 4507 1079 4595 suprascriptis
1100 4507 1354 4594 consanguineis
1371 4507 1486 4573 simili·

349 4618 399 4684 ter
415 4628 489 4680 eam
504 4609 737 4682 affirmavimus
752 4633 811 4702 per
827 4613 1003 4684 remedium
1021 4623 1204 4684 nostrorum
1220 4615 1483 4700 consanguineo·
