3202 5190
563 345 719 459 pop

79 571 192 640 cuum,
220 557 254 620 el
269 551 455 640 praeditum
472 553 661 636 honestate,
687 571 782 636 quem
807 551 891 619 inter
919 559 1066 620 caeteros
1093 551 1210 620 fratres

78 667 208 730 nostros
225 660 380 746 specialis
406 658 589 726 dulcedinis
605 658 747 726 brachiis
767 658 1014 744 amplexamur,
1040 659 1073 725 in
1093 660 1210 746 Belga-

15 778 18 795 '
78 768 163 835 riam
179 775 213 835 et
227 768 375 834 Blaciam
391 788 412 834 a
427 773 540 834 nostro
557 766 659 833 latere
675 766 888 852 destinamus,
910 769 967 850 qui
985 768 1209 838 charissimum

76 878 109 944 in
126 875 258 945 Christo
284 875 384 942 lilium
407 874 641 961 Oalojoanncm
657 875 781 960 Regem
804 874 1026 958 Bulgarorum
1052 883 1084 943 et
1099 877 1210 946 Blacc-

77 1005 148 1051 mm
163 985 327 1053 illustrem
343 984 536 1052 auctoritate
553 1003 592 1050 ac
610 983 682 1051 vice
699 990 813 1050 nostra
828 984 977 1069 inungat,
998 989 1161 1071 sceptrum
1179 986 1210 1053 ei

77 1093 203 1176 Regale
213 1091 345 1175 tribuat,
357 1098 389 1158 et
400 1091 548 1178 imponat
558 1091 694 1175 Regium
705 1088 866 1156 diadema
878 1087 1027 1174 (tumque
1038 1093 1105 1178 tibi,
1117 1113 1209 1160 vene·

76 1199 194 1265 rabilis
210 1198 312 1267 frater
323 1204 434 1266 noster
445 1248 452 1263 .
465 1249 492 1264 ..
510 1197 1066 1286 Archiepiseopelhinovitanensis,
1083 1221 1142 1288 per
1162 1201 1206 1268 di-

75 1305 195 1373 lectum
211 1307 312 1374 lilium
328 1307 358 1372 J.
377 1306 593 1393 capellanum
608 1311 755 1372 nostrum
765 1354 774 1388 ,
797 1305 933 1391 pallium
951 1307 1139 1376 duxerimus
1156 1309 1207 1376 de-

76 1414 274 1498 stinandum,
299 1419 332 1482 et
352 1413 560 1482 statuerimus
575 1419 608 1480 te
630 1414 729 1480 totius
745 1413 921 1498 Bulgariae
937 1435 976 1480 ac
995 1415 1129 1484 Blaeiae
1143 1417 1208 1482 Pri-

78 1529 210 1605 matum,
226 1543 286 1608 per
300 1521 448 1588 eumdem
459 1522 617 1607 Legatum
629 1520 723 1588 vohis
736 1519 1009 1608 Metropolitanis,
1025 1543 1106 1608 quos
1122 1523 1209 1590 idem

79 1627 280 1714 Capelianus
297 1629 470 1697 instituens
486 1627 517 1696 ei
534 1629 574 1695 de
587 1649 670 1696 novo
687 1628 837 1713 subjecit,
854 1629 1003 1715 pallium,
1020 1631 1148 1716 insigne
1163 1635 1208 1699 vi-

76 1733 197 1801 delicet
207 1735 422 1820 plenitudinis
434 1735 635 1804 Pontifiealis
652 1735 759 1820 ollioii,
781 1733 990 1821 destinamus,
1014 1738 1208 1823 robisjuxta

76 1841 217 1910 formam
226 1894 235 1929 ,
253 1865 351 1929 quam
367 1846 427 1911 sub
444 1845 535 1911 bulla
550 1849 663 1911 nostra
678 1844 888 1910 interclusam
905 1843 1072 1930 mittimus,
1099 1848 1204 1915 eonte-

76 1950 233 2036 rendum3
251 1952 356 2018 eidem
372 1972 501 2038 quoque
513 1951 638 2038 Legato
655 1951 785 2038 plenam
803 1951 997 2018 contulimus
1014 1953 1205 2023 facultatem

76 2057 282 2143 corrigendi,
311 2079 395 2142 quae
411 2058 606 2144 corrigenda
630 2059 838 2142 cognoverit,
868 2064 901 2123 et
916 2059 1101 2146 statuendi,
1122 2080 1206 2146 quae

76 2164 208 2232 duxerit
223 2167 416 2252 statuenda,
444 2165 638 2232 mandantes
654 2167 788 2249 eisdem,
813 2171 848 2231 ut
862 2171 929 2232 tam
945 2167 1086 2252 clerum,
1107 2189 1204 2253 quarn

76 2274 245 2358 populum,
257 2271 290 2338 iu
300 2272 363 2357 his,
381 2293 465 2356 quae
476 2273 639 2359 pertinent
650 2273 693 2339 ad
704 2274 779 2340 lidci
791 2274 997 2341 Christianae
1013 2275 1204 2362 protectum,

75 2379 261 2464 informent,
279 2385 311 2447 et
327 2381 367 2447 de
384 2381 611 2449 benevolentia
627 2388 740 2448 nostra
756 2381 899 2449 efficiant
915 2383 1079 2450 certiores.
1100 2385 1206 2451 Mone-

77 2508 150 2554 mus
167 2487 269 2572 igitur
283 2489 528 2557 universitatem
544 2496 696 2574 vestram,
719 2497 751 2556 et
767 2491 976 2558 exhortamur
991 2492 1157 2580 attentius,
1174 2497 1206 2557 et

77 2617 135 2682 per
152 2597 345 2683 Apostoliea
371 2597 465 2665 vobis
490 2597 613 2683 scripta
631 2597 842 2681 mandamus,
867 2603 1027 2683 quatenus
1047 2600 1206 2685 Legatum

77 2705 208 2791 ipsum,
234 2704 318 2772 sicut
333 2725 507 2790 personam
531 2712 694 2789 nostram,
719 2703 785 2772 imo
800 2725 860 2772 nos
877 2714 909 2772 et
925 2707 1059 2773 Beatum
1076 2708 1206 2776 Petrum

77 2813 109 2877 in
126 2812 211 2898 ipso,
230 2809 369 2896 benigne
384 2810 552 2898 recipiatis
569 2819 601 2879 et
616 2812 790 2879 honorilice
807 2813 1012 2897 pertractetis
1022 2863 1031 2898 ,
1052 2834 1102 2898 ea,
1120 2834 1205 2898 quae

76 2919 238 2986 intervos
254 2918 448 3004 corrigenda
464 2919 657 2987 duxeritvel
674 2919 772 2986 etiam
790 2919 972 3004 statuenda,
990 2921 1204 3007 suscipientes

78 3027 227 3094 hilariter
243 3031 276 3093 et
291 3027 527 3094 inviolabiliter
551 3028 781 3111 observantes,
808 3033 852 3110 ut,
870 3025 931 3092 etsi
948 3025 1073 3093 fueritis
1099 3029 1204 3094 hacte-

77 3154 150 3220 nus,
168 3133 253 3200 sicut
267 3153 345 3201 oves
362 3141 525 3220 errantes,
548 3155 588 3202 ex
606 3155 668 3220 quo
684 3140 793 3200 tamen
811 3133 960 3200 conversi
976 3134 1055 3200 estis
1073 3134 1116 3201 ad
1131 3135 1205 3221 Epi-

77 3262 215 3329 scopum
239 3246 271 3308 et
295 3250 460 3328 pastorem
491 3245 673 3310 animarum
697 3249 899 3326 vestrarum,
926 3243 997 3326 ejus
1025 3241 1205 3326 sequamini

77 3351 261 3418 doctrinam
278 3355 310 3417 et
327 3349 486 3436 formam,
511 3351 563 3417 cui
578 3353 737 3418 Dominus
753 3349 852 3417 totius
869 3347 1038 3415 Ecclesiae
1055 3348 1205 3435 Magiste-

77 3459 160 3524 rium
176 3457 361 3526 contumel
377 3458 564 3525 Primatum.
582 3457 702 3526 Cavete
719 3462 835 3542 autem,
858 3476 900 3522 nc
915 3457 956 3524 de
971 3456 1061 3523 facili
1078 3478 1204 3524 movea-

78 3563 156 3629 mini
173 3583 194 3628 a
210 3564 396 3630 constantia
412 3565 528 3630 mentis
543 3570 691 3649 vestrae,
718 3563 824 3632 sedin
845 3566 929 3631 bono
955 3570 1203 3650 perseverantes

77 3671 268 3758 proposito,
297 3673 330 3737 in
347 3672 517 3740 devotione
533 3673 629 3739 Sedis
646 3673 856 3758 Apostolicae
871 3672 1035 3739 humiliter
1051 3675 1204 3759 persista-

76 3781 127 3865 tis,
146 3785 183 3845 ut
198 3781 232 3846 in
248 3781 336 3848 illius
352 3782 528 3850 videamini
542 3789 654 3868 petrae
671 3781 834 3848 soliditate
849 3781 975 3866 firmati,
993 3803 1093 3870 supra
1107 3803 1204 3866 quam

77 3887 238 3954 Dominus
254 3889 422 3955 Ecclesiae
439 3890 548 3975 posuit
564 3887 828 3972 fundamentum,
853 3887 963 3956 claves
980 3890 1083 3974 Regni
1101 3891 1203 3958 coelo-

77 4017 146 4062 mm
163 3995 356 4080 concedens,
383 4003 417 4062 ut
432 4002 529 4081 esset,
555 3996 672 4081 quibus
689 3998 802 4062 Petrus
819 3995 970 4082 aperiret,
996 4004 1154 4082 apertum,
1172 4007 1203 4065 et

77 4105 194 4190 quibus
211 4103 388 4190 clauderet,
406 4123 471 4170 non
485 4111 621 4192 pateret.

214 4304 319 4369 (hligne
332 4320 358 4356 u,
372 4319 395 4355 o.
409 4303 446 4355 11.
461 4304 515 4354 hut.
531 4305 590 4354 ael.
605 4303 640 4366 l.;
660 4305 776 4356 Theium·
789 4321 815 4354 u.
830 4323 853 4354 o.
867 4305 889 4355 1.
903 4303 958 4354 hut.
974 4303 1014 4354 31.
1035 4301 1064 4368 l.)

527 4593 754 4604 n———--
