3202 5190
623 365 783 466 ffli-

134 557 291 626 0bediens
308 559 520 644 permanebit,
541 565 720 628 etounctas
738 572 841 628 terras
858 568 890 629 et
908 569 1021 648 gentes
1031 585 1090 633 suo
1101 567 1264 650 subjectas

133 667 284 752 Imperio,
300 667 334 731 in
350 665 539 733 obedientia
555 673 587 732 et
603 669 781 737 devotione
799 669 894 736 Sedis
910 671 1120 758 Apostolioae
1139 690 1265 740 conser-

133 771 235 838 vabit.
250 770 342 837 Haec
358 771 468 837 omnia
482 771 570 838 bona
586 773 650 839 tide
666 776 820 842 servabo.
837 774 891 841 Sic
907 797 958 842 me
967 779 1057 843 Deus
1074 777 1217 863 adjuvet,
1233 785 1266 844 et

134 880 217 945 haec
232 879 355 946 Sancta
371 879 553 964 Evangelia
568 881 602 947 in
617 885 785 968 praesenti
803 889 835 950 et
851 885 884 950 in
899 882 1017 953 futuro.
1033 889 1147 953 Amen.

299 1092 402 1161 (Migne
414 1111 440 1151 u.
451 1113 475 1148 o.
488 1099 524 1148 Π.
539 1098 595 1150 ket.
610 1099 652 1148 95.
666 1097 692 1160 Ι.;
705 1099 822 1150 Theiner
833 1115 859 1149 u.
871 1117 895 1152 o.
907 1101 929 1150 1.
944 1101 1000 1152 ket.
1013 1101 1056 1151 32.
1069 1099 1102 1162 1.)

568 1413 826 1425 ...m——

594 1983 597 1988 ·
664 1953 739 2020 180.

133 2165 199 2228 ΙΙΙ.
220 2166 308 2230 lucae
321 2166 478 2252 pctpdouk
494 2165 624 2252 dulldjo,
650 2165 792 2252 melylyel
808 2166 993 2230 Jocncitr'oa
1009 2187 1030 2227 a
1046 2163 1196 2250 bolpdrok
1210 2162 1257 2229 tt-

418 2273 576 2358 rdlydoule
591 2295 612 2334 α
628 2272 743 2336 zdszldt
759 2272 860 2336 tuidi.
883 2272 980 2336 1204.

241 2485 448 2553 Innocentius
458 2485 641 2571 Episcopus
658 2490 718 2549 eto.
740 2481 934 2567 Oalojoanni
942 2482 1026 2566 Regi
1043 2482 1258 2565 Balgarorum

133 2598 164 2658 et
180 2592 354 2661 Blaeorum
378 2594 510 2660 Illustri.
534 2593 579 2659 Ut
593 2592 627 2657 in
651 2610 746 2656 eruce
762 2589 894 2657 Domini
918 2589 1021 2656 nostri
1036 2589 1115 2655 Jesu
1138 2585 1258 2652 Christi

132 2719 205 2765 cnm
221 2699 379 2784 Apostolo
396 2699 564 2784 glorieris,
591 2707 623 2764 et
638 2717 702 2764 non
718 2696 787 2780 tibi,
804 2696 862 2762 sed
879 2695 920 2780 ei,
938 2695 989 2761 oni
1008 2693 1147 2760 flectitur
1163 2709 1258 2759 omne

133 2825 238 2889 genn,
263 2812 337 2873 tuos
353 2807 394 2872 de
410 2813 537 2873 caetero
553 2804 735 2891 triumphos
760 2802 927 2885 ascribas,
954 2801 1010 2884 qui
1025 2800 1118 2866 docet
1142 2817 1257 2864 manus

133 2911 176 2976 ad
192 2913 350 2996 praelium
369 2922 401 2981 et
416 2915 537 2999 digitos
553 2919 660 2978 movet
676 2912 720 2978 ad
734 2910 867 2994 bellum,
889 2915 920 2974 et
937 2910 1021 2973 inter
1036 2906 1144 2972 varios
1160 2905 1259 2973 bello-

132 3037 203 3084 rum
220 3027 355 3088 eventus
371 3023 440 3107 ejus
457 3021 615 3106 suffragio
631 3019 754 3087 sentias
770 3025 802 3082 te
815 3016 943 3098 muniri,
961 3014 1013 3080 oui
1022 3013 1179 3079 Dominus
1196 3011 1258 3077 cla·

132 3144 190 3191 ves
207 3129 312 3212 Regni
328 3130 490 3197 coelorum
507 3136 539 3196 et
549 3127 676 3213 ligandi
692 3131 789 3208 atque
805 3123 955 3189 solvendi
966 3119 1103 3187 contulit
1118 3122 1257 3202 potesta·

131 3237 209 3317 tem,
225 3242 355 3321 praeter
364 3237 490 3321 Regiae
499 3235 668 3322 dignitatis
684 3231 839 3317 insignia,
856 3247 940 3314 quae
951 3227 1010 3293 tibi
1024 3245 1085 3313 per
1105 3224 1258 3289 dilectum

131 3342 233 3408 tilium
249 3343 401 3428 Leonem,
417 3345 502 3412 tituli
520 3346 660 3412 Sanctae
673 3339 785 3406 Crucis
798 3336 1028 3420 Presbyterum
1041 3331 1257 3412 cardinalem,

132 3453 344 3542 Apostolioae
369 3453 465 3521 Sedis
490 3455 669 3538 Legatum,
694 3449 800 3515 virum
825 3444 995 3532 providum
1020 3448 1054 3506 et
1075 3441 1256 3522 honestum,

131 3571 209 3628 tuae
225 3562 402 3628 Serenitati
418 3562 606 3644 dirigimus,
632 3577 691 3646 per
707 3555 856 3622 eumdem
875 3551 1041 3634 vexillum,
1069 3568 1130 3634 quo
1147 3551 1258 3613 contra

130 3669 208 3736 illos
224 3668 338 3754 utaris,
355 3669 411 3752 qni
427 3669 586 3736 honorant
601 3665 699 3732 labiis
716 3661 921 3744 Crucifixum,
949 3676 1004 3724 eor
1023 3661 1133 3720 autem
1148 3671 1258 3719 eorum

133 3784 183 3842 est
200 3777 413 3861 longinquum
430 3776 471 3842 ab
488 3775 580 3860 ipso,
602 3771 644 3838 ad
659 3771 848 3858 petitionem
864 3761 1061 3832 venerabilis
1077 3760 1189 3827 fratris
1205 3779 1258 3825 no·

132 3885 192 3952 stri
207 3883 245 3948 B.
262 3880 575 3949 Brendizuberensis
591 3877 758 3965 Episcopi,
774 3875 836 3941 tibi
852 3872 1003 3939 duximus
1021 3867 1257 3935 destinandum.

130 3991 323 4060 Praetendit
349 3998 456 4057 autem
479 4009 544 4056 non
559 3987 629 4054 sine
645 3982 801 4070 mysterio
827 3998 951 4045 crucem
979 3981 1012 4042 ot
1027 3977 1156 4057 claves,
1182 3973 1259 4056 quia

131 4102 254 4170 Beatus
269 4100 385 4166 Petrus
402 4095 579 4182 Apostolus
605 4099 638 4159 et
653 4109 780 4158 erucem
803 4107 862 4174 pro
879 4085 1008 4152 christo
1031 4081 1202 4161 sustinuit,
1227 4085 1259 4143 et

133 4213 244 4278 claves
260 4229 281 4274 a
297 4207 425 4274 Christo
443 4203 596 4288 suscepit.
619 4203 857 4284 Repraesentat
872 4195 983 4276 itaque
999 4190 1127 4273 signum
1143 4184 1257 4265 erneis,

130 4320 165 4386 in
180 4338 246 4402 qno
262 4315 422 4398 Christus,
439 4316 551 4400 utpote
568 4309 623 4393 qni
638 4307 751 4390 vincit,
771 4309 885 4388 regnat
900 4305 932 4364 et
948 4299 1096 4382 imperat,
1118 4291 1259 4357 debella·

130 4428 179 4494 rit
195 4443 312 4492 aereas
338 4427 537 4508 potestates,
563 4415 645 4480 etin
668 4432 731 4496 quo
755 4409 888 4496 capiens
914 4401 1039 4491 praeda
1062 4395 1259 4485 praedonem

132 4533 323 4616 absorbuit,
350 4529 491 4598 moriens
515 4524 585 4590 vita
610 4527 746 4588 mortem
772 4523 805 4583 et
820 4510 998 4580 Behemoth
1022 4505 1109 4593 cepit
1132 4505 1166 4571 in
1190 4501 1259 4568 suis

131 4643 235 4712 oculis
252 4639 347 4725 quasi
362 4639 468 4705 homo.
491 4632 625 4699 Clavem
642 4635 749 4694 autem
765 4624 930 4710 geminam
945 4617 1190 4704 repraesentat,
1215 4607 1259 4674 di·

1037 4732 1100 4790 19*
