3238 5184
376 497 589 589 penitentiam
605 493 646 560 dc
663 491 858 578 commissis,
875 499 907 558 ct
923 489 1113 557 satisfacere
1134 511 1276 578 congrue
1291 493 1425 562 cuidam
1442 497 1513 562 vul-

377 615 490 678 nerato
516 606 558 674 ab
584 604 631 670 eis
658 611 691 670 et
716 600 857 688 spoliato
881 601 1063 686 presbitero
1090 603 1324 672 contradicunt.
1354 605 1512 671 Preterea

377 720 482 786 dictus
499 715 622 798 Abbas,
633 710 751 777 interni
761 709 891 776 luminis
908 709 1081 795 splendore
1102 711 1259 798 privatus,
1274 713 1369 797 qnasi
1386 732 1512 800 passus

377 825 491 896 mentis
502 824 644 906 exilium,
655 818 840 906 prudenter,
853 825 947 902 prout
957 818 1118 904 convenit,
1129 839 1194 887 non
1208 819 1393 904 attendens,
1405 840 1510 903 qnam
1607 841 1608 852 ¹

377 955 531 1022 magnum
542 934 584 1000 sit
594 927 797 996 Eucharistie
807 928 1061 1010 Sacramentum,
1079 926 1351 1009 quodseoundnm
1365 930 1513 1015 Aposto·
1607 933 1608 940 ’

381 1039 697 1110 lummanifestatum
708 1033 801 1102 estin
812 1053 919 1116 carne,
930 1033 1140 1100 iustificatum
1156 1035 1189 1100 in
1213 1037 1337 1122 spiritu,
1349 1039 1512 1122 apparuit

374 1150 512 1236 angelis,
525 1146 727 1233 predicatum
740 1143 902 1228 gentibus,
917 1141 1072 1208 creditum
1082 1143 1164 1227 Deo,
1182 1153 1381 1230 assumptum
1392 1146 1426 1210 in
1438 1148 1512 1230 glo-

377 1260 436 1346 ria,
455 1265 487 1322 et
503 1252 590 1339 quod
606 1273 670 1320 non
696 1251 759 1318 nisi
777 1270 859 1337 puro
875 1249 982 1334 eorde,
1010 1249 1139 1315 mundis
1165 1251 1315 1318 manibus
1332 1260 1363 1318 et
1390 1254 1513 1322 contui-

374 1369 463 1434 tione
480 1365 599 1430 devota
623 1359 789 1428 offerenda
806 1363 855 1424 cst
874 1358 983 1424 hostia
1000 1358 1162 1444 salutaris,
1189 1379 1248 1425 neo
1269 1359 1350 1426 inter
1366 1362 1513 1428 celestes

377 1474 467 1541 cibos
493 1480 525 1538 et
550 1490 654 1557 panes
680 1468 782 1534 laicos
807 1468 925 1533 devota
944 1467 1153 1536 veneratione
1180 1466 1385 1554 discernens,
1410 1481 1512 1538 nocte

378 1587 492 1648 sancta
517 1576 670 1644 Nathalis
687 1575 817 1642 Domini
834 1573 1017 1660 nephandis
1042 1575 1166 1641 actibus
1183 1575 1389 1661 depravatus,
1415 1576 1510 1643 dicta

378 1692 478 1757 missa
495 1707 567 1754 cum
577 1683 772 1769 quibusdam
789 1681 983 1768 subscriptis
1001 1681 1167 1750 monachis
1183 1682 1404 1770 solempniter,
1421 1685 1509 1750 bibit

378 1805 497 1880 nectar,
515 1799 548 1859 et
564 1793 680 1858 iterum
692 1796 766 1876 post
782 1789 910 1874 calices,
928 1809 1127 1874 quamquam
1138 1791 1324 1856 nullatcnus
1335 1791 1509 1858 dormivis-

378 1915 437 1992 set,
464 1901 657 1986 sollempnia
674 1898 860 1966 celebravit.
887 1899 1001 1964 Inieoit
1026 1917 1154 1984 quoque
1174 1918 1287 1964 manus
1313 1900 1444 1984 publice
1471 1902 1508 1967 in

378 2013 525 2082 Ecclesia
541 2011 573 2076 in
590 2005 763 2095 quemdam
789 2007 1005 2092 presbiterum
1022 2014 1143 2074 temere
1162 2007 1332 2092 violentas,
1359 2008 1508 2092 quicum

379 2123 421 2188 ad
446 2119 645 2207 presentiam
670 2114 867 2182 venerabilis
892 2113 1002 2180 fratris
1018 2116 1118 2182 nostri
1135 2165 1141 2178 .
1161 2165 1168 2180 .
1188 2167 1194 2180 .
1213 2115 1409 2182 Absarensis
1430 2117 1508 2203 Epi-

379 2229 468 2316 scopi
486 2250 506 2294 a
523 2225 615 2294 nobis
632 2223 776 2308 delegati
792 2223 926 2308 citabat,
953 2223 1090 2309 turpiter
1106 2224 1139 2288 in
1155 2229 1273 2290 terram
1292 2225 1448 2310 proiectis
1465 2227 1507 2292 ci-

379 2337 511 2404 tationis
528 2335 654 2417 litteris,
672 2351 753 2415 quas
773 2332 802 2397 ci
819 2330 952 2398 abstulit
969 2331 1137 2415 violenter,
1154 2339 1185 2397 et
1201 2334 1504 2400 excommunicatus

379 2445 421 2511 ad
438 2443 627 2510 mandatum
657 2443 761 2528 ipsius
777 2442 943 2527 Episcopi,
968 2441 1107 2525 pulsatis
1124 2444 1305 2528 campanis,
1330 2464 1388 2528 per
1403 2451 1506 2508 totam

379 2554 545 2620 civitatem
562 2551 684 2620 Jadere
701 2549 866 2616 nuntiatus
882 2569 947 2615 non
963 2549 1129 2634 abstinuit,
1145 2569 1206 2617 nec
1221 2551 1365 2617 abstinet
1380 2572 1400 2616 a
1417 2551 1506 2616 Divi-

380 2662 449 2728 nis:
466 2659 523 2728 sed
541 2659 583 2725 ud
601 2657 733 2724 maioris
750 2655 931 2740 iniquitatis
943 2658 1104 2723 cumulum
1120 2665 1152 2723 et
1171 2659 1394 2724 ecclesiastice
1411 2657 1507 2722 disei-

381 2769 470 2858 plinc
487 2773 715 2850 contemptum,
735 2763 845 2828 ascitis
862 2763 924 2830 sibi
942 2765 1227 2830 excommnnicatis
1245 2763 1413 2850 predictis,
1432 2785 1508 2830 can-

380 2876 478 2942 tando
495 2873 645 2940 discurrit
661 2892 733 2937 cum
744 2873 839 2936 mitra
856 2877 887 2937 ct
904 2871 1020 2940 baculo
1036 2891 1095 2956 per
1104 2873 1256 2958 plateam.
1274 2874 1425 2956 Denique
1435 2893 1508 2938 cum

379 2985 499 3051 dictum
516 2981 746 3049 llonasteriunr
763 2987 930 3064 tamquam
947 2981 1044 3046 uinea
1070 2981 1215 3064 gratiosa
1231 2982 1265 3046 in
1281 2980 1508 3067 spiritualibus

381 3101 412 3160 et
427 3090 660 3178 temporalibus
676 3089 789 3154 llorere
801 3090 1007 3154 consueuerit
1022 3090 1221 3174 abantiquo,
1238 3111 1323 3156 nunc
1333 3111 1393 3176 pcr
1403 3090 1508 3175 ipsius

382 3200 520 3266 Abbatis
532 3196 804 3280 incuriam,immo
816 3197 955 3280 culpam,
964 3194 1045 3262 adeo
1056 3197 1148 3261 estin
1160 3196 1303 3280 utrisque
1311 3198 1508 3283 collapsum,

381 3315 413 3375 et
429 3306 601 3375 collabitur
610 3307 820 3388 incessanter,
842 3303 928 3388 quod
939 3304 994 3368 vix
1006 3323 1146 3387 unquam
1156 3303 1286 3387 adiciet,
1300 3311 1336 3371 nt
1345 3311 1508 3388 resurgat.

381 3415 456 3481 Jarn
472 3415 557 3481 enirn
573 3415 606 3479 in
624 3415 695 3500 ipso
712 3413 911 3480 monasterio
929 3414 983 3478 vix
1001 3412 1169 3496 religionis
1188 3411 1327 3494 vestigia
1344 3433 1508 3478 remanse-

383 3530 465 3606 runt,
483 3522 701 3605 unusquisque
729 3521 877 3603 graditur
892 3527 967 3606 post
993 3520 1157 3588 desideria
1173 3520 1279 3586 cordis
1295 3520 1355 3606 sui,
1383 3520 1510 3586 indiffe-

381 3637 489 3695 renter
516 3648 625 3693 omnes
644 3633 774 3693 utuntur
799 3627 962 3712 carnibus,
980 3628 1120 3694 dormire
1145 3629 1178 3694 in
1195 3627 1385 3694 dormitorio
1413 3629 1508 3695 simul

382 3737 504 3820 nolunt,
531 3741 563 3801 et
579 3735 645 3801 alia
661 3737 762 3803 multa
788 3737 990 3804 committunt
1007 3737 1162 3820 enormia,
1187 3755 1249 3822 que
1265 3744 1341 3803 sunt
1355 3757 1377 3802 a
1400 3757 1508 3805 mona·

383 3843 469 3912 cheli
486 3843 646 3912 modestia
661 3845 791 3932 penitus
809 3846 927 3912 aliena.
954 3845 1104 3912 Prolatus
1121 3867 1197 3912 vero
1213 3845 1374 3932 presbiter
1391 3847 1509 3912 Passa-

382 3972 478 4020 renus
495 3949 535 4017 de
551 3953 703 4038 periurio,
722 3953 882 4020 adulterio
899 3956 997 4022 etiam
1013 3955 1047 4021 in
1064 3954 1205 4022 ecclesia
1215 3953 1420 4038 dampnabili
1438 3973 1510 4039 pre·

382 4061 563 4148 sumptione
580 4061 762 4148 commisso,
780 4061 865 4130 furto
881 4069 913 4130 et
928 4063 1112 4149 sacrilegio,
1131 4084 1170 4129 ac
1186 4062 1296 4128 multis
1311 4061 1387 4127 aliis
1405 4061 1509 4127 erimi-

384 4169 477 4236 nibus
493 4167 639 4252 legitime
657 4174 706 4235 est
723 4169 898 4238 conuictus.
920 4171 962 4236 Et
976 4171 1052 4237 licet
1068 4171 1112 4236 ad
1128 4170 1360 4237 correctionem
1377 4170 1449 4236 eins
1464 4171 1508 4236 in-

382 4275 525 4341 tenderis
542 4274 727 4360 diligenter,
757 4277 828 4364 ipse
844 4285 963 4365 tamen,
982 4279 1058 4345 licet
1073 4265 1281 4349 correctionis
1300 4285 1332 4344 ct
1348 4278 1509 4344 humilita-

383 4382 424 4448 tis
441 4382 537 4467 signa
552 4385 757 4470 pretendens,
787 4387 883 4454 solito
900 4386 1090 4456 insolentior
1106 4395 1156 4453 est
1171 4387 1315 4471 effectus,
1336 4393 1369 4452 et
1385 4407 1510 4456 excom-

384 4490 604 4558 municatione
620 4497 760 4578 notatus,
787 4495 901 4562 amicis
919 4501 952 4560 et
967 4496 1159 4582 propinquis
1175 4497 1218 4563 ad
1234 4517 1269 4564 se
1285 4495 1423 4580 vocatis,
1439 4496 1511 4561 mis-

384 4617 454 4664 sam
479 4601 673 4687 contemptis
697 4601 843 4670 Ecclesie
868 4601 1026 4689 clunibus,
1052 4613 1185 4674 cantare
1211 4604 1421 4690 solempniter
1446 4623 1511 4672 non
