3202 5190
605 325 760 428 Q

119 541 180 590 sua
196 524 369 608 ungendos
385 523 578 610 Episcopos,
601 544 691 591 more
705 521 937 609 Apostolorum
953 531 985 591 et
1000 527 1143 612 Moysis3
1171 525 1248 611 quie

120 631 227 696 omnis
244 631 460 699 sanctificatio
476 633 509 698 in
520 633 643 718 Spiritu
654 633 774 698 Sancto
791 631 949 714 consistit,
967 633 1058 716 cujus
1073 633 1248 700 invisibilis

119 736 224 802 virtus
240 740 361 806 Sancto
386 739 554 806 chrismati
570 747 619 806 est
637 737 803 824 permista.
821 737 914 804 Unde
934 739 1017 805 scire
1040 746 1072 806 te
1089 741 1247 824 volumus,

118 845 204 912 noes
221 865 295 912 esse
312 847 437 932 species
454 846 615 914 unctionis
632 868 640 908 ε
658 846 871 928 exteriorem,
900 863 983 928 quae
1003 849 1183 915 materialis
1199 855 1249 914 est

120 960 153 1020 et
169 954 332 1038 visibilis;
360 961 392 1020 et
408 954 614 1037 interiorem,
641 975 724 1039 quae
741 961 791 1020 est
806 953 988 1040 spiritualis
1014 962 1046 1022 et
1064 956 1248 1023 invisibilis.

121 1061 294 1127 Exteriore
312 1061 484 1130 visibiliter
501 1062 632 1146 ungitur
649 1081 778 1147 corpus,
803 1063 955 1128 interiore
971 1061 1179 1130 invisibiliter
1196 1084 1249 1130 nn·
1272 1077 1276 1080 ’

122 1170 211 1252 gitur
227 1189 291 1237 cor.
319 1173 369 1237 De
384 1171 492 1256 prima
506 1172 650 1240 Jacobns
671 1171 848 1258 Apostolus
867 1171 931 1238 ait:
959 1172 1162 1258 „Infirmatur
1177 1175 1250 1257 quis

120 1277 154 1343 in
171 1277 295 1344 vobis?
323 1275 408 1364 (Jac.
426 1278 479 1368 V.)
506 1281 644 1346 inducat
668 1280 876 1366 presbyteros
898 1279 1085 1364 Ecclesiae,
1111 1287 1144 1347 et
1160 1287 1252 1348 orent

121 1404 332 1471 supereum,
361 1395 519 1470 ungentes
542 1407 614 1454 eum
633 1388 703 1453 cleo
728 1388 762 1452 in
777 1387 908 1453 nomine
922 1387 1072 1470 Domini,
1098 1393 1130 1454 et
1146 1387 1251 1455 oratio

122 1492 199 1558 fidei
216 1493 362 1558 salvabit
377 1493 569 1560 infirmnm.“
588 1496 638 1560 De
655 1494 799 1564 secunda
813 1493 959 1561 Joannes
984 1493 1160 1580 Apostolus
1185 1495 1252 1560 ait:

126 1602 234 1686 „Vos,
253 1602 436 1669 unctionem
452 1623 550 1687 qnam
567 1604 743 1689 accepistis
762 1604 804 1669 ab
822 1624 869 1688 co,
887 1611 1018 1670 maneat
1040 1604 1073 1669 in
1089 1605 1202 1688 vobis,
1221 1611 1253 1669 et

124 1728 190 1775 non
213 1728 350 1776 neeesse
367 1711 515 1794 habetis,
541 1719 577 1778 ut
593 1711 712 1795 aliquis
729 1711 844 1778 doceat
860 1732 936 1794 vos,
963 1711 1021 1779 sed
1045 1713 1127 1778 sicut
1144 1712 1252 1778 unctio

124 1817 198 1902 ejus
217 1838 276 1884 vos
293 1818 388 1886 docet
404 1820 445 1886 de
468 1817 638 1887 omnibns“
658 1817 698 1906 (I.
715 1819 811 1886 Joan.
829 1819 897 1908 ΙΙ.).
924 1819 1042 1886 Unctio
1066 1819 1205 1886 visibilis
1221 1824 1253 1884 et

125 1925 291 2008 exterior,
309 1925 437 2010 signum
456 1933 506 1992 est
521 1925 684 1992 interioris
701 1933 733 1990 et
747 1925 922 1992 invisibilis
938 1925 1118 2010 unctionis,
1145 1927 1253 1992 unctio

128 2051 207 2101 vcro
233 2033 409 2100 invisibilis
433 2041 465 2100 et
480 2034 622 2116 interior,
649 2054 712 2101 nou
728 2033 930 2101 solummodo
956 2039 1006 2099 cst
1021 2035 1169 2118 signum,
1195 2034 1254 2100 sed

128 2142 228 2207 etiam
245 2148 505 2226 sacramentum
533 2142 629 2228 quia,
656 2142 683 2208 si
701 2141 799 2227 digne
826 2147 991 2224 sumatur,
1017 2141 1069 2207 vel
1085 2141 1175 2227 agit,
1201 2141 1254 2206 vel

128 2255 229 2334 auget
254 2250 379 2334 absque
405 2250 523 2334 dubio,
552 2250 639 2334 quod
655 2250 818 2333 designat.
844 2249 895 2315 Ad
915 2249 1130 2316 exhibendam
1156 2249 1255 2332 igitur

128 2357 324 2422 exteriorem
339 2363 374 2423 et
388 2357 550 2424 visibilem
567 2357 770 2440 unctionem,
798 2355 1001 2423 benedicitur
1015 2356 1141 2440 oleum,
1168 2355 1255 2440 quod

129 2465 249 2531 dicitur
265 2467 567 2535 catechumenorum
580 2466 632 2532 vel
650 2466 859 2549 infirmorum,
877 2473 910 2532 et
926 2463 1092 2531 conficitur
1103 2465 1254 2549 chrisma,

129 2572 218 2656 quod
235 2591 276 2638 cx
292 2573 365 2640 olco
382 2573 417 2638 tit
433 2581 465 2640 ct
481 2574 639 2658 balsamo,
657 2572 797 2659 mystica
812 2574 947 2641 ratione.
964 2574 1027 2638 Per
1040 2573 1146 2638 oleum
1159 2573 1254 2654 enim,

131 2680 218 2747 nitor
233 2681 452 2748 conscientiae
469 2683 669 2767 designatur,
682 2683 779 2764 juxta
795 2681 881 2765 quod
896 2680 1033 2766 legitur:
1057 2679 1256 2767 „Pmdentes

130 2789 279 2873 virgines
305 2799 498 2876 acceperunt
524 2792 630 2858 oleum
656 2791 688 2857 in
715 2791 804 2856 vasis
830 2790 897 2856 suis
923 2809 995 2854 curn
1026 2785 1254 2874 lampadibns“

130 2895 260 2980 (blattb.
284 2895 424 2982 XXV.);
450 2917 508 2982 per
532 2898 715 2964 balsamum
741 2903 869 2977 antem,
895 2893 1086 2980 exprimitur
1110 2893 1190 2960 odor
1211 2893 1256 2959 ia-

131 3023 206 3070 mae
218 3054 226 3086 ,
253 3005 497 3089 propterquod
522 3005 662 3072 dieitur:
693 3003 803 3089 „Sicut
828 3003 1011 3069 balsamum
1039 3001 1257 3068 aromatizans

132 3111 266 3178 odorem
284 3109 381 3178 dedi“
400 3109 513 3198 (Eeeli.
528 3111 663 3194 XXIV.)
689 3110 759 3178 Hoc
782 3110 882 3193 igitur
907 3109 1080 3175 chrismate
1103 3108 1182 3191 ungi
1205 3107 1257 3173 de-

131 3218 190 3285 bet
204 3218 398 3304 Episcopus,
415 3239 480 3286 non
496 3225 563 3284 tem
579 3218 612 3282 in
629 3236 773 3301 corpore,
791 3235 888 3300 quem
906 3216 940 3280 in
956 3214 1064 3297 corde,
1081 3221 1116 3280 nt
1132 3219 1164 3278 et
1179 3213 1257 3278 intc-

132 3325 201 3392 riue
218 3325 338 3392 habeat
353 3325 489 3393 nitorem
506 3324 725 3391 conscientiae
742 3320 850 3406 quoad
859 3323 977 3404 Deum,
995 3318 1185 3413 etlextcrius
1204 3319 1258 3385 ha·

131 3433 210 3498 beat
226 3431 359 3500 odorem
374 3433 482 3499 fernae
498 3432 606 3516 quoad
623 3431 815 3518 proximum.
840 3430 889 3494 De
909 3428 1012 3496 nitore
1038 3426 1257 3495 conscientiae

134 3539 214 3606 dicit
228 3539 406 3626 Apostolus
423 3561 429 3602 :
450 3539 586 3626 „Gloria
601 3545 715 3606 nostra
730 3539 811 3604 haec
827 3543 886 3621 est,
902 3535 1122 3604 testimonium
1138 3535 1259 3602 consci-

133 3647 244 3738 entiae
270 3646 420 3715 ncstrae“
447 3647 503 3732 (11.
521 3647 595 3714 Cor.
616 3647 657 3732 1.)
681 3645 767 3712 Nam
790 3645 894 3712 omnis
919 3646 1025 3730 gloria
1050 3643 1136 3710 tiliae
1160 3644 1260 3729 Regis

133 3755 179 3820 ab
195 3755 292 3822 intus.
311 3755 362 3820 De
377 3754 477 3821 odore
492 3754 601 3821 lamae
617 3753 704 3822 idem
719 3753 897 3838 Apostolus
913 3753 978 3820 ait:
998 3751 1141 3841 „Christi
1156 3753 1261 3821 bonus

135 3862 219 3930 odor
234 3881 347 3930 sumus
363 3862 397 3928 in
413 3862 501 3929 omni
516 3862 597 3946 loco,
623 3869 655 3928 et
672 3861 746 3930 aliis
762 3882 873 3930 sumus
897 3863 977 3931 odor
992 3864 1079 3929 vitae
1100 3863 1134 3928 in
1149 3864 1260 3944 vitam,

135 3970 213 4037 aliis
229 3969 309 4038 odor
325 3970 439 4039 mortis
455 3969 488 4036 iu
505 3967 659 4038 mortem“
678 3954 735 4057 (il.
747 3968 820 4038 Cor.
832 3971 889 4056 ΙΙ.)
912 3971 1018 4036 Debet
1034 3971 1120 4035 enim
1130 3969 1261 4052 Episco-

135 4097 215 4165 pum
232 4079 352 4146 bonum
367 4078 490 4144 habere
504 4078 735 4162 testimonium,
761 4083 793 4144 et
809 4078 852 4144 ab
868 4077 929 4160 bis,
947 4077 1002 4161 qni
1017 4081 1092 4142 sunt
1107 4075 1205 4157 intus,
1230 4079 1262 4139 et

137 4189 183 4254 ab
199 4186 262 4271 bis,
279 4186 334 4271 qui
350 4193 425 4253 sunt
440 4185 531 4270 foris,
548 4193 582 4252 ut
598 4188 724 4252 cortina
738 4187 898 4254 cortinam
914 4185 1032 4268 trahat,
1053 4189 1085 4249 et
1101 4183 1155 4266 qui
1171 4180 1263 4247 audit

138 4293 248 4360 dicat:
267 4293 358 4360 Veni.
386 4295 457 4361 Hoc
481 4299 645 4379 unguento
673 4299 818 4379 caputet
844 4311 958 4358 manus
974 4289 1129 4375 Episcopi
1155 4307 1263 4354 conse-

137 4406 280 4468 crentur.
298 4401 360 4466 Per
377 4407 475 4487 caput
491 4403 574 4470 eninr
592 4420 683 4469 mene
700 4401 904 4485 intelligitur,
918 4400 1014 4483 Juxta
1029 4396 1130 4462 illud:
1149 4395 1263 4483 „Unge

140 4515 242 4595 caput
267 4513 376 4592 tuum,
404 4514 437 4574 et
461 4509 577 4576 taciem
601 4515 691 4576 tuam
716 4507 812 4576 lava“
832 4505 959 4594 (Matth.
977 4502 1048 4592 vl.)
1068 4504 1130 4570 Per
1150 4522 1264 4569 manne

138 4635 243 4704 opera
259 4615 491 4703 designantur,
509 4617 684 4686 secundum
699 4617 798 4688 illud:
826 4617 963 4706 „Manus
980 4633 1073 4683 mese
1087 4610 1264 4680 distillave-

186 4752 386 4791 monotaimus.
404 4753 474 4791 urar.
493 4765 529 4776 —
549 4755 620 4792 nuru.
639 4747 671 4786 rr.
1063 4733 1101 4790 18
