3200 5182
814 299 971 399 Ad.

328 497 492 586 Episcopo
508 496 718 564 Oraeouieusi
734 497 906 582 pertineat.
932 497 976 562 At
991 497 1020 563 si
1035 495 1153 563 fundus
1170 497 1228 564 ille
1247 495 1335 562 dicte
1350 495 1462 562 Eccle

331 607 378 675 sie
393 627 415 672 a
430 605 636 692 Principibus
661 611 749 670 terre
772 603 1030 688 quandocunque
1054 603 1151 670 fuerit
1174 601 1335 688 donatus,
1362 623 1464 689 quum

330 713 487 799 Princeps
503 719 605 780 totum
618 713 684 796 jus,
710 711 797 796 quod
813 711 936 794 habuit,
958 709 1086 778 videtur
1101 712 1248 778 Ecclesia
1265 711 1464 797 contulisse;

331 829 408 889 tuuc
434 821 475 888 de
490 821 659 908 pensione,
685 841 748 906 que
764 821 848 887 solet
873 819 914 884 dc
929 839 1009 887 auro
1026 822 1078 886 vel
1101 819 1143 886 de
1169 829 1305 904 argente
1332 820 1465 888 domino

332 929 425 996 fundi
451 927 602 1015 dependi,
622 927 766 1014 Principi
783 927 952 1011 medietas,
980 935 1012 993 et
1033 926 1181 994 Ecclesie
1206 927 1368 994 medietas
1394 948 1468 1014 per·
1585 943 1586 946 ’

336 1037 491 1120 soluatur,
508 1035 601 1102 saluo
617 1039 727 1102 tameu
740 1035 816 1120 jure
833 1033 968 1118 decime,
985 1055 1049 1118 que
1065 1055 1194 1120 semper
1205 1035 1355 1126 Ecclesia
1372 1036 1466 1102 debe·

334 1153 397 1210 tur.
425 1143 462 1208 lu
479 1163 542 1226 quo
569 1141 680 1226 fundo,
706 1140 734 1207 si
751 1141 829 1206 dicti
855 1141 997 1208 artifices
1024 1141 1223 1209 mansionem
1248 1141 1405 1224 feceriut,
1431 1144 1466 1208 iu

336 1251 425 1320 omui
446 1251 528 1334 Jure,
558 1251 628 1316 siue
644 1250 815 1336 injudicio
842 1251 912 1316 siue
935 1251 968 1316 iu
995 1251 1081 1336 alijs,
1100 1251 1246 1318 Ecclesia
1263 1251 1465 1332 subiaceant,

336 1367 458 1427 terram
482 1358 642 1444 Principis
669 1367 781 1426 contra
807 1359 975 1426 inuasores
1000 1379 1060 1446 pro
1084 1359 1209 1426 iuribus
1235 1358 1419 1444 defensuri;
1435 1358 1466 1424 si

336 1473 443 1532 autem
460 1468 517 1534 hes
535 1463 634 1554 (aes),
652 1467 831 1554 plumbum,
858 1469 910 1534 sal
925 1469 959 1534 iu
978 1468 1050 1535 solo
1066 1468 1212 1534 Ecclesia
1237 1467 1334 1533 luerit
1360 1467 1467 1532 iuven·

341 1584 418 1660 tum,
440 1576 619 1642 seeundum
636 1576 902 1644 consuetudinem
918 1577 1087 1662 antiquam
1099 1576 1165 1660 juri
1176 1576 1324 1642 Ecclesia
1340 1594 1468 1641 conser-

339 1689 455 1750 uentur
471 1683 682 1769 integraliter.

340 1881 425 1946 (Eunu
439 1879 645 1944 hatdronatuak,
660 1883 730 1948 mely
744 1898 761 1933 a
774 1881 996 1949 magyarorszrlgi
1010 1880 1160 1949 bauydszat
1172 1881 1334 1934 turtduetire
1348 1881 1432 1935 ndns-c
1446 1887 1469 1934 is

339 1973 437 2035 leutos,
460 1975 560 2026 credeti
574 1971 708 2041 pdlddnya
721 1971 896 2040 blirhdrtyau,
917 1991 933 2024 a
946 1975 1117 2040 herenegnelr
1142 1981 1220 2026 vitriis
1240 1973 1467 2041 sclyemzsindron

431 2065 516 2130 filggii
530 2064 638 2131 pecsete
651 2067 728 2130 alatt,
742 2081 759 2116 a
773 2065 869 2115 lrralrdi
883 2064 1014 2131 ktptalan
1027 2061 1212 2116 lsvtlttrtban
1232 2064 1381 2128 drintetilr.)

776 2346 1042 2359 Ἥ

870 2807 948 2876 289.

347 2991 393 3057 ΙΙ.
411 2989 522 3056 Eudo-c
537 2989 645 3076 tirdy
661 2990 765 3053 Deinde
792 2989 961 3054 raddoraulc
977 3013 997 3053 a
1021 2989 1164 3078 Woykffy
1190 2991 1303 3058 esoldd
1318 2995 1367 3058 dai
1381 2994 1473 3060 dirto-

556 3099 640 3161 lcdra
657 3098 833 3162 eonotleozd
846 3097 960 3162 sisteret
974 3099 1151 3185 moperdeite'
1176 3102 1269 3166 1228.

456 3295 494 3359 In
510 3295 638 3360 nomine
664 3295 783 3360 Sancte
799 3293 969 3362 Trinitatis
994 3302 1026 3362 et
1040 3295 1215 3364 Indiuidue
1239 3299 1392 3369 Vnitatis.
1416 3302 1475 3367 Au·

350 3423 424 3472 reas
440 3403 502 3469 Dei
518 3403 633 3486 gracia
655 3403 834 3486 Hungarie,
855 3403 1031 3490 Dalmaeic,
1050 3402 1197 3491 Croaeie,
1213 3409 1325 3494 Rama,
1353 3410 1473 3492 Seruie,

352 3509 502 3593 Gallicis,
530 3509 786 3597 Lodomcriequc
802 3512 873 3578 Rex
897 3512 931 3577 iu
950 3519 1153 3598 perpetuum.
1181 3513 1342 3592 Quoniam
1363 3526 1477 3585 cuncta

350 3623 534 3699 senescunt,
545 3619 886 3702 etomuiatrauseuut3
904 3618 1045 3704 expedit,
1057 3639 1119 3705 quc
1130 3621 1344 3711 hicaguntur,
1355 3629 1475 3714 scripto

352 3723 508 3788 memorie
533 3725 763 3792 commendari.
788 3727 852 3793 Per
867 3745 1003 3812 presens
1022 3727 1177 3813 seriptum
1201 3732 1326 3798 cuuctis
1351 3743 1480 3801 nuncet

353 3831 387 3896 iu
403 3837 570 3914 posterum
582 3827 700 3897 damus
716 3833 750 3900 in
765 3834 938 3921 noticiam,
956 3835 1179 3920 quodlitteras
1192 3837 1334 3906 Dionisii
1345 3839 1479 3911 Comitis

352 3937 496 4006 Palatini
512 3937 643 4023 abipso
660 3947 824 4024 porrectas
839 3944 1021 4028 recepimus
1036 3945 1070 4010 iu
1087 3945 1149 4011 hae
1169 3945 1295 4014 forma:

460 4044 629 4113 Diouiaius
655 4047 718 4114 Dei
742 4049 856 4133 gracia
880 4049 1049 4120 Palatinus
1075 4051 1137 4120 stb.
1165 4049 1260 4140 (mint
1282 4057 1384 4126 alabb
1404 4063 1479 4129 291.

353 4158 443 4222 suam
459 4152 567 4240 alati.)

462 4263 530 4329 Nos
547 4262 646 4345 igitur
661 4263 756 4331 huius
781 4285 954 4351 processus
971 4267 1088 4334 seriem
1113 4279 1219 4337 ratam
1235 4279 1268 4338 et
1285 4273 1413 4342 firmam
1430 4278 1482 4344 ha-

329 4372 333 4387 “
354 4369 477 4453 beutes,
505 4369 539 4435 in
556 4369 775 4437 testimonium
800 4374 849 4440 rei
866 4373 962 4460 lactc,
989 4382 1021 4440 et
1036 4377 1204 4462 amplioris
1224 4379 1302 4446 fidei
1318 4385 1482 4451 certitudi-

354 4495 428 4542 nem
444 4483 611 4562 presentes
636 4479 761 4546 litteras
778 4481 939 4568 dupplicis
966 4483 1067 4566 sigilli
1084 4487 1186 4552 nostri
1214 4490 1391 4557 munimine
1407 4492 1481 4558 leoi-

355 4601 427 4653 uuus
442 4584 701 4656 irreuoeabiliter
716 4589 872 4660 roborari.
897 4591 1017 4660 Datum
1034 4612 1094 4683 per
1110 4615 1224 4664 manus
1242 4599 1394 4686 Magistri
1409 4602 1480 4672 Bul-
