3164 5192
630 864 706 932 139.
728 851 729 855 ¹

96 1059 230 1126 Crtttaro
245 1061 339 1124 adres
363 1058 548 1147 kdasdpdaek
562 1058 715 1148 odosodpi
739 1060 1143 1148 otszoapotszotdtyozcadt
1160 1073 1225 1132 tor·

327 1165 461 1232 talmazd
472 1165 687 1256 tetytotdsdpi
702 1179 885 1236 statuturos.
903 1171 1001 1238 1200.

189 1362 370 1430 Innoruine
380 1361 511 1430 Domini
521 1363 646 1429 aeterni
662 1369 695 1429 et
704 1362 885 1432 Salvatoris
895 1365 997 1431 nostri
1006 1368 1087 1435 Jesu
1098 1368 1227 1435 Christi.
1254 1367 1264 1378 ’

98 1469 194 1538 Anno
211 1469 310 1536 MCC.
327 1469 361 1534 in
376 1489 488 1536 mense
498 1469 647 1536 Januarii
663 1469 696 1534 in
713 1470 766 1536 die
783 1473 846 1536 3-a.
864 1472 934 1538 Nos
949 1473 1080 1541 nornine
1095 1477 1227 1561 populo-

97 1597 170 1644 rum
186 1576 437 1644 Catharinorum
464 1578 611 1662 Lupinus
628 1577 803 1663 ananae,
820 1579 952 1646 Maurus
977 1581 1094 1649 Jaoobi
1112 1585 1227 1668 Leoee,

99 1685 258 1752 Ursaeius
269 1684 439 1768 Simeonis,
456 1684 602 1751 Eutioius
613 1685 800 1772 Miehapag,
812 1687 982 1754 Pasobalis
992 1689 1133 1773 Dragus,
1145 1691 1228 1756 Rille

98 1793 284 1876 Dabrazza,
300 1793 455 1860 Nicotaus
473 1779 626 1877 Graban,
652 1813 724 1859 oum
741 1794 829 1860 omni
844 1796 966 1880 populo
986 1795 1128 1862 civitatis
1144 1797 1230 1863 sirni-

99 1901 174 1968 titer
191 1907 225 1966 et
250 1899 474 1985 dominorum,
501 1901 609 1967 iiieba
623 1901 881 1968 Arobidiaeonus
906 1922 978 1968 oum
1004 1922 1062 1971 suo
1079 1902 1229 1990 Capitulo
1296 1971 1297 1974 ,

99 2007 146 2073 ibi
162 2007 318 2075 existens.
344 2009 538 2076 Reoolentes
555 2013 587 2075 et
602 2008 737 2075 firmiter
751 2009 786 2076 in
801 2015 907 2075 mente
923 2010 1117 2096 retinentes,
1144 2011 1231 2094 quod

101 2113 267 2199 quondam
283 2115 343 2180 sub
358 2120 504 2200 tempore
521 2114 656 2182 Comitis
672 2114 806 2200 Benese,
824 2115 958 2182 veniens
983 2117 1114 2200 quidam
1130 2117 1232 2202 Lega-

99 2229 152 2288 tus
169 2243 191 2288 a
207 2222 307 2290 Curia
321 2224 499 2305 Romania,
526 2224 657 2291 nomine
673 2224 871 2310 Gualterius,
898 2230 1056 2292 eteorum
1075 2227 1125 2292 sui
1141 2243 1231 2312 prae-

100 2328 210 2396 sentia
235 2329 467 2396 reolamavisse
492 2330 591 2397 totius
618 2331 758 2416 populus
782 2331 924 2398 civitatis
950 2331 991 2398 de
1008 2332 1231 2418 superfluitate

100 2437 245 2521 laboris,
273 2456 369 2520 quam
385 2437 456 2504 sine
480 2437 702 2505 misericordia
726 2437 879 2522 exigebat
895 2459 915 2504 a
931 2439 998 2506 suis
1018 2438 1229 2506 debitoribus.

102 2543 198 2610 Unde
215 2563 275 2630 per
290 2544 491 2613 voluntatem
507 2547 649 2613 omnium
664 2552 811 2612 nostrum
830 2565 870 2612 ex
882 2546 1029 2630 jussione
1041 2545 1232 2631 Apostolioa

102 2651 318 2718 decreverunt
333 2651 403 2735 hoo,
429 2659 463 2718 ut
479 2671 539 2738 pro
556 2651 669 2718 decern
687 2652 781 2718 annis
798 2651 840 2716 de
854 2653 968 2719 labore
990 2673 1053 2719 non
1070 2653 1143 2738 plus
1160 2672 1232 2737 pos-

102 2759 145 2826 sit
161 2776 321 2842 quaerere
336 2763 489 2842 exactor,
518 2759 582 2825 nisi
601 2759 784 2844 duplicatos
800 2759 924 2826 solidos
949 2759 993 2825 ad
1009 2761 1166 2826 rationem
1191 2757 1233 2822 de

103 2865 247 2950 quinque
263 2865 296 2930 in
314 2885 390 2950 sex;
419 2866 572 2950 quoniam
588 2867 622 2932 in
639 2866 771 2951 antiquo
788 2873 932 2954 ternpore
951 2866 1013 2934 boo
1029 2867 1088 2932 suit
1104 2886 1163 2933 usu
1180 2885 1232 2930 no·

103 2983 194 3041 strae
210 2973 372 3059 civitatis,
398 2974 497 3040 alium
514 2977 661 3041 laborem
677 2995 741 3042 non
757 2973 941 3060 exigebant,
956 2973 1020 3040 nisi
1036 2973 1076 3040 de
1092 2975 1233 3058 quinque

103 3083 136 3147 in
153 3100 224 3148 sen.
252 3080 346 3147 Unde
363 3103 421 3167 pro
438 3081 550 3149 decem
578 3082 672 3150 annis
688 3082 839 3148 deorsum
864 3103 928 3150 non
944 3079 1048 3166 possit
1067 3099 1233 3164 quaerere,

104 3189 170 3254 nisi
189 3187 332 3254 medium
348 3188 495 3256 laborem
507 3189 548 3256 de
564 3189 704 3275 quinque
720 3191 752 3256 in
768 3209 846 3273 sex,
867 3194 900 3254 et
916 3187 1026 3253 deoem
1036 3205 1113 3254 vero
1129 3207 1233 3253 annos

104 3315 235 3362 sursum
245 3315 310 3364 non
319 3295 425 3382 possit
437 3315 594 3380 quaerere
605 3297 668 3363 nisi
679 3295 873 3383 duplicatos.
893 3284 1236 3378 Hanequidem'serip-

106 3411 215 3470 turam
231 3403 314 3470 bene
330 3403 505 3472 reeolimus
522 3424 596 3472 esse
611 3403 742 3491 saetam,
768 3403 826 3472 sed
841 3405 931 3472 nullo
947 3401 1042 3470 modo
1059 3419 1132 3468 eam
1148 3400 1233 3466 inve-

105 3511 176 3578 nire
191 3511 356 3596 potuimus
369 3537 377 3597 3
402 3513 461 3580 sed
476 3514 554 3598 quia
569 3519 694 3599 euneta,
712 3533 796 3598 quae
812 3513 880 3579 illie
895 3512 1018 3596 seripta
1034 3515 1119 3594 sunt,
1135 3509 1235 3596 pleni·

105 3623 155 3684 ter
170 3619 369 3704 redolentes,
392 3620 487 3704 juxta
503 3621 564 3686 hoo
581 3619 743 3687 decretum
760 3621 845 3687 hane
860 3619 1054 3705 scripturam
1070 3615 1237 3686 confirma·

106 3745 189 3810 mus,
207 3730 239 3791 et
256 3725 391 3794 firmiter
417 3727 651 3813 perpetualiter
668 3742 741 3794 esse
757 3727 929 3814 tenendam
950 3725 1113 3794 communi
1128 3725 1237 3792 voiun-

106 3838 175 3898 tate
186 3833 351 3917 jubemus.
378 3835 449 3900 Hoe
464 3833 525 3900 suit
541 3840 648 3902 aetum
664 3836 725 3902 sub
741 3841 886 3920 tempore
902 3833 1025 3900 domini
1049 3834 1152 3901 nostri
1168 3833 1238 3898 Vel-

107 3941 215 4024 eanni,
233 3947 266 4006 et
281 3940 477 4010 comitatum
494 3949 629 4028 regente
645 3941 735 4030 apud
750 3963 810 4009 nos
823 3941 1004 4009 Desimirus
1020 3949 1053 4008 et
1069 3939 1168 4006 famis
1179 3935 1235 4024 (?).

216 4047 287 4133 Ego
303 4055 410 4116 autem
426 4049 544 4116 Junius
560 4050 756 4139 Presbyter,
773 4058 806 4116 et
822 4048 958 4118 Consilii
975 4048 1131 4115 Notarius
1148 4045 1233 4111 audi·

108 4174 165 4221 ens
182 4154 245 4222 boo
261 4155 304 4222 ab
320 4156 392 4224 istis
408 4157 573 4226 nobilibus
589 4157 659 4225 sine
675 4157 833 4226 dilatione
848 4155 1050 4243 praenotavi.

339 4355 463 4422 (Parieti,
485 4357 625 4425 Illyricum
637 4355 749 4409 Sacrum
770 4357 814 4409 v1.
831 4357 885 4408 kur.
899 4354 960 4405 tau.
980 4353 1011 4420 l.)

633 4636 798 4650 -a--uw—ud·
