3200 5182
402 1027 538 1115 aggeri
561 1025 781 1112 kdptalaaouk
796 1024 1067 1112 bizoayadqleuele,
1091 1028 1168 1112 bucy
1185 1026 1335 1111 Saerqfiu,
1356 1026 1519 1091 samosat·

442 1137 501 1223 fia,
516 1135 758 1200 Monorokoekt
774 1133 909 1198 birtokeit
925 1155 946 1195 a
963 1133 1063 1196 lebena·
1079 1135 1222 1218 opataak
1238 1133 1353 1198 eurota.
1374 1137 1467 1200 1226.

809 1311 1116 1378 ABG.

510 1511 697 1598 Capitulum
714 1511 904 1578 Geuriensis
921 1509 1066 1575 Ecclesie
1083 1509 1243 1592 omnibus,
1265 1510 1382 1592 quibus
1398 1529 1517 1595 presen-

402 1629 452 1686 tes
477 1620 584 1686 littere
611 1619 749 1703 legende
765 1619 972 1702 occurrerint,
999 1619 1138 1683 salutem
1165 1626 1195 1683 et
1220 1619 1388 1684 oraciones
1414 1621 1446 1682 in
1462 1619 1517 1681 Do-

403 1727 501 1795 mino.
525 1727 757 1792 Vniuersorum
773 1726 892 1792 notioie
917 1725 1165 1809 significandum
1189 1725 1350 1806 duximus,
1371 1725 1456 1808 quod
1470 1727 1517 1790 Se-

402 1836 529 1921 raphyn
544 1835 629 1901 filius
647 1837 761 1901 Samos
788 1836 955 1920 presencie
972 1839 1081 1901 nostre
1098 1835 1256 1900 assistens
1281 1833 1448 1899 coufessus
1464 1841 1517 1912 est,

402 1965 438 2011 se
454 1953 487 2011 et
502 1944 635 2010 fratrem
652 1964 745 2009 suum
756 1945 891 2008 Saulum
909 1943 1100 2025 magistrum
1113 1947 1233 2006 terram
1246 1961 1348 2024 suam,
1366 1962 1427 2025 que
1438 1941 1516 2024 wigo

403 2053 677 2136 Monoroquereeh
688 2059 833 2134 uocatur,
851 2059 935 2116 terre
946 2049 1086 2116 abbatis
1102 2048 1143 2115 de
1159 2049 1261 2115 Liben
1281 2051 1464 2134 contiguam
1478 2047 1516 2112 ad

400 2161 431 2226 X
447 2163 643 2246 mansiones,
660 2180 723 2244 que
738 2159 823 2223 loica
840 2165 1007 2242 uocantur,
1024 2157 1247 2242 sufficientem,
1274 2157 1443 2224 Leonardo
1460 2158 1514 2220 Ab·

402 2269 470 2335 bati
497 2269 643 2334 eiusdem
669 2267 816 2332 Ecclesie
845 2287 902 2351 pro
927 2261 992 2332 XII
1018 2267 1136 2331 marcis
1161 2267 1288 2350 argenti
1313 2265 1513 2346 uendidisse;

399 2395 481 2461 quas
497 2377 530 2440 in
547 2375 661 2441 eodem
687 2374 823 2440 instanti
840 2375 946 2440 eidem
962 2374 1121 2440 uenditori
1147 2375 1190 2440 ab
1207 2373 1336 2438 Abbate
1357 2375 1422 2439 iam
1438 2373 1513 2438 dicto

400 2483 547 2569 plenarie
564 2483 690 2547 solutas
707 2481 857 2547 uidimus¹
875 2482 968 2547 Vnde
985 2482 1018 2546 in
1035 2487 1261 2565 argumentum
1281 2483 1326 2547 rei
1345 2481 1515 2547 memoriter

401 2589 603 2656 retinendum
619 2591 747 2656 litteras
777 2591 837 2654 sub
854 2589 963 2673 sigillo
980 2598 1089 2656 nostro
1106 2588 1178 2654 dari
1196 2589 1340 2656 fecimus.
1366 2589 1456 2654 Anno
1472 2589 1512 2652 lu·

400 2699 604 2766 earnaeionis
622 2697 793 2762 Dominice
810 2699 851 2762 M.
864 2696 926 2762 CO.
937 2697 1011 2764 XX.
1025 2699 1080 2764 VI.

466 2882 499 2944 K
498 2879 564 2946 tau
578 2879 714 2966 eqykoru
729 2881 807 2942 tros.
833 2877 975 2943 Litterae
992 2876 1134 2961 Capituli
1152 2875 1341 2944 Geuriensis
1366 2875 1510 2961 provilla

506 2986 766 3053 Munurocherec.

401 3207 537 3272 (Eredetie
553 3199 726 3269 biirhartyrtm
746 3201 857 3267 melyriii
872 3217 888 3252 a
902 3198 1042 3268 kaptaiani
1063 3201 1154 3268 peesct
1167 3199 1294 3253 titredtke
1308 3203 1435 3267 zsiuegen
1446 3201 1513 3264 sugg.

657 3307 672 3342 a
686 3291 757 3343 malt.
772 3290 838 3343 baro
852 3289 945 3358 Revay
959 3290 1051 3343 csaltid
1065 3289 1271 3355 leueltrtrabun.)

835 3577 1094 3588 m...—
