3218 5192
249 1157 463 1246 Nyilotlcosot
478 1155 562 1224 Arba
577 1160 672 1248 stipat
687 1159 832 1227 saokdsos
839 1159 984 1250 jopdrol.
1002 1161 1098 1227 1185.

217 1334 315 1406 Anno
332 1335 464 1405 Domini
488 1338 591 1404 nostri
616 1337 696 1404 Jcsu
713 1336 833 1407 Christi
849 1340 891 1405 hl.
908 1338 944 1410 O.
963 1339 1184 1425 octuagesimo
1202 1341 1239 1432 ll.

114 1445 293 1514 Indictione
317 1451 444 1513 octava.
471 1447 631 1532 Tempore
657 1445 788 1533 quidem
810 1448 996 1516 Sebastiani
1021 1449 1115 1516 Ziani
1138 1451 1239 1516 Ducis

115 1555 341 1638 Venetiamm,
367 1553 554 1622 Dalmatiae
586 1561 684 1638 atque
710 1553 882 1640 croatiae,
908 1554 1056 1624 Andreas
1081 1556 1240 1625 Arbensis

114 1663 295 1750 Episcopus
311 1662 492 1746 quaesivit,
519 1668 552 1728 et
567 1661 780 1746 interrogavit
805 1662 977 1730 duodecim
991 1663 1158 1749 homines,
1185 1667 1239 1750 qni

114 1771 152 1837 ad
167 1769 352 1838 Ecclesiam
366 1771 477 1836 Sancti
497 1769 661 1837 Leonardi
681 1771 876 1855 Juraverunt
900 1769 1047 1838 indicare
1068 1771 1191 1858 judicio
1208 1779 1241 1840 et

115 1878 293 1962 ostendere,
311 1877 473 1963 quomodo
489 1875 647 1962 navigare
661 1876 801 1944 debeant
820 1895 914 1944 suum
930 1875 1109 1964 Comitem;
1125 1885 1161 1944 ut
1175 1879 1239 1966 ipsi

114 1987 256 2054 dicerent
272 1985 335 2052 sub
350 1985 409 2052 illo
425 1984 510 2050 idem
527 1989 750 2069 sacramento,
776 2004 860 2070 quae
877 1990 964 2051 esset
980 1984 1178 2053 consuetudo
1196 1988 1239 2053 vi·

115 2095 256 2162 duarum.
284 2097 327 2161 Et
341 2093 407 2180 ipsi
432 2092 584 2160 videlieet
600 2093 756 2159 Diminna
780 2092 919 2177 Baxilii,
937 2092 1087 2160 Andreas
1103 2095 1237 2180 Ergani‚

114 2203 283 2270 Lorentius
309 2201 542 2286 Scorobagati,
560 2202 702 2268 Marcius
728 2201 769 2268 de
785 2200 915 2268 Manica
935 2203 1036 2286 Boni,
1062 2203 1238 2270 Euanellus

114 2311 196 2396 Sgie,
212 2309 401 2396 Stephanus
417 2308 561 2392 Matina,
582 2314 615 2374 et
633 2308 753 2375 caeteri
770 2307 826 2376 alii
841 2309 992 2376 dixerunt
1007 2331 1014 2373 :
1032 2308 1238 2378 Consuetudo

114 2417 284 2484 viduarum
299 2417 382 2483 haec
397 2421 466 2481 est:
483 2415 518 2483 Si
533 2416 634 2483 vidua
649 2416 710 2483 snb
726 2435 762 2483 se
778 2415 878 2482 filium
894 2417 995 2484 hahet
1005 2417 1167 2502 clericum,
1184 2419 1238 2502 qui

115 2527 213 2612 major
230 2525 309 2594 aliis
324 2524 402 2592 filiis
419 2530 488 2613 est,
514 2531 617 2591 mater
633 2532 666 2591 ct
682 2545 805 2610 omnes,
833 2525 888 2607 qui
905 2527 966 2592 suh
983 2545 1019 2593 se
1036 2531 1129 2611 sunt,
1146 2527 1238 2613 Epis-

115 2652 190 2720 copo
216 2627 391 2718 suhjacent
416 2632 456 2700 de
482 2633 631 2700 omnibus
656 2633 861 2718 rosionibus,
889 2654 971 2718 quas
987 2632 1105 2701 Comiti
1129 2634 1239 2702 faeere

114 2740 308 2826 debuerunt;
336 2740 486 2807 similiter
502 2741 649 2826 dicimus,
667 2742 754 2826 quod
769 2743 952 2829 Episcopus
969 2742 1065 2809 debet
1080 2761 1238 2809 excusare

114 2855 174 2916 tres
190 2849 339 2918 homines
366 2869 586 2933 quoscumque
601 2850 756 2934 voluerit,
782 2851 844 2918 hoc
857 2850 976 2917 scimus
996 2855 1029 2916 et
1053 2871 1112 2937 per
1127 2871 1238 2919 verum

114 2955 246 3026 dicimus
273 2957 478 3025 testimoniis.
504 2957 575 3044 Ego
597 2959 780 3045 Stephanus
796 2959 954 3026 Athensis
977 2959 1146 3026 Ecclesiae
1162 2959 1237 3025 Dia-

115 3083 208 3132 conus
225 3073 259 3132 et
274 3065 431 3134 Notarius
456 3065 607 3152 interfui,
633 3067 751 3154 scripsi
775 3073 807 3136 et
822 3067 983 3136 roboravi.
1010 3068 1081 3153 Ego
1097 3068 1237 3134 Michael

115 3171 259 3240 Fedcriei
286 3173 391 3258 Dragi
407 3171 500 3240 Sacri
526 3173 646 3241 Palatii
662 3175 816 3242 Notarius
840 3178 902 3243 hoc
928 3175 1131 3261 exemplavi,
1157 3175 1236 3241 nihil

116 3277 235 3347 addens
252 3281 306 3348 vel
323 3281 471 3350 minuens
486 3283 520 3348 in
536 3303 585 3368 eo,
602 3283 690 3369 quod
706 3303 865 3352 summam
875 3287 985 3367 mutet,
1002 3283 1055 3349 vel
1072 3282 1235 3367 valorem3

116 3392 145 3451 et
158 3393 348 3456 consuetum
364 3408 471 3456 meum
489 3389 620 3474 signum
635 3390 785 3480 imposui.

363 3587 479 3652 (Farlati
490 3588 631 3656 Illyricum
644 3591 756 3644 Sacrum
769 3591 803 3646 V.
816 3592 873 3644 hot.
886 3593 948 3643 23⁷.
961 3590 990 3657 1.)

541 3857 808 3871 *ωι-
