3218 5192
353 1155 488 1246 Frr‘ppee
503 1159 629 1224 cudeadr
643 1181 664 1222 a
675 1159 792 1245 pder'ua'
806 1159 948 1224 uinum
964 1157 1091 1224 Roluud
1105 1157 1288 1223 biborrtokot
1304 1157 1341 1241 (a
1357 1156 1488 1224 better·

597 1265 660 1330 III.
676 1264 806 1330 Sdudor
815 1266 936 1354 popm)
953 1267 1118 1352 mepbtujc.
1136 1267 1233 1330 1159.

460 1459 647 1528 Fridericus
663 1461 726 1527 Dei
742 1461 851 1544 gratia
865 1461 1083 1529 Romanorum
1102 1461 1283 1546 Imperator
1299 1467 1333 1526 et
1346 1463 1488 1547 Semper

354 1567 520 1652 Augustus
536 1566 685 1634 Rolando
702 1567 917 1654 Cancellario,
934 1568 1137 1652 eaeterisque
1159 1567 1398 1653 cardinalibus,
1425 1571 1488 1654 qui

355 1694 428 1740 eum
444 1673 612 1759 elegerunt
626 1675 809 1741 Romanum
824 1673 1023 1761 Pontificem,
1041 1675 1180 1742 salutem
1196 1683 1229 1742 et
1244 1677 1486 1744 omnebonum.

356 1779 516 1858 Quoniam
541 1781 663 1849 Divina
686 1780 941 1867 praeordinante
965 1782 1157 1867 clementia,
1188 1783 1327 1850 Romani
1350 1784 1487 1868 Imperii

355 1887 576 1973 gubernacula
602 1889 823 1974 suscepimus,
851 1895 988 1974 oportet,
1009 1889 1094 1956 utin
1110 1889 1259 1957 omnibus
1283 1890 1346 1956 riis
1362 1891 1486 1958 uostris

355 1995 459 2082 ipsius
476 1993 584 2078 legem
600 1995 842 2080 custodiamus,
871 1995 962 2062 cuius
978 1995 1146 2063 voluntate
1165 1995 1335 2080 dignitatis
1351 2003 1488 2064 nostrae

357 2101 484 2189 apicem
510 2099 623 2187 adepti
648 2121 770 2168 sumus.
796 2104 834 2168 In
851 2103 912 2170 hoc
936 2101 1047 2186 itaque
1069 2103 1292 2170 sacratissimo
1316 2103 1487 2190 proposito

357 2209 550 2297 constitutis,
567 2229 641 2277 curn
657 2211 806 2279 omnibus
823 2211 979 2280 Ecclesiis
995 2212 1029 2277 in
1045 2211 1187 2298 Imperio
1203 2216 1313 2278 nostro
1333 2211 1488 2278 constitu·

357 2320 400 2384 tis
417 2317 597 2384 debeamus
621 2318 838 2404 patrocinari,
864 2319 1101 2386 Sacrosanotae
1125 2320 1292 2386 Romanae
1316 2317 1488 2384 Ecclesiae

356 2431 448 2491 tanto
474 2423 668 2510 propensius
695 2425 851 2492 debemus
867 2425 1058 2512 providere,
1085 2431 1206 2510 quanto
1230 2425 1334 2511 ipsius
1359 2445 1440 2492 cura
1454 2433 1489 2492 et

358 2529 509 2596 defensio
526 2539 558 2598 et
574 2531 695 2598 Divina
718 2533 926 2618 providentia
940 2533 1081 2600 creditur
1104 2534 1199 2601 nobis
1215 2553 1289 2602 esse
1312 2535 1490 2602 commissa

358 2638 549 2724 specialius.
566 2639 752 2726 Eapropter
767 2641 807 2706 de
824 2640 1006 2726 discordia,
1035 2661 1119 2727 quae
1135 2641 1169 2707 in
1185 2643 1412 2711 substituendo
1427 2644 1489 2710 Ro·

361 2766 492 2814 manum
508 2747 698 2815 Pontificem
714 2747 798 2814 iuter
815 2769 872 2816 vos
888 2750 1024 2818 suborta
1040 2756 1099 2834 est,
1125 2750 1299 2836 plurimum
1319 2751 1488 2836 dolemus;

358 2855 518 2941 timentes,
535 2875 577 2920 ne
594 2853 765 2922 occasione
787 2855 883 2923 buius
899 2855 1084 2923 schismatis
1109 2857 1259 2926 Ecclesia
1278 2857 1402 2926 Christi
1417 2879 1491 2926 sau-

361 2961 461 3045 guine
476 2961 623 3028 redemta
638 2961 757 3028 debeat
772 2961 957 3047 dilacerari,
974 2963 1167 3050 praesertim
1182 2983 1255 3030 oum
1273 2965 1491 3032 roburEocle-

360 3067 431 3136 riae
446 3069 525 3136 loris
549 3069 692 3136 titubare
712 3069 880 3154 videatur3
907 3071 1060 3154 quoniam
1085 3071 1193 3139 unitas
1217 3073 1322 3158 ipsius
1346 3075 1492 3140 scissura

362 3175 541 3244 domestica
556 3177 692 3243 interius
715 3177 901 3244 dilaniatur.
927 3178 971 3246 Ut
989 3185 1097 3245 autem
1114 3179 1187 3246 huic
1201 3181 1287 3267 pesti
1302 3189 1492 3267 competens

361 3287 394 3348 et
410 3283 480 3351 Deo
498 3291 628 3369 gratum
652 3283 864 3352 exhibeamus
880 3285 1078 3370 remedium,
1104 3287 1331 3372 religiosorum
1346 3287 1493 3355 virorum

363 3389 498 3457 consilio
524 3391 712 3476 generalem
735 3392 859 3457 curiam
884 3397 917 3456 et
933 3397 1126 3459 conventum
1149 3393 1183 3460 in
1206 3401 1324 3461 octava
1348 3393 1493 3480 Epipha-

360 3495 437 3560 niae
464 3496 587 3580 Papiac
612 3496 789 3564 indiximus
814 3497 1055 3566 celebrandam.
1082 3499 1134 3565 Ad
1159 3519 1257 3595 quam
1282 3501 1493 3568 evocavimus

360 3601 460 3666 totius
476 3603 608 3687 Imperii
622 3604 743 3688 nostri,
769 3612 802 3671 et
817 3605 956 3672 aliorum
970 3607 1167 3694 Regnorum,
1194 3607 1318 3674 scilicet
1336 3607 1493 3693 Angliae,

362 3707 531 3792 Franciac,
555 3709 793 3796 Ungariae,
818 3713 944 3780 Daciae
967 3710 1204 3802 (helyesebben
1219 3716 1363 3805 Daniae)
1380 3715 1493 3784 Archi·

362 3812 553 3900 episcopos,
571 3817 772 3906 Episcopos,
794 3821 951 3906 Abbates,
977 3829 1011 3889 et
1025 3824 1114 3890 viros
1139 3823 1310 3909 religiosos
1331 3843 1372 3890 ae
1386 3824 1495 3891 Deum

362 3920 533 4006 timentes,
560 3929 719 4007 quatenus
744 3934 867 3996 remoto
885 3930 971 3996 omni
997 3931 1157 3998 saeculari
1179 3933 1319 4018 iudicio,
1345 3933 1409 4000 hoc
1425 3939 1494 3998 tarn

362 4047 517 4112 magnum
533 4030 701 4099 Ecclesiae
726 4035 891 4119 negotium
911 4037 1207 4105 ecclesiasticarum
1233 4047 1358 4106 tautum
1383 4060 1494 4125 perso·

363 4153 478 4200 narum
498 4137 660 4204 sententia
674 4139 722 4205 ita
737 4139 893 4226 sopiatur,
924 4147 959 4207 ut
976 4150 1008 4209 et
1023 4145 1093 4212 Deo
1109 4144 1238 4212 debitus
1254 4144 1372 4212 exinde
1389 4145 1494 4214 bonor

362 4241 549 4326 deleratur,
577 4249 608 4308 et
624 4245 773 4312 Ecclesia
788 4248 936 4314 Romana
952 4269 1013 4316 sua
1030 4251 1216 4336 integritate
1241 4259 1273 4319 et
1287 4253 1414 4320 iustitia
1428 4274 1494 4321 non

361 4349 466 4431 possit
482 4369 502 4414 a
518 4371 685 4434 quoquam
701 4352 834 4439 privari,
852 4357 905 4421 vel
922 4363 1027 4425 status
1043 4359 1152 4444 Urbis,
1170 4379 1254 4442 quae
1274 4367 1373 4446 eaput
1389 4363 1494 4446 Impe-

362 4453 561 4537 periiuostri
578 4463 646 4541 est,
672 4459 856 4542 inquietari.
885 4462 1026 4530 Proinde
1042 4464 1222 4534 Eruditioni
1248 4475 1377 4535 vestrae
1404 4490 1493 4535 mau-

358 4559 476 4627 damus
485 4613 494 4650 ,
521 4570 556 4628 ut
571 4583 611 4628 ex
628 4572 720 4650 parte
738 4568 801 4633 Dei
819 4569 1056 4656 Omnipoteutis
1073 4579 1104 4638 et
1128 4574 1227 4641 totius
1245 4575 1416 4646 Ecclesiae
1433 4579 1492 4646 Oa·
