3164 5192
862 351 1012 450 „26-8„

375 549 489 632 Regno
508 547 552 613 ed
566 548 713 632 Regnum
730 547 903 632 pervenias
920 549 1162 633 sempiternum.
1187 551 1398 617 Decemimus
1415 571 1501 636 ergo,

375 663 411 723 ut
426 651 535 722 nullus
562 655 693 723 omuino
710 661 771 722 ete.
788 656 849 724 hoe
875 655 1083 742 privilegium
1108 665 1240 726 nostrae
1264 659 1501 729 constitutionis

375 770 407 830 et
434 764 687 832 confirmationis
713 763 909 851 infringere,
934 765 987 830 vel
1006 765 1057 848 ei,
1081 773 1142 834 etc.
1168 765 1204 834 Si
1220 767 1292 852 quis
1312 775 1426 835 autem
1442 777 1501 836 etc.

376 876 498 942 Datum
514 869 696 958 Anagniae,
719 893 778 960 per
793 893 924 940 manum
940 875 1089 958 Joanuis,
1105 875 1248 942 Sanctae
1263 878 1434 944 Romanae
1448 877 1503 943 Ec·

375 981 496 1050 elesiae
512 981 710 1049 Subdiacoui
726 989 759 1048 et
773 982 804 1046 N
805 982 913 1064 otarii,
930 982 985 1048 VI.
1001 980 1164 1050 kalendas
1183 983 1303 1068 Martii,
1320 984 1504 1051 indictione

375 1091 457 1176 vn,
474 1088 914 1158 IncaruatiouisDominioae
925 1108 1010 1156 auno
1020 1087 1179 1174 lucem,
1195 1089 1408 1160 Pontificatus
1425 1111 1500 1159 vero

375 1199 498 1267 domiui
514 1198 696 1266 Innocentii
711 1199 825 1284 Papae
841 1199 899 1264 III.
918 1217 1004 1266 anuo
1021 1199 1169 1285 septimo.

370 1399 485 1470 (Migue,
499 1399 650 1449 iunocentii
663 1399 715 1449 111.
729 1397 831 1450 Summi
850 1396 989 1448 Pontideis
1008 1399 1099 1464 Opera
1111 1400 1149 1450 11.
1164 1398 1220 1449 hot.
1239 1399 1300 1449 alu.
1314 1399 1351 1460 1.;
1378 1398 1503 1464 Theiuer,

372 1491 473 1541 Vetera
485 1490 660 1540 Monumentc
679 1489 820 1540 slavorum
832 1489 1047 1540 Meridionalium
1067 1489 1205 1540 historiam
1224 1489 1392 1540 illustrantia
1411 1491 1435 1540 Ι.
1448 1490 1503 1540 hot.

419 1585 461 1633 2³.
475 1582 492 1633 l.
512 1577 594 1646 Fojer
606 1593 672 1630 ouen
685 1573 803 1643 olumdny
818 1575 961 1630 hivonettt
974 1579 1038 1630 cdta
1051 1579 1115 1631 cod.
1129 1580 1201 1645 Dipl.
1215 1579 1251 1630 11.
1265 1579 1323 1629 hoc.
1337 1579 1402 1631 524.
1416 1575 1447 1646 l.)

802 1863 1069 1878 ᾖ

901 2331 977 2398 los.

372 2531 434 2594 III.
451 2531 540 2593 Iacze
551 2533 710 2617 pu‘pcioult
735 2531 827 2596 levale
852 2553 871 2592 a
889 2530 1124 2616 bolydrorsquc'
1149 2527 1290 2592 &colloz
1312 2547 1501 2613 tlpyctocaon

790 2637 952 2724 tdrpybcu.
978 2637 1076 2702 1204.

477 2835 685 2902 Innocentius
702 2837 885 2924 Episcopus
905 2841 965 2900 etc.
981 2833 1161 2901 venerabili
1176 2831 1270 2899 fratri
1284 2831 1320 2896 B.
1331 2831 1498 2916 Archiepi-

372 2965 473 3029 scopo
490 2945 711 3028 Thiuovitano,
729 2947 942 3031 Bulgarorum
959 2951 991 3010 et
1004 2944 1177 3010 Blacorum
1193 2940 1339 3020 Primati,
1364 2940 1499 3024 ejusque

375 3053 620 3120 successoribus
637 3055 793 3121 canonice
812 3052 1046 3120 substituendis
1063 3053 1095 3117 in
1115 3050 1285 3117 devotione
1301 3048 1398 3114 Sedis
1415 3047 1497 3132 Apo·

370 3160 509 3227 stolioae
526 3162 726 3227 successuris
740 3164 771 3226 iu
790 3169 981 3248 perpetuum
992 3163 1131 3228 salutem
1147 3157 1210 3224 stb.
1227 3158 1296 3223 Rex
1311 3157 1449 3241 Regum,
1466 3161 1498 3220 st

370 3268 529 3336 Dominus
540 3269 784 3353 dominantium,
796 3269 893 3336 Jesus
904 3268 1051 3334 Christus
1062 3265 1216 3332 sacerdos
1228 3265 1260 3331 iu
1270 3270 1439 3332 aeternum
1450 3283 1495 3329 se-

371 3377 511 3443 cundum
527 3377 673 3443 ordinem
691 3377 950 3458 Melchisedech,
971 3375 1022 3440 cui
1038 3375 1129 3440 dedit
1144 3373 1254 3440 omnia
1269 3372 1419 3438 Peterin
1435 3391 1498 3437 ma·

371 3503 426 3566 nu,
453 3485 591 3569 pedibus
610 3483 681 3567 ejus
697 3483 874 3570 subjiciens
890 3483 1053 3566 universa,
1069 3483 1162 3567 cujus
1178 3485 1228 3548 est
1242 3487 1329 3547 terra
1346 3487 1380 3546 et
1395 3480 1496 3565 pleni·

370 3590 449 3657 tudo
465 3592 555 3674 ejus,
582 3591 670 3658 orbis
686 3598 845 3656 terrarum
861 3597 893 3656 et
909 3611 1021 3658 omnes
1037 3589 1224 3656 habitantes
1241 3587 1273 3654 iu
1288 3607 1337 3670 eo,
1363 3587 1430 3654 imo
1448 3586 1498 3652 eui

371 3696 510 3762 flectitur
526 3717 620 3763 omne
646 3717 730 3782 genu
753 3697 961 3781 coelestium,
989 3696 1210 3781 terrestrium,
1236 3701 1269 3761 et
1286 3695 1496 3776 infernorum,

370 3825 529 3870 summum
539 3803 750 3890 Apostolieae
765 3806 858 3874 Sedis
876 3813 908 3872 et
924 3805 1094 3872 Ecclesiae
1109 3805 1277 3870 Romanae
1296 3802 1496 3886 Pontificem,

370 3931 465 3998 quem
491 3913 524 3979 iu
540 3914 642 3982 Beato
658 3918 756 3983 Petro
784 3915 846 3982 sibi
863 3915 1028 3982 vicarium
1055 3913 1235 3996 ordinavit,
1262 3931 1360 4000 super
1384 3919 1497 3997 gentes

371 4027 404 4086 et
428 4021 545 4105 Regna
568 4024 754 4108 constituit,
781 4023 960 4106 evellendi,
988 4021 1194 4104 destruendi,
1222 4021 1446 4108 disperdendi,
1466 4027 1497 4086 et

369 4127 575 4214 dissipandi,
601 4139 633 4196 et
649 4131 862 4214 aedificandi,
889 4137 922 4197 et
938 4130 1107 4216 plantandi
1123 4130 1154 4195 ei
1170 4129 1339 4197 conferens
1355 4135 1496 4216 potesta-

366 4241 452 4320 tem,
485 4238 620 4324 loquens
637 4239 680 4303 ad
707 4240 828 4305 eumin
844 4240 1026 4325 Propheta,
1053 4239 1108 4323 qui
1123 4237 1185 4304 fuit
1202 4238 1244 4303 de
1269 4237 1495 4304 sacerdotibus

367 4343 511 4411 Anatoth
530 4369 537 4408 :
565 4347 669 4428 „Ecce
686 4347 837 4413 constitui
854 4352 887 4412 te
911 4366 1010 4430 super
1026 4353 1139 4429 gentes
1156 4353 1189 4410 et
1203 4345 1319 4429 Regna
1328 4393 1337 4427 ,
1362 4349 1398 4408 ut
1414 4343 1496 4409 evel-

368 4451 418 4518 las
438 4460 470 4518 et
487 4453 636 4519 destruas
653 4460 685 4519 et
698 4453 870 4541 disperdas
880 4505 889 4538 ,
917 4459 949 4518 et
967 4452 1109 4538 dissipes
1126 4459 1159 4517 et
1182 4451 1335 4518 aedifices
1354 4457 1389 4516 et
1404 4452 1494 4536 pluu-

365 4555 437 4622 tes“
455 4554 537 4644 (Jer.
553 4559 604 4648 1.).
622 4559 667 4627 Ut
684 4567 792 4627 autem
809 4560 842 4626 id
862 4559 1051 4646 expressius
1075 4559 1322 4641 demonstraret,
1347 4578 1414 4625 non
1438 4578 1495 4645 per

366 4665 477 4748 alium,
495 4666 554 4731 sed
570 4686 628 4751 per
644 4668 806 4754 seipsum,
834 4687 906 4734 cum
922 4687 981 4755 pro
998 4667 1182 4735 hominibus
1198 4686 1329 4734 earnem
1345 4685 1492 4752 assump-
