3202 5190
824 271 979 372 -.ess-

337 459 462 526 cionem
479 463 510 522 et
527 473 714 542 processum
738 453 772 517 in
788 449 931 537 presenti
947 447 1072 536 pagina
1085 449 1164 533 poni
1186 467 1225 512 ao
1242 445 1343 532 sigilli
1360 443 1463 512 nostri

336 566 514 632 munimine
530 563 664 629 serimus
680 559 837 628 roborari.

337 763 473 825 (Ercdstie
492 757 665 826 bb'rhdrtydn,
684 763 747 826 igen
761 754 932 825 magrongalt
944 752 1111 821 tllapotban,
1130 754 1245 819 melyrbl
1258 771 1276 805 a
1292 750 1390 819 penset
1409 747 1468 800 mir

337 855 474 921 elvesuett,
488 867 504 902 a
517 849 707 918 pannonlralmi
726 845 870 916 fdapatstg
889 841 1083 897 levdltrtrlban.
1097 840 1213 909 Ndlrdny
1223 839 1320 909 hidnyt
1338 859 1396 908 ος]
1410 838 1468 907 rigi

733 935 893 990 masclatbdl
906 933 1056 1004 pdtoltam.)

867 1723 944 1791 22⁷.

346 1907 392 1972 11.
411 1907 519 1972 Eudae
542 1905 714 1993 ltirctlpuult
730 1903 824 1970 leuele
839 1901 902 1968 111.
920 1905 1010 1969 Iucze
1028 1903 1178 1991 pdpdboz
1194 1902 1342 1970 delicta
1365 1902 1469 1990 119ῃοί-

816 2010 873 2078 ret.
891 2013 988 2077 1215.

451 2212 639 2278 Venerabili
666 2214 700 2277 in
715 2208 847 2276 Christo
872 2209 958 2295 patri
986 2205 1009 2276 l.
1036 2210 1097 2276 Dei
1116 2209 1234 2294 gracia
1254 2212 1470 2276 sacrosancte

344 2321 490 2384 Romane
501 2317 648 2384 Ecclesie
664 2319 796 2382 Summo
806 2314 966 2400 Pontifici,
984 2315 1023 2379 A.
1040 2314 1155 2380 eadem
1171 2316 1469 2402 gratiaHuugaric,

344 2425 520 2509 Dalmatis,
538 2423 676 2508 Oroatis,
693 2425 804 2507 Rama,
823 2421 948 2505 Servis,
964 2419 1102 2506 Gallcie,
1120 2420 1469 2506 Ladomeriequeltex,

346 2536 483 2602 salutem
502 2541 535 2598 et
559 2530 703 2596 debitam
719 2551 759 2594 ac
775 2528 927 2596 devotam
943 2530 977 2596 in
991 2531 1140 2598 omnibus
1161 2531 1399 2616 reverentiam,
1426 2529 1469 2596 Si·

346 2641 536 2726 gnillcamus
565 2637 735 2704 Sanctitati
760 2637 875 2703 Vestre
900 2637 1077 2706 relerentes
1103 2637 1281 2723 gratiarum
1313 2639 1467 2720 actiones,

345 2749 430 2836 quod
446 2749 624 2836 postulatio
640 2752 752 2813 nostra
768 2765 867 2833 super
883 2745 1070 2816 coronando
1086 2747 1151 2814 olio
1167 2754 1277 2816 nostro
1293 2747 1327 2813 in
1345 2751 1469 2833 Regem

347 2858 472 2924 Galicic
501 2859 545 2923 ad
575 2855 763 2922 mandatum
788 2853 1010 2940 Apostolicum
1041 2863 1184 2942 optatum
1217 2865 1394 2922 consecuta
1424 2862 1470 2920 est

348 2965 496 3031 ellectum
509 3016 517 3050 ,
550 2965 626 3030 licet
651 2961 827 3030 novissime
853 2961 991 3048 populus
1017 2963 1144 3030 Galicic
1170 2962 1338 3030 fidelitatis
1364 2982 1469 3030 sacra·

348 3077 455 3138 mento
472 3070 619 3156 deposito
638 3070 755 3153 aRege
771 3087 829 3133 suo
846 3087 911 3135 nou
930 3067 1034 3134 solum
1047 3070 1229 3152 recesserit,
1247 3089 1358 3136 uerum
1375 3069 1469 3138 etiam

346 3159 481 3246 collecto
506 3179 626 3244 circum
652 3175 870 3261 adjacentium
894 3176 1113 3242 Rutlrenorum
1140 3177 1281 3244 exercitu
1293 3227 1301 3260 ,
1330 3185 1468 3245 castrum

348 3287 494 3370 Galicie,
521 3287 553 3352 in
569 3305 632 3370 quo
648 3284 733 3350 lilius
749 3288 858 3349 noster
874 3302 946 3348 curn
962 3284 1077 3370 paucis
1092 3286 1365 3370 commorabatur,
1383 3287 1469 3355 obse·

348 3395 442 3462 derit.
469 3395 519 3460 Ob
536 3413 633 3478 quam
649 3413 717 3459 rem
733 3389 775 3456 ad
792 3398 904 3477 partes
919 3390 996 3458 illas
1020 3391 1103 3460 adeo
1119 3402 1253 3479 repente
1270 3402 1303 3461 ct
1317 3393 1469 3462 festinan-

347 3511 396 3568 ter
413 3502 572 3586 compulsi
589 3520 699 3566 sumus
716 3497 893 3583 accedere,
919 3507 1034 3568 utnon
1051 3501 1156 3568 solum
1174 3500 1368 3586 honorandi,
1391 3504 1471 3570 sicut

348 3609 441 3676 decet
465 3609 699 3675 Paternitatem
724 3615 877 3693 vestram,
895 3609 1097 3696 propositum
1113 3609 1157 3676 ad
1180 3618 1310 3698 tempus
1335 3617 1470 3678 arctare-

351 3737 422 3783 mur
437 3718 618 3802 obmittere,
644 3739 756 3786 verum
773 3739 833 3784 nec
848 3719 1025 3785 exercitum
1041 3725 1186 3786 nostrum
1211 3719 1306 3786 nobis
1322 3719 1374 3788 fas
1390 3723 1470 3787 esset

350 3831 531 3912 expectare.
556 3824 651 3893 Unde
667 3826 824 3912 quianon
840 3825 1038 3912 expediebat
1056 3833 1090 3892 et
1114 3826 1255 3893 manime
1274 3825 1415 3914 propter}
1429 3825 1469 3892 di·

351 3935 488 4001 scrimen
506 3934 583 4000 belli
600 3953 764 4002 cursorem
780 3940 923 4000 vestrum
940 3933 974 3999 in
991 3935 1083 4000 illum
1106 3935 1276 4002 tumultum
1303 3932 1470 4013 introduci,

349 4043 455 4128 ipsum
475 4041 592 4110 advos
608 4041 811 4126 remisimus,
838 4049 1041 4109 assumentes
1057 4043 1171 4128 nobis,
1198 4043 1226 4110 si
1244 4045 1334 4110 Deus
1350 4041 1468 4110 miseri·

351 4149 496 4217 cordiam
523 4149 690 4218 nobiscuru
716 4149 847 4236 lecerit,
878 4169 959 4217 onus
979 4151 1220 4218 transmittendi
1236 4150 1279 4218 ad
1296 4151 1470 4218 Concilium

350 4258 529 4343 Episcopus
544 4259 775 4326 Ruthenorum.
800 4258 852 4324 Ad
867 4277 1001 4344 presens
1018 4279 1096 4324 vero
1122 4277 1275 4343 rogamus
1295 4258 1469 4326 Paternitu·
1528 4315 1531 4337 ,

350 4373 415 4432 tem
432 4373 593 4450 vestram,
620 4375 655 4433 ut
671 4385 835 4433 cursorem
863 4385 935 4432 cum
952 4365 1069 4432 litteris
1089 4366 1207 4433 vestris
1232 4365 1276 4432 ad
1301 4374 1468 4451 cognatum

350 4481 492 4540 nostrum
510 4474 545 4538 L.
562 4475 686 4541 Ducem
701 4474 838 4542 Polonie
853 4473 977 4559 diriger
996 4471 1186 4558 dignemini,
1212 4473 1468 4542 commendantes

351 4585 577 4666 cognationem
602 4581 687 4652 inter
712 4603 771 4654 uos
788 4588 820 4653 et
834 4582 940 4680 ipsum
966 4580 1131 4657 mediante
1150 4579 1210 4651 lilii
1235 4582 1338 4654 nostri
1364 4589 1397 4654 et
1410 4579 1467 4652 lille
