3218 5192
888 903 942 977 ii.

359 1097 425 1168 III.
441 1099 604 1168 sandoro
619 1102 757 1190 apolutoi
771 1103 918 1171 &solado
933 1108 965 1173 ὡ
980 1127 1002 1170 a
1018 1107 1105 1171 traci
1114 1107 1299 1196 ptaptlkaclc
1311 1109 1479 1199 mcplrupy-

350 1209 404 1292 ja,
420 1207 500 1294 tropy
514 1229 593 1274 orca
610 1207 784 1288 canetae,
808 1213 864 1280 kile
878 1213 1075 1301 chmundot
1085 1217 1194 1304 popei
1207 1215 1375 1282 aldidlcont
1390 1219 1478 1284 laira-

356 1311 473 1399 boltdlc,
489 1336 567 1380 arra
583 1317 748 1402 sacratarii,
764 1319 844 1407 toqy
859 1343 898 1386 aa
914 1321 1043 1388 clrubolt
1059 1325 1230 1412 tarpyulcat
1246 1325 1479 1414 aaszaazolpat-

796 1429 914 1496 wacek.
932 1431 1028 1496 1177.

460 1621 648 1692 Alexander
658 1611 842 1713 Episcopus
858 1645 971 1695 servus
988 1648 1154 1696 seruorum
1164 1631 1227 1697 Dei
1236 1633 1479 1700 venerabilibus

353 1727 508 1798 iratribus
524 1733 711 1818 spalatensi
727 1735 982 1823 archiepiscopo
1002 1737 1213 1824 Apostolicae
1231 1739 1325 1807 Sedis
1340 1741 1478 1826 Legata,

352 1843 384 1904 et
398 1836 549 1904 Michaeli
563 1841 773 1925 Traguriensi
789 1843 962 1930 Episcopo,
980 1847 1116 1912 salutem
1132 1852 1164 1912 et
1186 1847 1410 1933 Apostolicam
1426 1850 1478 1915 bo·

351 1945 578 2014 sedictionem.
604 1947 684 2016 Cum
703 1951 840 2018 dilectus
856 1953 941 2018 iilius
956 1954 1169 2039 Raymundus
1186 1953 1227 2020 de
1245 1953 1383 2041 Capella
1397 1958 1477 2022 Sub-

352 2053 510 2122 diaconus
535 2063 645 2124 noster
662 2078 683 2124 a
698 2061 887 2144 praesentia
911 2061 1070 2128 carissimi
1094 2061 1127 2128 iu
1144 2061 1273 2131 Christo
1289 2063 1347 2129 lilii
1373 2065 1479 2132 nostri

351 2157 546 2247 W(ilhelmi)
562 2163 698 2230 illustris
714 2165 848 2233 Siciliae
862 2167 982 2252 Regis,
1006 2167 1049 2234 ad
1064 2187 1159 2251 quem
1176 2168 1318 2236 lucrata
1333 2170 1428 2237 nobis
1444 2177 1478 2237 et

351 2289 372 2334 a
388 2269 506 2337 dilecto
523 2269 590 2338 lilio
606 2277 717 2340 nostro
734 2274 859 2342 Jacobs
869 2277 1011 2342 Sanctae
1022 2275 1147 2342 Mariae
1162 2277 1195 2342 in
1209 2275 1383 2345 Cosmedin
1399 2279 1477 2344 Dia·

351 2396 432 2445 cono
445 2377 613 2446 Cardinali
630 2381 852 2468 transmissus,
869 2382 991 2449 rediret
1006 2383 1049 2449 ad
1063 2403 1133 2469 nos,
1149 2385 1287 2470 piratae,
1311 2387 1478 2469 quierant

353 2484 387 2549 in
403 2485 546 2568 sagettia
562 2489 660 2554 castri
676 2488 717 2555 de
732 2488 898 2574 Sevenico,
923 2491 957 2557 in
974 2511 1040 2576 qua
1054 2491 1118 2559 duo
1135 2491 1275 2560 Comites
1294 2499 1397 2580 erant,
1413 2494 1476 2560 Ne-

351 2596 436 2659 stros
452 2592 613 2679 videlicet,
631 2602 664 2661 et
679 2596 798 2682 Parlat,
814 2598 976 2684 inipsum,
993 2604 1026 2664 ct
1041 2599 1148 2668 socios
1159 2619 1235 2668 suos
1247 2619 1475 2690 praesumpse-

350 2707 424 2768 runt
438 2701 598 2770 violentas
614 2724 729 2773 manus
745 2707 887 2792 iniicere,
912 2715 944 2774 et
960 2709 990 2774 ei
1005 2707 1163 2792 quidquid
1178 2709 1321 2776 habebat
1334 2709 1368 2776 in
1385 2711 1473 2794 nari,

350 2809 464 2876 valens
482 2811 568 2878 ultra
583 2814 757 2897 sexaginta
772 2816 923 2882 marchas
940 2816 1086 2901 argenti,
1111 2821 1143 2882 et
1160 2816 1286 2882 litteras
1305 2817 1405 2884 etiam
1420 2837 1474 2886 no·

350 2922 446 3002 stras,
463 2924 495 2984 et
509 2917 584 2986 illas
600 2921 700 2986 etiam
709 2971 718 3005 ,
745 2940 843 3005 quam
858 2923 1028 3008 praelatus
1044 2923 1113 2989 Rex
1136 2924 1231 2990 nobis
1247 2924 1414 3007 mittebat,
1440 2929 1474 2988 ut

348 3026 505 3113 scriptum
521 3028 563 3095 de
579 3027 601 3094 d
615 3065 659 3076 -
677 3067 722 3076 -
737 3067 781 3077 -
798 3067 842 3078 -
857 3031 1014 3118 pecuniae
1028 3032 1132 3118 ipsius
1148 3029 1344 3115 Cardinalis,
1362 3033 1393 3097 ei
1412 3037 1474 3096 tur-

348 3135 433 3222 piter
449 3141 481 3202 et
497 3135 667 3204 inhoneste
692 3134 823 3204 auferre
838 3137 968 3204 minime
991 3138 1190 3206 dubitarunt.
1215 3141 1321 3224 Super
1335 3158 1399 3222 quo
1416 3141 1474 3205 ita·

349 3263 412 3326 que
427 3250 518 3312 tanto
535 3263 699 3311 movemur
714 3243 874 3330 amplius,
892 3250 924 3311 et
939 3247 1125 3330 turbamur,
1142 3253 1265 3329 quanto
1280 3245 1315 3312 id
1332 3246 1473 3332 amplius

348 3352 381 3416 in
407 3360 551 3420 nostram
576 3353 728 3439 injuriam
754 3353 905 3438 respicit,
933 3359 965 3419 et
985 3359 1223 3440 contemptum;
1250 3372 1323 3420 cum
1347 3359 1475 3420 tantam

344 3461 517 3545 jacturam,
535 3467 568 3526 ct
582 3461 718 3545 injurias
734 3461 908 3546 curjuslibet
923 3461 1050 3546 Clerici,
1070 3461 1188 3528 nedum
1204 3459 1406 3528 Subdiaconi
1421 3481 1475 3528 no·

348 3567 406 3633 stri
431 3587 496 3634 non
521 3587 692 3652 possemus
718 3570 780 3636 snb
804 3569 1044 3654 taciturnitate,
1070 3575 1103 3635 et
1127 3569 1257 3636 silentio
1283 3570 1474 3654 praeterire.

347 3672 509 3752 Quoniam
519 3675 618 3760 igitur
634 3677 797 3744 sustinere
812 3698 876 3745 non
886 3695 1069 3762 possumus,
1081 3675 1317 3758 necdebemus,
1334 3678 1476 3741 uttanta

348 3782 573 3868 praesumptio
599 3791 631 3851 et
655 3804 811 3852 excessus
836 3785 1035 3853 incorrectus
1060 3789 1246 3870 remaneat,
1276 3783 1475 3850 fraternitati

347 3893 478 3956 vestrae
503 3909 562 3976 per
579 3889 771 3978 apostolica
795 3893 920 3979 scripta
943 3891 1174 3980 praecipiendo
1200 3890 1416 3974 mandamus,
1443 3897 1475 3956 et

348 3995 536 4065 mandando
552 3999 781 4085 praecipimus,
805 4009 965 4084 quatenus
980 3999 1055 4066 illos
1073 3997 1153 4065 duos
1170 3996 1323 4081 Comites,
1341 4003 1374 4063 et
1389 3995 1474 4083 pira·

346 4111 409 4189 tas,
426 4111 459 4176 et
474 4113 623 4191 raptores
640 4107 733 4190 alios,
750 4105 854 4190 quiin
869 4105 1040 4191 praedicta
1055 4103 1197 4190 sagettia
1212 4101 1351 4188 suerunt,
1374 4125 1474 4188 quan-

347 4213 451 4278 tocius
468 4213 648 4297 moneatis‚
674 4219 710 4278 ut
725 4221 793 4279 tam
808 4213 956 4297 litteras,
982 4232 1080 4296 quam
1097 4211 1195 4278 etiam
1216 4211 1332 4278 ablata
1356 4213 1475 4280 nuncio

347 4321 515 4386 memorati
539 4305 739 4387 Subdiaconi
753 4319 857 4386 nostri
872 4319 979 4404 latori,
1004 4317 1235 4404 praesentium,
1253 4318 1324 4384 sine
1337 4317 1474 4385 diminu-

347 4427 438 4494 tione
446 4477 456 4511 ,
483 4435 516 4494 et
532 4429 691 4498 dilatione
706 4448 779 4495 cum
794 4430 960 4514 expensis,
976 4449 1058 4514 quas
1073 4433 1206 4514 propter
1220 4427 1282 4494 hoc
1297 4425 1407 4494 iacere
1423 4449 1475 4495 co-

349 4541 445 4600 actus
461 4541 511 4601 est
520 4584 529 4618 ,
556 4536 748 4619 restituant3
775 4541 807 4602 et
825 4542 966 4602 castrum
983 4535 1025 4602 de
1039 4533 1215 4618 Sevenico,
1242 4534 1334 4618 cujus
1350 4534 1410 4601 illa
1424 4557 1476 4603 sa-

212 4695 215 4706 .
347 4639 429 4728 gitta
452 4641 531 4726 luit,
560 4640 603 4707 ad
628 4642 863 4710 restituendum
888 4642 1042 4730 quicquid
1067 4640 1107 4707 de
1124 4641 1175 4707 his
1200 4637 1245 4706 ad
1260 4657 1338 4706 suaa
1355 4662 1473 4709 manus
