3218 5192
820 282 978 386 Q

341 489 474 574 dientia,
491 487 657 556 intellecto
673 481 795 550 turbati
811 487 843 550 et
859 482 939 548 moti
954 487 1030 550 sunt
1045 483 1132 550 ultra
1147 481 1287 552 modum.
1308 479 1480 548 Miramur

340 605 449 666 antem
464 597 648 684 plurimum,
673 593 760 678 qnod
776 593 859 660 sicot
873 597 906 658 te
920 589 1124 676 significante
1144 589 1337 678 accepimus,
1354 586 1482 672 adqui-

340 711 453 774 escunt
462 755 472 790 ,
498 711 533 771 ut
548 723 659 771 eornm
674 701 949 788 Arcbicpiscopus
972 719 993 766 a
1009 697 1159 784 praelato
1176 698 1368 766 Patriarcha
1393 715 1482 764 con·

342 813 557 882 secretionem
572 803 718 896 recipiat,
745 807 835 876 etad
851 807 954 894 ipsius
971 805 1151 876 Concilium
1170 813 1303 874 vocatus
1319 804 1482 886 accedat,

342 919 615 990 confirmationem
626 923 735 984 autem
751 917 918 984 electionis
934 916 1156 983 aPatriarcbe
1170 916 1250 1000 fieri,
1266 915 1319 980 vel
1334 913 1378 980 ad
1394 931 1484 979 eum

343 1027 504 1116 appellari
519 1026 704 1094 firmissime
720 1025 954 1094 contradicunt.
974 1025 1062 1092 Sane
1073 1023 1176 1108 major
1191 1023 1313 1108 aliquid
1331 1027 1381 1089 est
1396 1039 1485 1087 con·

345 1137 493 1220 secretio,
511 1155 608 1219 quam
624 1134 825 1202 confirmatio
842 1133 1020 1214 electionis,
1038 1133 1122 1200 sicut
1138 1133 1304 1200 evidenter
1319 1135 1484 1218 apparet.
1553 1163 1554 1168 =

347 1243 538 1311 eonsecrari
554 1242 684 1327 quidem
700 1261 765 1308 non
779 1246 886 1326 potest
905 1243 977 1326 quis
986 1289 996 1326 ,
1016 1241 1081 1308 nisi
1096 1240 1140 1308 ab
1156 1261 1204 1326 eo,
1228 1241 1283 1324 qui
1299 1237 1486 1326 plenitudi·
1555 1307 1556 1312 ,

348 1371 422 1418 nem
436 1351 536 1418 babet
550 1349 749 1416 Pontificalis
765 1349 873 1417 officii.
900 1347 1094 1417 Confirmari
1110 1356 1219 1416 antem
1242 1352 1357 1418 electio
1374 1348 1488 1415 alicu·
1555 1329 1556 1350 ³

344 1457 456 1544 jasab
481 1455 584 1524 electo
600 1454 853 1541 Metropolitano
870 1455 922 1521 vel
937 1455 1081 1522 Primatc
1103 1461 1231 1541 potest,
1257 1462 1314 1522 aut
1337 1456 1443 1523 etiam
1462 1471 1487 1516 a
1558 1488 1559 1498 ι

350 1564 521 1652 Capitulo,
548 1561 576 1628 si
591 1561 740 1628 Ecclesia
756 1567 862 1628 vacat.
888 1561 1135 1649 Appellationes
1159 1583 1236 1630 vero
1253 1584 1273 1629 a
1291 1560 1487 1647 Metropoli·

349 1679 427 1740 tanc
444 1670 486 1736 ad
501 1671 676 1738 Primatem
692 1670 762 1738 lieri
788 1670 989 1738 canonicum·
1002 1676 1051 1736 e'st
1060 1723 1069 1756 ‚
1096 1671 1177 1738 etin
1194 1671 1359 1738 Gradensi
1374 1677 1408 1736 et
1424 1671 1486 1736 Ja·
1560 1657 1562 1710 ἶ

352 1779 481 1846 dertina
496 1777 650 1846 Ecclesiis
676 1783 862 1864 atcmpore
887 1778 991 1846 felicis
1016 1778 1191 1845 memoriae
1215 1777 1487 1866 praedecessoris

351 1886 453 1956 nostri
469 1886 581 1972 Papae
597 1884 734 1951 Adriani
750 1885 907 1952 hactenus
924 1886 1141 1952 observatum.
1169 1883 1319 1952 Ceterum
1339 1883 1488 1951 Venetia
1563 1889 1566 1970 ἵ

352 1995 386 2062 in
402 1993 528 2060 unitate
543 1990 716 2059 Catholica
735 1992 945 2058 laudabiliter
961 1993 1068 2078 stetit,
1092 1998 1124 2060 et
1139 1993 1200 2060 luit
1214 1992 1338 2061 Civitas
1361 1989 1489 2076 refugii

353 2101 528 2188 Episcopis
554 2105 587 2165 et
602 2099 677 2166 aliis
694 2099 915 2165 Ecclesiarum
931 2101 1113 2186 Praelata,
1139 2103 1194 2186 qni
1211 2101 1252 2168 de
1267 2099 1486 2182 Lumbardia,

354 2209 476 2276 Tuscia
490 2215 523 2274 et
538 2206 685 2273 Marchia
700 2227 721 2272 a
736 2205 869 2273 sedibus
885 2208 1027 2293 propriis
1052 2209 1193 2277 instante
1212 2209 1387 2275 schismate
1403 2207 1489 2272 illuc

356 2315 516 2384 divertere
531 2314 722 2400 voluerunt,
739 2314 772 2380 in
783 2313 1012 2382 reformatione
1021 2334 1148 2401 quoqne
1159 2315 1327 2382 Ecclesiae
1336 2313 1487 2400 Imperii,

357 2424 496 2510 qualiter
511 2422 627 2490 Sedem
643 2421 867 2509 Apostolicam
888 2423 1090 2510 adjuverint,
1117 2431 1148 2491 et
1163 2423 1412 2505 honoraverint,
1441 2421 1489 2488 ad

357 2539 446 2600 tuam
463 2531 623 2599 credimus
648 2533 797 2600 notitiam
822 2535 1021 2619 pervenisse.
1047 2532 1133 2611 Quia
1148 2533 1248 2618 igitur
1273 2529 1489 2600 sollicitudini

359 2647 435 2708 tuae
459 2646 577 2725 manet,
603 2640 767 2725 subjectos
783 2660 804 2706 a
819 2642 1059 2726 praesumtione
1084 2661 1144 2708 sua
1160 2659 1384 2726 compescere,
1412 2658 1488 2704 cum

359 2767 425 2815 non
440 2747 616 2816 debeamus
633 2749 723 2832 sequi
741 2749 916 2835 populum,
937 2751 997 2817 sed
1009 2751 1142 2837 docerc;
1159 2770 1219 2816 nec
1235 2750 1295 2816 tibi
1311 2749 1489 2816 molestum

359 2855 463 2926 videri
488 2854 602 2940 debet,
631 2855 765 2923 obedire
788 2857 858 2942 jam
884 2857 970 2925 dicto
989 2857 1201 2925 Patriarchae
1225 2859 1314 2924 velut
1337 2854 1488 2938 Primati,

360 2985 458 3052 quum
473 2964 630 3052 scriptum
656 2963 717 3049 sit,
744 2965 799 3048 qui
816 2985 852 3032 se
868 2965 972 3032 subsit
993 2966 1050 3032 alii
1076 2986 1149 3034 esse
1173 2967 1393 3054 propositum,
1420 2981 1488 3031 non

360 3073 497 3140 moleste
513 3069 595 3137 ferat
611 3070 752 3154 aliquem
769 3071 832 3138 sibi
846 3073 1043 3158 Praelatum,
1068 3075 1127 3141 scd
1143 3073 1371 3156 obedientiam,
1388 3091 1489 3156 qoam

361 3179 483 3264 exigit,
514 3179 586 3264 ipse
617 3177 800 3266 dependat,
832 3178 1069 3248 fraternitatem
1093 3189 1183 3248 tuam
1212 3201 1272 3269 per
1297 3177 1491 3268 apostoliea

362 3283 486 3372 scripta
501 3305 687 3370 monemus,
714 3285 924 3372 mandamns,
950 3293 1048 3372 atque
1062 3288 1299 3375 praecipimus,
1327 3292 1491 3374 quatenns

361 3392 448 3462 infra
462 3399 527 3459 tres
543 3411 671 3461 menses
687 3399 860 3478 postquam
876 3393 1082 3461 Jadertinam
1098 3394 1220 3480 inieris,
1231 3413 1372 3480 pergens
1387 3395 1491 3460 Vene-

362 3502 428 3568 tiae
438 3549 447 3584 ,
471 3499 576 3566 eidem
591 3498 804 3567 Patriarchae
829 3501 1048 3570 obedientiam
1075 3508 1107 3570 et
1122 3503 1338 3570 reverentiam
1352 3501 1491 3568 Primati

363 3606 528 3691 debitam,
555 3605 725 3675 occasione
739 3613 772 3675 et
787 3609 996 3675 excusatione
1012 3615 1171 3693 cessante,
1198 3609 1370 3694 promittas
1386 3607 1492 3675 etim·

364 3711 501 3801 pendas,
517 3719 549 3777 et
564 3715 685 3782 clerum
701 3721 732 3781 et
747 3717 903 3802 populum
918 3723 1009 3783 tuum
1019 3715 1061 3783 ad
1076 3715 1121 3801 id,
1137 3716 1220 3784 sicut
1235 3722 1268 3784 te
1279 3715 1384 3801 decet,
1400 3713 1493 3782 indu·

366 3839 434 3906 cas,
450 3819 498 3886 ita
513 3820 600 3906 qnod
614 3819 687 3906 ipsc
701 3824 895 3892 Patriarcha
910 3824 1060 3892 continue
1086 3825 1257 3894 materiam
1272 3821 1493 3910 conquerendi

364 3949 430 3997 non
445 3927 565 3994 habeat
574 3978 583 4013 ,
608 3947 667 3996 nec
691 3929 775 3998 inter
790 3933 932 4001 Venetos
956 3939 989 3999 et
1004 3931 1182 4002 Jadreuses
1198 3931 1311 4018 gravis
1327 3951 1368 3999 ex
1382 3931 1446 4000 boc
1461 3935 1494 3996 et

365 4035 549 4124 periculosa
566 4035 729 4105 discordia
745 4039 877 4106 oriatur.
902 4037 1059 4126 Alioquin
1074 4059 1168 4108 nsum
1184 4039 1245 4106 tibi
1260 4038 1341 4126 palii
1362 4036 1494 4104 interdi-

366 4142 479 4228 cimus,
495 4149 527 4210 et
541 4149 574 4210 te
590 4145 801 4213 consecrandi
817 4145 1045 4233 suffraganeos
1060 4153 1144 4232 tuos,
1168 4153 1203 4216 et
1217 4146 1388 4216 Ecclesiae
1405 4143 1495 4213 dedi-

367 4249 463 4426 Eandi
487 4250 677 4424 {actoritate
702 4252 878 4340 privamus.
896 4254 1016 4322 Datum
1032 4251 1208 4340 Anagncni
1225 4253 1311 4322 VlIl.
1329 4251 1495 4322 calenda

400 4375 489 4428 ecem
513 4377 567 4425 na.
1231 4391 1233 4396 ·

437 4499 471 4571 (Δ
486 4503 585 4576 „Liber
596 4499 757 4562 erearum*
772 4501 858 4557 ulmo
870 4505 1007 4558 veleucaei
1019 4503 1194 4576 tumkonyv
1206 4507 1228 4562 1.
1242 4505 1299 4562 loa
1312 4506 1355 4558 tl.
1367 4502 1432 4572 lev.)
