3268 5194
834 309 947 408 „ut
980 397 988 402 .

349 505 476 568 vestros
492 504 681 568 tenerrimos
698 520 815 586 pueros
828 522 849 565 a
865 500 1034 565 cunabulis
1051 500 1083 564 in
1101 499 1207 564 studio
1223 500 1388 564 literarum
1406 501 1478 564 Deo

348 609 512 694 offeratis,
530 617 689 693 quatenus
700 609 866 675 Divinitns
876 607 1039 675 informati
1049 628 1107 675 vos
1124 607 1191 674 suis
1202 607 1479 674 admonitionibus

346 718 481 783 valeant
491 715 637 783 relevare
649 716 691 780 ab
708 715 872 783 illecebris
883 715 1073 782 delictorum
1083 716 1125 780 ad
1141 735 1314 802 supernam
1324 717 1478 800 patriam,

346 826 379 891 in
395 843 460 907 qua
475 821 622 889 christus
639 827 688 888 est
713 843 786 889 curn
802 823 951 890 omnibns
975 822 1150 888 electorum
1172 823 1367 905 agminibus.
1394 819 1477 900 Quis

347 932 466 998 etenim
491 930 646 1016 specialis
662 929 747 996 iilius
764 933 904 998 Sanctae
920 931 1087 997 Romanae
1103 929 1291 1012 Ecclesiae,
1317 929 1401 996 sicut
1415 950 1476 997 vos

347 1040 437 1123 estis,
454 1040 489 1106 in
499 1038 651 1120 barbara,
669 1057 727 1104 scu
738 1038 925 1104 Selavinice
940 1037 1133 1122 linguaDeo
1154 1036 1477 1130 sacrificinmofferre

346 1145 551 1212 delectatur?
575 1145 649 1212 Non
665 1147 787 1231 quippo
802 1146 953 1230 ambigo,
976 1152 1011 1211 ut
1027 1117 1060 1210 iu
1077 1145 1125 1212 eis
1141 1142 1230 1212 aliud
1252 1151 1392 1230 maneat,
1419 1147 1474 1229 qui

345 1253 378 1318 in
403 1253 586 1320 Sclavinica
609 1253 724 1338 lingua
749 1253 933 1322 sacrificare
958 1253 1177 1338 contendunt,
1204 1253 1267 1320 nisi
1293 1253 1374 1320 illud
1389 1255 1477 1338 quod

345 1361 499 1447 scriptum
516 1370 586 1428 est:
606 1364 676 1447 „Ex
693 1360 954 1446 nobisexierunt,
971 1371 1003 1428 ot
1018 1383 1081 1430 uon
1098 1369 1225 1428 suutex
1242 1361 1368 1428 uobis.“
1386 1363 1474 1428 Nam

346 1469 374 1536 si
391 1488 432 1534 ex
448 1469 542 1536 uobis
559 1477 687 1553 essent,
713 1477 881 1538 manerent
896 1469 1008 1554 utique
1033 1470 1201 1537 nobiscum
1220 1469 1283 1536 nisi
1299 1469 1333 1535 iu
1358 1477 1473 1539 nostra

348 1579 606 1664 conversatione,
632 1588 664 1646 et
680 1580 804 1663 lingua.
830 1579 924 1648 Unde
951 1581 1066 1645 iterum
1091 1585 1189 1661 atque
1204 1577 1320 1644 iterum
1337 1599 1395 1644 vos
1411 1600 1475 1646 mo-

344 1705 469 1770 nemus,
486 1685 689 1754 dilectissimi
708 1687 783 1772 filii,
798 1687 881 1754 utin
897 1694 1007 1754 vestra
1030 1687 1277 1754 conversatione
1302 1685 1475 1771 maneatis,

346 1802 379 1862 et
405 1795 570 1880 linguam,
603 1806 635 1862 ct
659 1804 835 1882 praecepta
860 1795 1211 1861 Reverendissimorum
1237 1789 1475 1879 Episcoporum

345 1902 482 1970 Joannis
499 1901 640 1970 Sanctae
652 1904 877 1970 Anconitanae
887 1901 1067 1984 Ecclesiae,
1088 1909 1120 1969 ot
1131 1900 1250 1967 Leonis
1265 1901 1368 1966 nostri
1383 1898 1475 1966 tami·

344 2009 510 2076 liarissimi
531 2012 671 2078 Sanctoe
686 2010 889 2078 Palestrinae
908 2009 1084 2094 Ecclesiae,
1101 2029 1122 2075 a
1137 2016 1247 2076 nostro
1263 2009 1366 2075 latere
1378 2007 1474 2073 vobis

344 2115 555 2200 transmissis,
572 2116 606 2182 in
623 2117 773 2184 omnibus
789 2117 883 2186 nobis
900 2117 1032 2202 creduli,
1059 2125 1157 2201 atque
1180 2116 1363 2201 perspicaci
1383 2114 1473 2180 indu-

344 2225 425 2292 stria
437 2223 559 2291 suffulti
575 2223 727 2291 audiatis.
745 2223 840 2302 Quod
856 2226 949 2294 vobis
966 2225 1120 2294 attentius
1137 2223 1411 2306 commendamus,
1437 2229 1473 2288 ut

344 2332 473 2400 illorum
498 2331 773 2400 admonitionibus
798 2333 980 2417 obediatis,
1008 2339 1042 2398 et
1057 2331 1212 2416 quidquid
1228 2329 1323 2396 vobis
1348 2330 1391 2395 ab
1406 2328 1473 2394 illis

344 2439 522 2524 iniunctum
547 2437 645 2508 fuerit
669 2461 710 2507 ex
727 2440 855 2507 Divinis
882 2441 951 2508 sive
967 2440 1141 2508 (laconicis
1165 2437 1382 2523 argumentis,
1410 2437 1472 2504 snb

345 2547 431 2612 omni
458 2547 625 2614 celeritate
640 2548 829 2616 obedienter
852 2549 1031 2635 adimplere
1055 2549 1215 2633 satagite,
1243 2547 1271 2613 si
1287 2567 1351 2614 non
1371 2545 1471 2612 vultis

348 2657 544 2738 sequestrari
561 2677 582 2722 a
598 2665 709 2724 nostro
728 2655 885 2743 Collegio.

469 2850 585 2914 (sarlati
599 2855 729 2905 illiricum
743 2843 864 2916 Sae'ruur,
877 2856 929 2906 111.
944 2856 999 2907 lrbt,
1018 2855 1151 2906 Velenoze
1167 2856 1243 2905 1765.
1258 2855 1299 2906 94.
1314 2853 1343 2915 Ι.)

777 3143 864 3150 .--.-.-
887 3145 908 3150 --
928 3141 1036 3150 ..u--n-
