3218 5192
463 1233 509 1302 Aa
526 1237 544 1301 1
549 1235 664 1302 186-ἠί
678 1233 818 1322 apulutdi
832 1233 1027 1320 tortomdnyi
1042 1230 1210 1298 asinatauk
1230 1227 1329 1294 alaidi.
1348 1309 1352 1314 ⁸

330 1454 356 1518 Ι.
390 1451 597 1538 Synodus
620 1451 943 1522 Prouincialis
967 1449 1137 1520 domini
1162 1448 1286 1518 Petri
1309 1446 1460 1534 Spala-

331 1559 480 1628 tensis
503 1558 882 1646 Arohiepiseopi,
909 1559 1149 1626 celebrata
1180 1558 1224 1624 in
1248 1553 1463 1622 Ecclesia

581 1665 742 1734 Sancti
766 1667 975 1735 Andreae
998 1666 1221 1754 Apostoli.

439 1851 477 1916 In
493 1847 622 1917 nomine
636 1848 778 1915 Sanctae
793 1855 826 1916 et
837 1847 1029 1918 individuae
1044 1847 1224 1914 Trinitatis.
1241 1845 1336 1912 Anno
1353 1843 1396 1910 ab
1410 1844 1461 1908 ln·

332 1955 521 2022 estuatione
536 1955 667 2023 Domini
682 1955 906 2022 MOLXXXV.
923 1953 1104 2021 Indictione
1118 1950 1189 2036 111,
1210 1951 1342 2020 domino
1358 1948 1460 2016 Lucio

332 2065 424 2148 Papa
439 2061 497 2129 ΠΙ.
515 2063 727 2150 Apostolieae
742 2061 820 2129 Sedi
845 2060 1071 2149 praesidente,
1095 2081 1135 2127 ae
1151 2059 1282 2128 domino
1302 2059 1385 2125 Bela
1399 2055 1458 2123 111.

332 2169 520 2255 Hungariae
529 2173 677 2256 Regnum
687 2173 899 2258 gubernante
911 2169 1082 2238 etdomino
1093 2166 1293 2255 H(emerieo)
1303 2167 1371 2234 filio
1387 2167 1458 2250 ejus

331 2297 370 2345 eo
386 2278 516 2346 vivente
531 2288 695 2365 coronato,
711 2280 774 2347 hoe
790 2285 899 2346 aetum
914 2284 974 2344 est.
994 2276 1156 2356 Quoniam
1165 2275 1344 2362 pastoralis
1359 2273 1459 2342 officii

330 2405 419 2470 eura,
436 2387 552 2470 quibus
569 2386 789 2472 spiritualium
803 2405 912 2452 rerum
928 2403 1056 2452 summa
1068 2381 1288 2467 committitur,
1306 2380 1459 2448 admonet

330 2495 511 2576 universos,
529 2513 568 2560 ac
583 2499 721 2580 paterna
737 2492 919 2561 sollicitudo
936 2491 1062 2576 invitat,
1089 2497 1125 2556 ut
1140 2490 1296 2577 gregibus
1312 2487 1377 2555 sibi
1393 2505 1458 2552 ere

330 2599 407 2666 ditis
423 2600 471 2666 ita
486 2601 622 2685 quisque
637 2601 813 2687 providiat,
830 2600 916 2690 qnod
931 2601 1080 2687 luporum
1099 2598 1260 2666 morsibus
1280 2617 1346 2664 non
1361 2615 1457 2680 expo·

330 2713 448 2772 uantur
472 2709 620 2793 incaute,
646 2715 678 2774 et
693 2729 735 2774 ne
759 2708 940 2793 incongrua
964 2708 1135 2774 abutentes
1162 2705 1296 2772 lieentia
1320 2701 1458 2769 terrenis

329 2815 509 2884 commodis
525 2816 652 2884 inhiare
667 2801 860 2902 videantur,
887 2822 919 2882 et
934 2837 975 2882 ne
990 2815 1172 2882 animarum
1187 2814 1280 2880 luera
1304 2813 1459 2879 omittant

330 2922 504 3008 diligenter
519 2922 691 3008 inquirere.
708 2923 786 2992 Ideo
801 2926 872 3010 Ego
887 2924 925 2990 P.
936 2922 1057 2990 Divina
1071 2921 1201 2988 favente
1217 2919 1328 3004 gratia
1343 2917 1458 3004 Spala-

329 3033 418 3099 tinae
434 3031 527 3099 Sedis
538 3032 824 3119 Arebiepiseopus,
841 3031 955 3100 videns
965 3033 1067 3099 multa
1083 3029 1230 3098 enormia
1240 3049 1300 3115 per
1310 3031 1458 3096 nostrum

328 3139 654 3229 Arehiepiseopatum
670 3143 854 3226 emersisse,
871 3140 1132 3226 multiplicesque
1151 3136 1356 3205 subditorum
1371 3153 1457 3200 erro·
1539 3126 1542 3130 ’

329 3266 381 3313 res
398 3248 609 3316 considerans
625 3249 770 3333 graviter
787 3248 962 3336 pullulare,
987 3253 1023 3313 ut
1040 3246 1179 3314 Domino
1195 3243 1388 3331 providente
1404 3261 1456 3307 ex·

302 3429 305 3441 ¹
329 3356 475 3423 cessibus
491 3357 591 3424 tantis
617 3355 713 3422 tinem
729 3376 908 3440 congruum
931 3355 1115 3441 imponere,
1141 3359 1239 3440 atque
1256 3351 1458 3419 salutaribus

329 3463 460 3530 monitis
477 3464 648 3532 audientes
665 3484 796 3551 possem
811 3462 999 3548 informare,
1017 3463 1058 3528 de
1077 3461 1229 3528 mandato
1241 3468 1274 3526 et
1288 3459 1456 3526 voluntate

325 3571 448 3639 Summi
463 3571 628 3639 Pontificis
643 3575 676 3638 in
693 3578 807 3640 nostra
825 3572 1014 3658 Spalatensi
1029 3570 1190 3654 Civitate,
1215 3589 1288 3636 cum
1304 3567 1456 3636 omnibus

327 3678 550 3762 Suffraganeis
567 3686 599 3746 et
614 3679 819 3765 Abbatibus,
845 3699 984 3746 necnon
1000 3677 1199 3745 Olerieorum
1216 3676 1314 3763 eopia
1323 3726 1332 3759 ,
1353 3674 1456 3741 Gene·

327 3787 430 3853 ralem
445 3785 614 3872 Synodum
629 3787 781 3855 invocata
798 3787 910 3854 Sancti
926 3786 1067 3873 Spiritus
1082 3783 1191 3871 gratia
1205 3781 1358 3850 lralendis
1375 3781 1455 3865 llaji

327 3893 574 3962 celebravimus.
591 3895 656 3962 Ubi
672 3916 748 3963 vero
766 3893 1113 3962 anathematisavimus
1126 3911 1238 3960 omnes
1255 3897 1364 3958 sectas
1379 3891 1455 3956 hae-

325 4005 508 4088 retieorum,
525 4008 683 4072 eteorum
699 4003 862 4090 eomplieii
879 4010 992 4071 contra
1004 4002 1255 4070 Sacrosunctam
1273 4002 1455 4068 Romanam

325 4111 510 4178 Ecclesiam
526 4115 559 4178 et
574 4111 645 4196 eJus
671 4111 851 4178 doctrinam
877 4110 1097 4194 oblatrantes,
1125 4113 1157 4175 et
1173 4127 1285 4175 omnes
1310 4103 1456 4173 indebite

328 4215 543 4284 ecelesiastici
559 4217 656 4285 otiieii
672 4217 907 4302 verberatores,
932 4224 964 4284 et
980 4217 1179 4284 decimarum
1201 4221 1382 4295 terrarum,
1408 4229 1454 4276 re·

328 4325 514 4411 ditunmque
540 4325 833 4393 ecclesiastieorum
859 4333 1028 4412 raptores,
1056 4325 1248 4409 invasores,
1274 4344 1314 4389 ac
1340 4319 1456 4388 illicite

325 4437 522 4516 retentores,
547 4431 611 4498 nisi
626 4431 728 4516 digna
751 4431 968 4498 satisfecerint
991 4431 1226 4499 satisfactione.
1251 4430 1317 4498 Ubi
1343 4435 1376 4495 et
1391 4435 1456 4493 sta-

325 4539 455 4624 tuimus,
480 4545 516 4607 ut
531 4559 643 4606 omnes
661 4540 855 4608 usualitates
881 4540 1032 4627 aedquas
1042 4591 1051 4626 ,
1077 4561 1160 4628 quas
1178 4539 1328 4608 Ecclesia
1342 4533 1455 4608 Sancti

325 4645 456 4721 Domnii
479 4645 648 4738 babuerat,
665 4653 697 4713 et
708 4645 952 4740 jurisdictiones
977 4655 1046 4720 tum
1070 4647 1104 4714 in
1127 4647 1329 4742 Episcopus,
1354 4667 1453 4740 quam
