3218 5192
618 330 772 436 Q

232 527 356 599 Datum
372 531 471 598 Sutrii
495 552 556 618 per
571 553 687 601 manus
702 533 842 601 Bolandi
857 536 997 599 Sanctae
1016 532 1183 598 Romanae
1199 527 1255 596 Ec·

124 643 249 708 clasiae
275 640 463 726 Presbyteri
479 639 665 706 Cardinalis
681 648 713 706 et
729 639 926 706 Cancetlarii
942 641 1016 706 IlIl.
1034 639 1147 706 Nonas
1164 638 1253 720 Jnlii,

122 750 306 816 Indictionc
322 751 406 832 vlt,
424 769 509 816 anno
520 745 708 834 MOLVIII,
725 749 936 816 Pontificatus
946 769 1024 816 vcro
1040 749 1178 814 Adriani
1196 748 1253 812 Pa-

123 878 186 943 pae
202 855 268 924 1111
286 877 372 923 anno
388 855 462 922 IIII.
545 927 552 934 ,

380 1037 644 1104 1b¹arlatilllyricum
660 1037 771 1090 Sacrum
785 1037 832 1088 IV.
846 1038 902 1088 ket.
920 1037 962 1088 79.
975 1035 1005 1100 l.)
1070 1039 1075 1046 “

553 1267 818 1282 *ru—n*

661 1637 717 1704 tl.

116 1819 234 1886 Borics
251 1819 312 1884 cca
322 1819 501 1904 mcpcrdctti
515 1841 536 1883 a
553 1816 708 1884 merovaei
717 1817 941 1884 dmcdahrcodi
955 1817 1174 1884 moncctoraalc
1186 1819 1250 1882 Me·

225 1926 297 1992 leda
313 1927 448 2012 aaipctdu
466 1950 507 1991 aa.
525 1927 692 2011 Pooprdcz
706 1928 873 2013 temploota
889 1925 1035 1992 birtolcu't.
1052 1929 1149 1992 1158.

226 2103 379 2181 Quodam
407 2113 552 2191 tempore
577 2103 666 2168 facta
682 2109 731 2169 est
756 2105 921 2170 accusatio
947 2123 1045 2188 super
1072 2103 1246 2169 monachos

113 2212 225 2277 Sancti
242 2212 412 2278 Benedicti
428 2211 657 2278 Lacromcnsis
674 2213 824 2294 Insulae,
851 2211 937 2297 quod
958 2211 1076 2278 iniuste
1102 2209 1246 2294 posside-

116 2327 189 2385 rent
215 2320 397 2386 Ecclesiam
414 2319 526 2384 Sancti
549 2320 715 2384 Pancratii
741 2319 782 2384 de
805 2319 935 2404 llcleta,
962 2339 1139 2384 coramfme
1156 2318 1247 2382 Bano

114 2427 251 2494 Boritio.
268 2429 340 2510 Ego
357 2434 465 2492 autem
491 2445 588 2491 aures
604 2446 694 2491 meas
715 2445 824 2492 eorum
851 2425 1025 2491 fallacibus
1052 2424 1157 2489 verbis
1183 2445 1247 2489 non

113 2533 262 2601 totaliter
279 2533 490 2599 accomodari
500 2583 509 2616 ,
535 2551 633 2615 usquc
655 2533 731 2598 dum
747 2534 872 2599 veniret
900 2532 1019 2614 aliquis
1036 2551 1076 2596 ex
1092 2530 1248 2596 fratribus

112 2643 316 2726 Monastcrij.
334 2641 467 2707 Interea
483 2641 643 2725 siquidem
660 2642 795 2706 veniens
812 2640 962 2706 dominus
979 2639 1168 2705 Vincentius
1186 2638 1249 2702 Ab·

115 2749 176 2814 bas
193 2748 355 2833 praedicti
371 2749 561 2832 Monastcrij
580 2767 651 2812 curn
668 2747 862 2831 quibusdam
883 2746 924 2810 dc
940 2746 1117 2826 fratribus,
1146 2752 1250 2811 osten-

115 2855 166 2920 dit
181 2854 276 2920 nobis
293 2853 422 2919 litteras
441 2855 484 2919 ab
501 2853 575 2919 aliis
601 2853 743 2936 antiquis
760 2853 878 2919 nostris
896 2853 1122 2920 decessoribus
1139 2859 1248 2916 terrae

114 2959 346 3044 Principibus,
372 2961 406 3024 in
423 2961 540 3042 quibus
557 2959 673 3025 litteris
690 2957 770 3023 data
794 2965 843 3024 est
858 2957 947 3023 dicta
968 2956 1117 3022 Ecclesia
1137 2957 1249 3022 Sancti

114 3067 284 3150 l’oncratij
301 3065 470 3152 praedicto
485 3065 683 3131 Monasterio
701 3064 814 3132 Sancti
824 3065 990 3132 Benedicti
1011 3083 1122 3149 eorum
1138 3063 1249 3148 sigillo

114 3180 277 3260 perpetuo
295 3173 468 3239 affirmata.
496 3172 591 3238 Unde
606 3173 676 3257 Ego
692 3173 802 3239 Banus
819 3172 960 3238 Boritius
986 3193 1058 3236 cum
1075 3170 1149 3236 liliis
1167 3171 1248 3236 meis

111 3288 213 3363 atque
230 3281 446 3366 propinquis,
479 3300 614 3364 quornm
630 3278 662 3366 (?
680 3279 804 3368 coram)
829 3279 981 3345 universo
1004 3278 1124 3364 populo
1140 3283 1248 3343 terrae

111 3407 207 3454 meae
223 3407 298 3453 cum
315 3407 435 3472 magno
447 3387 568 3470 gauffio
580 3387 707 3454 affirmo
725 3388 863 3454 candem
876 3387 1058 3453 Ecclesiam
1070 3385 1110 3452 dc
1121 3386 1250 3452 Babina

111 3495 219 3578 Palla,
237 3513 323 3578 quae
339 3495 438 3560 estin
454 3494 583 3578 Melcta,
611 3515 684 3561 cum
700 3495 850 3561 omnibus
866 3494 962 3560 terris
978 3501 1010 3560 ct
1025 3493 1166 3578 planicie
1182 3494 1246 3560 blo-

113 3605 259 3671 nastcrio
269 3603 383 3669 Sancti
393 3601 571 3686 Benedicti,
589 3603 689 3669 bisin
706 3603 823 3669 litteris
840 3603 971 3670 domino
982 3603 1150 3670 Vincentio
1167 3603 1247 3669 eius·

113 3712 190 3778 dem
206 3711 399 3777 Monastcrii
416 3709 538 3777 Abbati
554 3709 660 3792 datis,
688 3717 720 3776 et
736 3711 844 3796 sigillo
861 3732 933 3779 meo
954 3711 1102 3796 signatis,
1128 3717 1162 3778 ut
1179 3711 1248 3778 sine

113 3817 204 3887 omni
219 3817 453 3902 impedimento
470 3817 670 3902 possideant,
687 3825 720 3883 et
736 3818 842 3884 securi
861 3818 1039 3886 obtineant.

222 3927 294 4010 Ego
311 3932 346 3993 et
360 3925 419 3992 lilii
436 3926 499 3992 mei
516 3925 716 4010 defensores,
733 3933 945 4013 protectores,
963 3933 1061 4010 atquc
1082 3929 1247 3996 adiutores

111 4035 284 4102 existimus
309 4033 439 4102 illorum
465 4033 552 4100 omni
577 4041 734 4119 tempore.
764 4034 964 4119 Quicumque
989 4042 1099 4101 autem
1123 4035 1246 4102 eisdem

109 4139 311 4211 contrarium
328 4141 451 4224 feccrit,
473 4139 735 4208 maledictionem
751 4147 784 4206 et
799 4141 882 4207 iram
898 4143 959 4208 Dei
975 4161 1075 4226 super
1091 4160 1126 4206 se
1142 4141 1245 4207 conci-

108 4257 167 4338 tet,
185 4250 322 4335 eiusque
338 4249 459 4317 ultione
475 4257 508 4316 et
519 4249 644 4335 judicio
661 4269 733 4317 cum
749 4250 907 4335 improbis
921 4251 1103 4316 damnetur.
1122 4251 1243 4316 Datum

110 4379 224 4426 mense
241 4359 392 4441 Augusto
407 4357 460 4424 dic
477 4359 548 4424 Vll.

366 4521 482 4585 (sartan
495 4520 633 4588 Illyricum
647 4521 758 4573 Sacrum
772 4521 820 4574 vl.
834 4521 881 4572 ket
907 4521 947 4572 79.
963 4521 990 4578 l.)
