3218 5192
607 313 758 413 -.Q

95 529 196 592 quae
212 509 255 574 ad
273 509 336 576 hoe
352 510 597 580 convenientior
607 512 791 596 videbatur,
810 520 859 580 est
876 515 1067 599 metropolis
1083 515 1241 600 instituta,

94 641 194 705 quae
212 622 366 690 nimirum
382 622 478 709 hujus
494 621 720 690 excellentiam
735 622 904 708 dignitatis
921 645 979 712 per
997 647 1100 694 annos
1117 630 1235 696 multos

95 735 269 818 obtinuit,
297 742 329 800 et
343 739 499 818 tanquam
515 731 622 818 prima
646 733 743 801 sedes
767 742 865 820 caput
890 743 940 804 est
955 738 1072 805 habita
1097 739 1241 824 regionis

94 845 210 928 illius,
227 842 455 910 exhibentibus
471 839 597 909 seilicet
617 841 756 912 aliarum
772 842 948 912 Civitatum
965 847 1138 934 Episcopis
1155 848 1245 915 Salo-

95 954 224 1021 nitsno
240 950 387 1020 Antistiti
417 950 501 1016 sicut
518 949 767 1037 metropolitano
783 972 841 1021 suo
863 955 995 1040 plenam
1014 957 1243 1041 obedientiam,

97 1067 138 1128 et
156 1062 192 1128 in
209 1061 393 1145 majoribus
408 1059 519 1126 causis
529 1059 628 1142 juxta
643 1058 780 1126 sormam
790 1061 986 1130 canonicam
1002 1064 1241 1135 recurrentibus

97 1168 152 1234 ad
168 1169 242 1252 ejus
252 1187 399 1234 examen.
416 1167 468 1232 Ab
480 1165 658 1248 aliquantis
673 1187 751 1234 vero
765 1170 967 1254 temporibus
975 1173 1097 1240 Salona
1112 1173 1240 1244 reddita

97 1277 137 1343 in
157 1276 391 1360 sollitudinem,
410 1281 442 1340 et
459 1275 492 1340 in
509 1273 609 1340 alium
624 1275 731 1342 locum
747 1274 842 1342 sedes
857 1280 1036 1362 translata,
1061 1287 1092 1347 et
1107 1288 1175 1348 tam
1190 1303 1241 1350 su-

98 1403 165 1470 per
182 1385 286 1467 illam,
303 1403 401 1468 quam
418 1403 516 1468 super
533 1382 705 1467 quasdam
721 1384 806 1450 alias
825 1385 970 1469 ejusdem
986 1389 1177 1458 Provinciae
1193 1391 1242 1458 (ii-

99 1493 233 1558 vitates
250 1491 390 1575 Vngaris
418 1490 594 1558 dominium
612 1491 864 1576 usurpantibus,
890 1499 923 1558 et
939 1495 1062 1562 Jadera
1086 1517 1158 1564 eum
1175 1498 1242 1584 qui-

102 1599 254 1666 busdam
273 1599 348 1666 aliis
365 1598 560 1664 Civitatibus
577 1598 609 1664 in
627 1599 727 1684 priori
744 1601 984 1668 remanentibus
994 1601 1155 1687 libertate,
1173 1625 1243 1686 gra-

98 1710 159 1776 vis
176 1710 262 1776 inter
287 1710 380 1795 ipsas
398 1707 557 1774 Civitates
574 1714 624 1774 est
639 1715 712 1774 orta
740 1709 920 1795 dissensio,
946 1719 981 1778 ut
997 1732 1056 1778 nec
1071 1711 1244 1798 Episcopis

101 1825 139 1882 et
156 1818 347 1885 hominibus
362 1816 577 1901 quarumdam
593 1817 739 1900 ipsarum
756 1817 799 1882 ad
816 1819 1019 1904 metropolim
1039 1839 1131 1886 suam
1148 1821 1244 1888 lione-

101 1927 151 1991 rit
166 1945 228 2010 pro
246 1923 490 1992 imminentibus
507 1924 616 1990 causis
632 1925 799 2008 accedere,
829 1945 889 1992 nec
904 1927 971 2010 ille,
989 1928 1043 2012 qni
1063 1928 1244 2013 metropoli·

102 2033 181 2100 tani
198 2032 306 2099 officio
333 2032 528 2117 fungebatur
544 2033 673 2116 fratres,
691 2038 724 2099 et
739 2035 952 2121 coepiscopos
969 2054 1045 2102 suos
1061 2055 1160 2102 ausus
1176 2036 1242 2102 iue-

103 2142 150 2207 rit
166 2139 316 2206 visitare.
344 2141 506 2218 Quocirca
529 2161 609 2225 nos,
634 2141 689 2226 qui
706 2142 911 2210 Universalis
936 2144 1104 2211 Ecclesiae
1129 2163 1242 2210 curam

104 2252 195 2331 Deo,
213 2255 310 2333 prout
327 2248 391 2334 ipsi
407 2249 531 2334 placuit
546 2250 757 2335 disponente,
784 2253 988 2337 suscepimus
1012 2259 1044 2319 et
1060 2273 1119 2338 pro
1135 2271 1244 2320 neees-

106 2357 212 2423 sitate
238 2357 383 2423 locorum
399 2363 431 2422 et
456 2363 638 2442 temporum
663 2378 766 2424 novos
793 2359 993 2444 Episcopos,
1018 2379 1118 2427 novos
1144 2360 1243 2428 etiem

105 2465 271 2531 debemus
287 2465 562 2551 Archiepiscopos
578 2467 785 2550 constituere,
811 2489 853 2534 ne
868 2469 935 2534 illis
952 2470 1096 2552 urbibus,
1120 2489 1206 2554 quae
1223 2491 1243 2535 a

107 2572 316 2656 subjectione
332 2592 371 2636 ac
398 2572 540 2642 dominio
557 2575 763 2656 Vngarorum
779 2575 903 2642 liberae
918 2584 1153 2660 remanserunt,
1180 2593 1242 2641 me·

106 2678 304 2763 tropolitani
321 2698 399 2744 cura
416 2679 563 2764 deesset,
589 2687 621 2746 et
637 2683 879 2767 metropolitani
890 2684 1063 2768 judicium,
1087 2683 1162 2751 dum
1177 2703 1242 2750 nou

109 2791 247 2870 possent
265 2786 298 2852 in
315 2805 385 2868 sua,
403 2786 436 2852 in
453 2788 569 2855 alicnis
586 2805 744 2872 quaerere
760 2790 945 2856 Provinciis
958 2797 1159 2875 cogerentur,
1181 2791 1240 2857 evi-

110 2892 204 2958 denti
220 2893 426 2959 necessitatis
442 2893 572 2960 illarum
590 2894 764 2962 civitatum
781 2896 931 2982 inspecta
948 2899 989 2966 de
1005 2899 1092 2966 omni
1107 2898 1243 2964 fratrum

106 3005 296 3067 nostrorum
313 3001 448 3068 consilio
464 3008 515 3086 te,
532 3002 731 3069 venerabilis
748 3003 779 3068 in
800 3003 927 3072 Christo
951 3004 1051 3072 irater
1067 3003 1244 3089 Lampredi

106 3107 235 3174 honore
258 3109 353 3193 pallii
370 3109 543 3177 statuimus
567 3110 806 3195 decorandum,
834 3116 867 3177 et
885 3130 982 3198 super
1007 3117 1145 3197 quatuor
1170 3113 1242 3178 sub-

107 3215 251 3300 scriptos
267 3216 450 3302 Episcopus
471 3216 764 3303 Archiepiseopnm
788 3218 1013 3302 ordinandum,
1030 3219 1159 3286 decreto
1175 3218 1243 3301 qui-

109 3323 186 3389 dem
204 3323 346 3391 valituro
362 3325 396 3390 in
422 3330 615 3410 perpetuum
631 3331 832 3410 statuentes,
859 3332 894 3391 ut
906 3326 1047 3392 comissa
1065 3331 1120 3392 tuo
1137 3325 1242 3392 Ponti·

109 3430 185 3497 licio
211 3430 337 3498 Civitas
362 3431 537 3500 Jadertina
561 3434 728 3518 perpetuis
749 3435 950 3519 temporibus
975 3434 1162 3520 metropolis
1187 3432 1242 3497 bu·

110 3538 239 3620 beatur,
258 3539 310 3603 cni
325 3538 476 3606 nimirum
488 3539 696 3624 Absarensis,
708 3541 891 3625 veglensis,
902 3540 1060 3608 Arbensis
1076 3546 1108 3608 et
1123 3541 1242 3607 Fanen-

109 3645 155 3710 sis
168 3645 389 3730 Episcopatus
399 3652 555 3729 tanquam
572 3667 652 3712 suae
665 3647 835 3732 metropoli
846 3647 1069 3732 subjacebunt,
1090 3653 1241 3714 eteorum

110 3752 269 3837 Episcopi
293 3752 353 3817 tibi
379 3753 508 3838 tuisque
525 3754 771 3821 successoribus
788 3754 872 3820 sieut
897 3756 1157 3841 metropolitanis
1173 3756 1241 3822 suis

111 3861 244 3942 plenam
261 3859 481 3926 obedientiam
497 3880 626 3947 semper
642 3861 842 3948 impendent.
868 3862 972 3930 Pallio
990 3864 1119 3948 itaque,
1141 3861 1242 3948 pleni-

109 3966 222 4032 tudine
249 3965 403 4032 videlicet
418 3968 622 4035 Pontifiealis
648 3969 746 4036 officii
771 3968 946 4051 insignitus
970 3990 1052 4052 erga
1077 3971 1241 4053 subjectos

88 4137 90 4139 ,
110 4080 182 4142 tuos
199 4076 301 4142 talem
318 4081 350 4141 te
368 4082 483 4161 satage
508 4077 627 4162 iugiter
644 4077 800 4144 exhibere
810 4127 818 4160 ,
845 4077 969 4162 utplus
995 4095 1135 4162 pensare
1159 4059 1241 4142 obus

113 4183 301 4266 regiminis,
329 4203 427 4268 quam
445 4184 617 4268 dignitatis
641 4184 867 4254 excellentiam
883 4184 1036 4268 videaris,
1063 4184 1118 4268 qui
1132 4189 1242 4250 tamen

112 4290 213 4373 pallio
225 4291 275 4356 his
288 4291 405 4357 diebus
417 4297 545 4358 tanturn
555 4293 666 4378 uteris,
685 4293 739 4377 qui
750 4291 885 4358 inferius
894 4293 1046 4376 leguntur
1055 4291 1088 4356 in
1099 4291 1220 4376 scripto
1233 4313 1240 4353 ε

114 4395 295 4464 Nativitate
312 4399 454 4484 Domini,
471 4399 504 4464 in
521 4399 739 4466 celebratione
751 4398 953 4466 Festivitatis
963 4399 1086 4465 Beatae
1102 4399 1241 4465 Anasta-

114 4505 190 4588 sise,
197 4505 396 4590 Epiphania,
408 4506 518 4574 Coena
529 4507 670 4596 Domini,
677 4507 935 4590 Resurrectione,
942 4506 1151 4592 Ascensione,
1163 4509 1242 4572 Pen-

114 4615 261 4700 tecostes,
279 4614 312 4678 in
329 4615 612 4706 solempnitatibus
627 4617 750 4693 Bracae
766 4617 828 4687 Dei
845 4615 1020 4686 Genitrieis
1037 4635 1165 4704 semper
1172 4615 1240 4688 Vir-
