3238 5184
624 921 625 924 =
650 876 727 945 sto.

129 1061 173 1126 ΙΙ.
189 1061 296 1126 Eadre
311 1059 483 1150 kirdlyaak
490 1059 723 1146 jdcdbopydoa,
739 1057 817 1145 bopy
833 1057 939 1124 Sallen·
956 1060 1036 1122 neoti
1051 1007 1120 1124 teve
1140 1058 1251 1122 Turdo

275 1168 477 1256 proediamot
497 1167 611 1234 Metus
627 1168 781 1234 comeonsis
798 1167 973 1232 clodbaeeo.
990 1169 1088 1232 1235.

200 1433 202 1436 .
235 1364 383 1432 Andreas
400 1366 462 1432 Dei
479 1364 671 1450 graciaRer
682 1364 848 1450 Hungarie
863 1364 1023 1432 uniuersis
1039 1363 1160 1432 curisti
1176 1365 1251 1431 tide·

130 1475 216 1540 libus
241 1480 408 1560 presentes
423 1473 550 1540 litteras
575 1473 768 1558 inspecturis
793 1472 931 1538 salutem
951 1478 983 1538 ct
998 1493 1094 1540 omno
1119 1474 1248 1540 bonum.

128 1583 208 1649 Cum
234 1603 283 1666 ea,
310 1601 372 1666 que
387 1581 491 1667 Regia
507 1581 630 1648 confert
654 1581 706 1648 uel
733 1581 902 1675 confirmat
928 1582 1113 1668 auctoritas,
1140 1585 1249 1668 legum

128 1687 328 1776 imperatrix,
357 1690 450 1756 salua
465 1709 595 1775 semper
610 1694 643 1755 et
658 1688 852 1756 inconcussa
875 1709 1066 1774 permanere
1089 1691 1250 1774 debeant;

127 1797 335 1884 presentibus
350 1797 472 1883 pariter
496 1804 528 1862 et
544 1795 683 1884 posteris
707 1797 822 1862 harum
847 1796 1073 1863 insinuacione
1099 1797 1249 1864 duximus

129 1904 421 1989 manifestandum
447 1903 533 1988 quod
549 1924 621 1970 cum
637 1904 821 1970 Demetrius
834 1925 892 1990 pro
913 1904 1140 1973 interieccione
1155 1907 1250 1972 Pauli

132 2015 191 2099 filij
217 2014 365 2080 Matheus
388 2012 421 2079 in
447 2011 617 2099 presencia
640 2017 751 2078 nostra
775 2018 807 2078 et
832 2013 973 2098 Dionisij
998 2019 1075 2080 tunc
1096 2015 1251 2101 temporis

126 2121 261 2190 Comitis
277 2121 420 2188 Palatini
446 2140 557 2188 omnes
583 2119 809 2206 possessiones
826 2140 903 2187 suas
930 2121 1043 2188 ordine
1065 2121 1246 2208 iudiciario,

127 2236 163 2296 ut
179 2230 302 2297 eunctis
327 2230 448 2296 nostris
472 2228 703 2312 iobagionibus
727 2235 838 2297 notum
863 2236 923 2314 est,
947 2229 1246 2317 inrecuperabiliter

126 2337 277 2405 amisisse
293 2336 443 2424 deberet3
461 2342 493 2403 et
510 2336 673 2420 quoddam
692 2337 840 2423 predium
856 2357 950 2405 suum
973 2337 1104 2404 nomine
1122 2337 1244 2422 Turda,

127 2445 213 2530 quod
229 2465 250 2511 a
266 2445 407 2529 quodam
423 2449 561 2530 cognato
578 2463 636 2512 suo
653 2445 783 2512 nomine
798 2445 1017 2531 Primogenito
1033 2443 1080 2536 (i)
1107 2446 1178 2514 sine
1194 2446 1246 2512 be-

125 2554 203 2620 rede
219 2552 370 2620 defuneto
394 2553 571 2620 secundum
588 2554 854 2621 consuetudinem
869 2553 976 2639 Regni
991 2555 1024 2621 in
1040 2575 1154 2621 manus
1171 2573 1248 2621 suas

125 2661 313 2730 desolutum
338 2661 540 2748 possidebat,
566 2661 671 2728 dictus
688 2662 855 2730 Dionisius
871 2663 1040 2728 Palatinus
1064 2681 1125 2747 pro
1141 2670 1246 2748 parte,

124 2790 187 2854 que
207 2769 352 2855 judicem
369 2769 537 2854 contingit,
563 2768 760 2854 recepisset;
786 2790 845 2836 nos
861 2769 944 2837 illud
968 2768 1116 2856 predium
1138 2770 1181 2836 ab
1198 2790 1248 2836 eo-

124 2879 197 2945 dem
214 2877 364 2944 Palatino
381 2883 539 2964 petentes,
563 2883 595 2943 et
611 2897 652 2942 ex
668 2876 813 2944 eiusdem
829 2876 1033 2961 beneplacito
1051 2877 1245 2962 optinentes,

123 2985 253 3053 cuidam
278 2985 380 3054 nobili
405 2985 475 3052 uiro
492 2985 641 3068 Salterio,
667 2983 754 3052 fideli
778 2983 873 3052 militi
897 2983 1072 3051 karissime
1098 2985 1245 3071 coniugis

67 3107 70 3110 ·
125 3101 236 3162 nosne
252 3094 293 3162 Y.
310 3096 394 3164 bone
419 3093 660 3162 recordacionis
677 3093 802 3178 Regius
818 3093 994 3178 Hungarie,
1018 3112 1077 3179 pro
1092 3093 1246 3180 multipli-

122 3204 215 3271 cibus
231 3203 379 3288 seruicijs
404 3203 473 3270 suis
489 3202 627 3268 fideliter
643 3201 807 3287 exhibitis,
833 3207 900 3268 tam
917 3201 989 3287 sibi,
1015 3222 1112 3285 quam
1133 3221 1243 3270 eornm

120 3311 296 3380 heredibus
321 3318 479 3399 perpetuo
504 3311 697 3378 contulimus
722 3330 795 3377 curn
812 3311 881 3377 suis
905 3310 1115 3397 pertinencijs
1142 3311 1245 3397 possi-

120 3419 281 3506 dendum;
308 3421 553 3486 hano‘nostram
579 3419 791 3486 donacionem
808 3419 983 3505 priuilegio
1008 3426 1118 3487 nostro
1135 3422 1244 3488 confir·

122 3534 268 3614 mantes,
293 3527 341 3594 ita
356 3525 519 3611 uidelicet,
537 3533 571 3594 ut
584 3526 719 3594 liberam
736 3527 857 3592 babere
874 3527 978 3612 possit
1002 3527 1175 3613 uendendi,
1192 3530 1244 3596 do·

119 3637 232 3721 nmdi,
257 3637 451 3726 pignorandi
477 3637 685 3721 facultatem,
712 3637 755 3703 ad
782 3656 840 3704 sue
859 3637 1029 3704 arbitrium
1054 3639 1243 3706 uoluntatis.

118 3745 330 3815 Postmodum
346 3752 465 3830 antem,
491 3765 563 3812 cum
579 3745 666 3812 idem
682 3745 842 3812 Salterius
858 3766 922 3814 non
939 3765 1093 3815 recusans
1109 3753 1242 3835 propter

118 3875 179 3922 nos
195 3855 303 3922 subire
329 3855 486 3939 laborem,
513 3853 557 3921 ad
579 3855 734 3922 honorem
749 3863 897 3922 nocuum
921 3862 953 3921 et
977 3855 1152 3922 karissime
1176 3857 1242 3924 iilic

118 3970 230 4032 nostre
255 3961 365 4030 Joleth
390 3962 569 4047 dominelle,
596 3983 694 4047 quam
719 3962 752 4029 in
776 3963 958 4047 legitimum
981 3965 1110 4032 tborum
1134 3963 1243 4030 incliti

118 4069 220 4157 Regis
236 4070 414 4156 Aragonye
438 4069 590 4136 duximus
615 4070 844 4156 copulandam,
871 4072 1047 4139 honorilice
1062 4071 1242 4158 proticisce-

120 4187 226 4265 retur;
251 4179 285 4245 in
301 4185 412 4247 nostra
436 4179 607 4266 presencia
623 4179 827 4263 constitutus,
853 4199 894 4246 cx
909 4183 1019 4262 nostro
1035 4179 1241 4263 beneplacito

120 4295 153 4355 et
165 4307 325 4358 consensu
350 4285 570 4374 supradictum
586 4289 734 4374 predium
758 4287 888 4355 nomine
903 4287 1015 4354 Turde
1029 4286 1167 4354 Nicolao
1184 4288 1241 4355 Co-

120 4397 191 4463 miti
206 4395 298 4463 fratri
314 4395 450 4481 Vgruini
465 4395 557 4462 nulla
573 4396 831 4465 contradieoione
845 4395 1032 4463 imminente
1050 4416 1108 4483 pro
1125 4397 1240 4463 decen·

120 4503 163 4570 tis
179 4503 297 4570 marcis
313 4503 441 4590 argenti
457 4503 601 4570 uendidit
625 4525 734 4574 coram
749 4504 862 4590 nobis3
889 4525 1048 4573 summam
1070 4505 1175 4574 eciem
1189 4525 1239 4571 su·

119 4611 268 4702 predicte
283 4612 419 4700 pecunie
433 4611 600 4702 professus
615 4619 665 4682 est
680 4634 702 4682 a
717 4611 842 4686 domito
858 4612 995 4682 Nicolao
1015 4614 1077 4681 sibi
1094 4611 1165 4681 sine
1180 4612 1238 4682 ali·
