3218 5192
356 1135 415 1202 IV.
443 1133 600 1200 Ancaztaa
622 1140 713 1220 pcipe
737 1133 877 1219 bulldja,
902 1132 1047 1218 arclylpal
1073 1157 1093 1196 a
1112 1133 1231 1219 jadrar'
1257 1134 1358 1200 draekr'
1385 1134 1496 1198 saeta

766 1245 950 1330 meyerdsa‘tt'.
973 1245 1069 1307 1154.

464 1444 660 1510 Anastasius
676 1443 858 1527 Episcopus
884 1460 997 1507 servus
1022 1460 1189 1508 servorum
1216 1443 1276 1508 Dei
1303 1444 1493 1510 venerabili

357 1555 449 1620 tratri
476 1552 668 1639 Lampredio
694 1551 864 1618 Jadertino
890 1549 1167 1637 archiepiscopo,
1196 1555 1331 1638 ejusque
1359 1573 1488 1618 succes-

359 1664 487 1730 soribus
513 1662 707 1744 regulariter
732 1659 964 1726 substituendis
981 1661 1014 1724 in
1030 1665 1231 1745 perpetuum.
1252 1661 1342 1726 Licet
1359 1662 1489 1728 univer-

359 1771 440 1837 salis
471 1769 639 1836 Ecclesiae
670 1773 785 1854 pastor
817 1775 848 1833 ct
876 1767 1027 1835 Pontifex
1069 1767 1218 1834 dominus
1249 1775 1357 1836 noster
1389 1770 1494 1836 Jesus

360 1879 509 1946 Christus
534 1879 655 1960 existit,
682 1878 764 1942 sicut
789 1897 846 1961 per
863 1876 1003 1962 primum
1020 1877 1213 1965 Apostolum
1229 1877 1363 1944 dicitur:
1385 1877 1493 1964 ,Con-

360 1989 446 2054 versi
463 1991 541 2054 estis
557 1987 600 2054 ad
615 1993 780 2073 pastorem
799 1992 830 2050 et
845 1987 1034 2073 episcopum
1053 1985 1235 2054 animarum
1261 1987 1464 2053 vestrarum*
1482 2014 1491 2073 ς

361 2115 556 2163 ascensurus
581 2101 690 2161 tamen
715 2094 758 2160 ad
783 2094 891 2162 coelos
910 2095 994 2160 hanc
1011 2093 1178 2180 Apostolis
1200 2094 1444 2162 commendarit
1460 2101 1496 2160 et

362 2226 419 2292 per
437 2223 494 2271 eos
511 2203 756 2270 successoribus
781 2223 902 2286 eorum,
929 2203 1024 2270 nobis
1050 2202 1184 2288 scilicet,
1210 2222 1290 2286 quos
1317 2202 1494 2287 episcopos

363 2331 460 2397 super
476 2331 549 2376 eam
565 2319 781 2395 pastoresque
801 2310 977 2394 constituit,
1003 2316 1171 2393 tamquam
1198 2309 1395 2376 hereditario
1416 2310 1496 2394 jure

364 2419 467 2486 omnis
483 2417 587 2503 ipsius
603 2419 829 2504 providentiae
845 2437 955 2484 curam
975 2417 1127 2503 indulsit;
1145 2425 1303 2501 quatenus
1322 2438 1361 2482 ex
1379 2417 1495 2482 Divini

364 2525 610 2610 dispensatione
636 2525 764 2592 consilii
790 2526 858 2592 nati
875 2546 935 2610 pro
951 2525 1100 2610 patribus
1116 2525 1183 2610 lilii,
1205 2533 1238 2592 et
1253 2545 1311 2610 pro
1328 2526 1375 2592 eis
1392 2545 1495 2611 super

364 2654 492 2701 omnem
518 2641 637 2700 terram
660 2634 829 2720 Principes
856 2634 1031 2716 constituti,
1057 2632 1236 2700 imitatores
1263 2653 1373 2699 eorum
1390 2633 1496 2699 simus

365 2742 448 2807 sicut
472 2751 503 2808 et
528 2742 632 2827 ipsius
664 2742 794 2809 Christi.
831 2743 982 2810 Ceterum
1007 2749 1038 2807 et
1063 2743 1146 2809 inter
1171 2743 1290 2808 Beatos
1315 2743 1497 2827 Apostolos

362 2848 459 2932 juxta
471 2847 583 2915 Sancti
593 2851 711 2918 Leonis
722 2851 916 2916 sententiam
927 2850 959 2914 in
970 2849 1181 2916 similitudine
1190 2849 1322 2916 honoris
1333 2849 1496 2932 quaedam

366 2956 480 3022 habita
496 2963 545 3021 est
571 2957 723 3026 discretio
749 2957 931 3044 potestatis,
958 2965 990 3023 et
1005 2957 1154 3041 quamvis
1171 2957 1313 3023 omnium
1329 2978 1390 3043 par
1408 2965 1496 3023 esset

367 3063 492 3148 electio,
510 3065 564 3131 uni
580 3071 688 3131 tamen
705 3064 890 3146 detumeat,
918 3071 953 3129 ut
968 3065 1084 3130 ceteris
1110 3065 1338 3150 praemineret.
1364 3066 1414 3129 De
1430 3087 1498 3149 qua

367 3171 478 3256 utique
502 3172 607 3240 forma
630 3173 868 3258 Episcoporum
888 3172 986 3238 etiam
1006 3177 1056 3238 est
1083 3177 1155 3238 orta
1171 3171 1322 3238 distentio
1340 3169 1437 3258 (igy),
1465 3183 1499 3240 et

368 3280 496 3347 solicita
512 3281 706 3348 discretione
719 3282 885 3367 provisum
898 3287 956 3364 est,
968 3301 1009 3346 ne
1019 3300 1131 3346 omnes
1148 3280 1212 3345 sibi
1222 3281 1332 3346 omnia
1347 3281 1498 3347 vendica-

367 3393 457 3468 rent,
482 3387 541 3454 sed
566 3396 598 3454 et
622 3394 730 3453 essent
754 3388 787 3453 in
813 3388 953 3470 singulis
985 3387 1166 3453 Provinciis
1198 3387 1329 3471 singuli,
1360 3408 1499 3470 quorum

368 3495 474 3580 prima
488 3494 573 3560 inter
589 3494 706 3561 fratres
723 3495 885 3562 sententia
909 3495 1092 3577 haberetur,
1119 3503 1151 3560 et
1175 3514 1287 3560 rursus
1310 3495 1444 3578 quidam
1465 3497 1499 3562 in

370 3601 547 3684 maj0ribus
574 3602 707 3669 urbibus
733 3603 899 3671 constituti
923 3603 1174 3670 sollicitudinem
1200 3622 1311 3670 eorum
1343 3611 1500 3690 caperent

370 3707 571 3792 ampliorem,
588 3729 646 3793 per
662 3729 742 3792 quos
759 3710 802 3775 ad
831 3731 928 3776 unam
944 3710 1037 3775 Beati
1053 3709 1141 3776 Petri
1167 3710 1277 3776 sedern
1293 3711 1500 3778 Universalis

370 3813 539 3880 Ecclesiae
555 3833 633 3879 cura
659 3815 844 3900 conflueret,
862 3823 894 3882 ct
910 3817 991 3882 nibil
1013 3836 1152 3900 usquam
1167 3839 1188 3882 a
1204 3818 1389 3903 suocapite
1405 3818 1500 3884 dissi-

370 3924 471 3990 deret.
486 3923 539 3989 Ad
554 3923 639 3989 hanc
655 3924 815 4008 siquidem
833 3925 1103 4008 constitutionem,
1125 3927 1271 4008 regulam
1288 3935 1499 4012 paternarum
1590 3923 1591 3926 ’

371 4029 456 4120 (lgy)
473 4040 505 4098 et
516 4031 680 4116 generalis
695 4032 824 4099 forman
837 4033 1014 4116 Ecclesiae,
1033 4040 1206 4118 postquam
1217 4035 1387 4101 Dalmatia
1397 4035 1500 4100 imbre

370 4157 530 4224 supernae
555 4139 682 4224 gratiae
706 4139 855 4223 irrigata,
883 4139 1150 4226 praedicantibus
1177 4139 1379 4226 Apostolicis
1411 4143 1502 4208 Viris

371 4265 481 4313 semen
513 4247 606 4314 verbi
632 4247 694 4313 Dei
725 4247 886 4332 suscepit,
924 4257 956 4314 et
982 4249 1080 4333 juxta
1110 4250 1334 4334 evangelicum
1365 4252 1501 4316 verbum

369 4351 508 4420 fructum
533 4354 620 4440 cepit
641 4353 776 4420 reddere
802 4354 1010 4439 tricesimum,
1037 4356 1278 4440 sexagesimum
1304 4364 1336 4422 et
1368 4357 1502 4423 centesi-

371 4481 467 4543 mum,
484 4479 524 4524 ne
540 4459 741 4524 Pontificalis
760 4459 790 4525 ei
807 4459 978 4544 plenitudo
997 4461 1127 4527 deesset
1143 4461 1253 4545 officii,
1280 4481 1362 4527 unus
1378 4463 1425 4527 ibi
1442 4473 1501 4546 cst,

370 4567 426 4651 qui
441 4567 516 4633 aliis
532 4568 742 4658 praesideret,
759 4567 927 4638 ordinatus
938 4569 1088 4639 Antistes
1107 4577 1139 4639 et
1155 4568 1349 4638 Salonitana
1365 4567 1502 4662 Civitas,
