3164 5192
581 325 735 430 Aa

90 525 217 614 scripta
233 524 427 593 mandamus
437 576 447 609 ,
474 531 507 591 et
521 544 563 591 ex
588 535 683 611 parte
699 525 762 592 Dei
778 523 1018 611 Omnipotentis
1044 524 1077 590 in
1101 523 1219 592 virtme

89 635 234 722 Spiritus
245 634 357 702 Sancti
367 635 429 700 sub
444 633 706 700 interminatione
716 633 828 700 Divini
840 633 958 718 judieii
975 633 1219 718 districteprae·

89 743 244 829 cipimus,
261 748 421 828 quatenus
432 741 706 826 singulivestrum
725 741 842 808 saltem
853 740 1139 826 quadragesimam
1148 761 1220 826 par-

89 859 154 918 tem
172 851 318 919 omnium
334 850 629 918 ecclesiasticorum
653 850 847 935 reddituum,
873 856 905 916 et
919 855 1134 936 proventuum
1149 869 1220 917 suo·

90 979 171 1044 rum,
189 959 282 1044 prius
298 964 408 1026 tamen
432 957 581 1025 deductis
596 957 723 1044 usuris,
751 979 888 1043 quarum
908 957 1026 1026 solutio
1041 958 1140 1025 vitari
1154 979 1219 1025 non

91 1068 209 1154 possit,
226 1067 261 1133 in
277 1066 458 1134 subsidium
473 1072 581 1134 terrac
596 1069 736 1134 Sanctae
751 1072 959 1151 convertant,
986 1065 1134 1132 omnibus
1151 1064 1218 1132 (lle

91 1176 170 1242 riuis
188 1184 258 1242 tam
274 1175 423 1259 subditis,
440 1195 538 1259 quam
553 1175 725 1259 Praelatis,
741 1173 798 1256 qui
811 1173 1097 1258 quadragesimam
1112 1173 1219 1259 ipsam

91 1291 210 1369 sponte
227 1283 407 1350 etddelitcr
422 1284 589 1368 solverint,
606 1282 719 1351 deDei
730 1282 968 1370 omnipotentis
984 1282 1218 1365 misericordia,

90 1399 124 1458 et
142 1391 321 1459 Beatorum
351 1391 585 1477 Apostolorum
610 1391 700 1458 Petri
714 1397 746 1458 ct
760 1390 857 1458 Pauli
881 1391 1074 1459 auctoritate
1097 1389 1219 1475 conlisi,

90 1505 242 1583 quartam
257 1504 384 1585 partem
407 1499 572 1584 injunctae
587 1499 651 1566 sibi
673 1499 873 1585 penitentiae
897 1499 1104 1583 relaxantes,
1131 1498 1219 1566 dum·

93 1609 191 1674 modo
208 1609 300 1674 nulla
315 1607 405 1674 fraus
421 1607 625 1692 interveniat,
642 1613 676 1674 et
691 1607 748 1693 pia
763 1607 892 1675 devotio
909 1607 1115 1691 suffragetur.
1131 1607 1221 1672 Sciat

91 1719 201 1781 autern
217 1736 257 1782 se·
270 1715 476 1801 culpabiliter
492 1715 627 1802 durum,
656 1721 688 1782 et
704 1716 784 1783 dure
800 1716 1016 1804 culpabilem,
1043 1714 1099 1800 qui
1113 1714 1219 1781 tantil·

92 1821 158 1888 lum
184 1821 367 1889 subsidium
393 1822 536 1891 intanta
559 1824 756 1891 necessitate
772 1822 937 1910 Creatori,
963 1831 996 1889 ct
1011 1819 1221 1906 Redemptori

91 1949 150 1996 suo
166 1931 341 2015 negaverit
356 1929 521 2019 exhibere,
538 1951 560 1997 a
576 1951 784 2019 quoccrpus,
801 1937 833 1998 et
849 1929 1001 2015 animam,
1020 1935 1052 1996 et
1067 1929 1220 1996 universa

92 2038 190 2122 bona,
207 2056 291 2122 quac
307 2038 415 2123 babet,
433 2039 570 2125 accepit.
587 2039 629 2106 Et
643 2058 715 2124 uos,
738 2039 794 2124 qui
810 2039 886 2107 licet
901 2038 1028 2123 indigni
1043 2037 1133 2106 vices
1149 2039 1220 2123 ejus
1306 2093 1308 2098 .

91 2163 282 2212 exercemus
297 2145 331 2210 in
346 2145 462 2232 terris,
491 2146 586 2231 bnjus
604 2147 721 2234 culpae
736 2147 891 2214 duritiam
915 2148 1112 2214 nullatemus
1128 2145 1221 2212 dissi·

91 2253 217 2320 mulare
232 2273 425 2340 possumus3
448 2275 510 2322 neo
525 2255 735 2341 aliquomodo
752 2255 913 2340 credatis,
934 2255 1021 2342 quod
1035 2273 1095 2341 per
1110 2251 1171 2322 boc
1186 2254 1220 2321 in

92 2361 302 2448 dispendium
317 2369 461 2430 vestrum
477 2364 585 2448 legem
601 2364 695 2431 vobis
710 2363 879 2450 imponere
896 2364 1122 2449 intendamus,
1147 2366 1184 2429 ut
1199 2380 1220 2427 a

90 2470 185 2538 vobis
202 2471 415 2557 imposterum
431 2471 686 2557 quadragesima
701 2472 796 2556 quasi
811 2471 931 2556 debita,
951 2471 1004 2538 vcl
1020 2469 1221 2539 consuetudi·

91 2579 188 2646 naria
203 2579 373 2664 exigatur,
399 2580 464 2648 imo
481 2581 575 2647 vobis
590 2581 713 2648 nullum
739 2599 780 2647 ex
796 2581 857 2648 hoc
879 2578 1114 2667 praejudicium
1132 2577 1220 2646 volu·

91 2708 163 2754 mus
178 2688 341 2773 generari,
358 2691 414 2773 qui
428 2695 543 2756 tantae
558 2690 766 2756 necessitatis
785 2689 956 2756 articulum
966 2687 1059 2758 nobis
1078 2693 1111 2756 et
1126 2688 1220 2755 vobis

91 2798 322 2883 supervenisse
338 2798 503 2883 dolamus;
530 2803 563 2865 et
577 2799 665 2884 quod
680 2798 796 2866 similis
812 2799 996 2866 decaetero
1019 2817 1084 2864 nou
1100 2797 1220 2864 contiu-

92 2912 170 2988 gat,
188 2913 352 2992 optamus.
377 2907 535 2974 Volumus
556 2907 675 2990 edam,
701 2911 735 2972 et
748 2905 958 2973 nihilominus
980 2905 1075 2974 vobis
1099 2903 1221 2990 praeci·

93 3011 213 3097 piendo
238 3013 451 3098 mandamus,
476 3021 637 3098 quatenus
660 3031 720 3080 vos
745 3012 873 3100 fratres,
889 3011 1163 3098 drobiepisoope,
1189 3014 1222 3075 et

92 3119 270 3207 Episcopi,
297 3121 330 3187 in
345 3120 599 3208 Metropolitana
614 3120 782 3205 Ecclesia,
807 3122 861 3186 vel
887 3119 916 3186 si
938 3119 1000 3187 hoo
1014 3119 1061 3184 ibi
1088 3122 1221 3204 propter

93 3228 329 3313 hostilitatem,
353 3229 406 3295 vel
422 3229 513 3300 aliud
529 3229 662 3297 evidens
678 3229 945 3316 impedimentum
968 3225 1038 3293 lieri
1053 3247 1118 3293 non
1133 3231 1221 3311 pote·

91 3336 143 3416 rit,
158 3335 195 3402 in
210 3335 338 3404 duobus
352 3337 406 3404 vel
420 3336 524 3404 tribus
540 3337 621 3404 loeis
635 3337 851 3422 Regusiensis
867 3334 1070 3419 Provinciae,
1086 3334 1159 3399 sine
1174 3330 1220 3398 di·

91 3443 217 3512 latione
233 3444 407 3513 convenire
418 3446 561 3540 ¹curetis,
590 3452 623 3514 et
637 3445 720 3513 inter
736 3467 795 3514 vos
808 3445 904 3530 juxta
919 3443 1058 3511 sormam
1074 3439 1221 3508 mandati

90 3552 278 3639 apostolici
295 3553 336 3620 de
350 3553 454 3641 ipsius
468 3563 576 3622 terrae
585 3555 798 3623 subventione
813 3559 965 3636 tractare,
982 3557 1015 3618 et
1030 3555 1106 3637 post
1114 3569 1219 3617 rever-

13 3717 18 3727 .
90 3661 219 3730 sionem
237 3681 330 3728 suam
340 3662 477 3746 quilibet
492 3669 635 3731 vestrum
650 3663 685 3729 in
700 3683 761 3730 sua
770 3661 902 3730 Diocesi
913 3659 1093 3727 Concilium
1107 3677 1221 3727 convo·

90 3769 225 3836 estsine
239 3789 342 3854 mora,
358 3769 551 3838 auctoritate
561 3776 673 3838 nostra
682 3769 888 3856 praecipiens
898 3767 1081 3834 Abbatibus
1091 3772 1124 3832 et
1133 3765 1222 3834 Prio-

89 3878 193 3962 ribus,
210 3883 280 3942 tam
299 3877 471 3963 exemptis,
488 3897 586 3962 quam
602 3877 677 3944 aliis
692 3875 941 3944 Archidiaconis
957 3881 991 3941 ct
1005 3875 1149 3941 Decanis
1158 3925 1167 3959 ,
1190 3879 1222 3938 et

90 3985 255 4052 universis
266 3983 397 4052 omnino
407 3983 541 4052 Olariois
552 3985 587 4052 in
597 3987 668 4070 ejus
678 3985 810 4053 Diocesi
820 3983 1014 4068 constitutis,
1024 3984 1116 4067 Justa
1125 3981 1221 4046 aesti-

90 4095 236 4162 matione
252 4097 429 4179 proventus
445 4101 478 4161 et
492 4093 616 4162 reditus
631 4114 709 4162 suos
725 4099 847 4178 toxam,
867 4100 900 4160 et
916 4091 1000 4158 inira
1014 4096 1081 4158 tres
1091 4107 1220 4172 menses

89 4211 165 4290 post
175 4201 301 4268 laetam
310 4200 358 4269 cis
370 4201 660 4290 denunciationem,
670 4202 956 4288 quadragesimam
967 4202 1091 4284 partem
1097 4193 1221 4262 valoris

90 4331 205 4381 eorum
220 4309 283 4376 sub
298 4309 404 4396 ipsius
419 4311 576 4397 Episcopi
591 4310 786 4394 testimonio,
803 4315 835 4376 ct
850 4309 974 4391 aliquot
991 4305 1134 4372 virorum
1148 4302 1221 4368 reli·

90 4422 271 4507 giosorum,
287 4419 443 4486 adhibitis
458 4417 666 4488 nibilominus
680 4419 725 4486 ad
734 4417 895 4484 cautelam
905 4413 1068 4498 aliquibus
1077 4409 1172 4476 laicis
1187 4409 1220 4475 li·

91 4529 224 4596 delibus
240 4531 273 4593 et
291 4526 443 4594 discretis
451 4579 461 4613 ,
480 4529 516 4594 in
531 4528 638 4596 locum
653 4527 807 4595 idoneum
822 4523 967 4609 ejusdem
984 4519 1134 4588 Diocesis
1155 4536 1220 4585 non

92 4637 250 4706 differant
258 4634 462 4726 consignare,
473 4635 559 4724 quod
570 4642 603 4705 et
611 4655 672 4704 nos
681 4635 784 4734 yobis,
795 4632 913 4702 iratres
924 4628 1177 4718 drobiepiscope
1187 4631 1220 4696 et
