3238 5184
129 537 280 616 tempore
295 530 402 616 luerit,
429 531 482 598 uel
499 531 562 618 ipsi
579 531 728 598 salinarii
750 531 826 597 inde
851 529 1027 616 percipere,
1054 527 1197 594 totaliter
1213 545 1261 593 oe·

130 637 192 702 dat
207 636 241 701 in
258 656 336 704 usus
353 637 499 704 Eeelesie
515 644 633 723 uestro,
656 659 716 705 neo
733 659 754 704 a
769 637 935 704 salinariis
960 634 1123 714 ueteribus
1139 635 1192 702 uel
1207 657 1260 702 no-

129 743 193 828 uis,
208 751 266 811 aut
278 745 523 833 aliinpersouis,
541 745 765 831 permittemus
775 766 834 812 uos
852 745 1068 829 aliquomodo
1081 743 1258 828 molestari,

128 873 192 919 nee
208 875 268 922 nos
284 855 350 940 ipsi
365 855 621 938 molestabimus,
643 854 721 938 quin
736 853 880 939 possitis,
908 852 1067 939 quidquid
1082 852 1176 921 uobis
1191 854 1259 939 pla·

127 961 251 1045 euerit,
277 963 387 1029 faeere
410 982 537 1048 semper
553 963 594 1028 de
618 961 743 1028 salibus
759 963 861 1049 ipsis,
882 981 922 1028 ex
939 983 1003 1046 quo
1028 962 1063 1027 in
1087 960 1174 1029 dieto
1199 967 1257 1027 ter-

127 1071 217 1136 mino
234 1089 298 1138 non
324 1070 422 1138 fuerit
444 1072 539 1139 uobis
555 1071 693 1158 peeunia
705 1070 884 1158 persoluta.
909 1070 999 1138 Idem
1015 1069 1193 1136 dioimusde
1211 1088 1258 1134 se-

129 1176 237 1243 eundo
253 1177 401 1260 termino,
419 1176 581 1262 uidelieet,
606 1177 692 1261 quod
709 1177 826 1244 asesto
842 1177 937 1242 Beati
952 1177 1082 1243 Nicolai
1098 1195 1200 1259 usque
1215 1174 1258 1241 ad

127 1285 248 1352 festum
261 1284 354 1351 Beati
366 1285 649 1371 Thomebpostoli
666 1306 725 1371 pro
743 1285 878 1370 salibus,
900 1283 1131 1370 quosindomo
1148 1291 1258 1350 uestra

127 1391 220 1477 apud
234 1411 294 1460 uos
310 1393 474 1460 babebitis
491 1393 551 1459 sub
568 1392 677 1477 sigillo
694 1391 933 1478 salinariomm‚
958 1399 991 1459 et
1006 1392 1129 1457 Prelati
1146 1390 1255 1476 uestri,

127 1505 288 1572 laniamus
304 1505 397 1573 uobis
413 1505 496 1575 solui
521 1511 691 1590 argeutum
707 1503 885 1571 seeundum
904 1501 1148 1570 estimationem
1165 1519 1255 1584 supe·

127 1613 196 1678 rius
222 1619 427 1698 annotatam,
455 1612 542 1698 quod
568 1612 597 1680 si
615 1612 738 1680 fautum
763 1632 827 1681 non
851 1611 958 1694 luerit,
983 1610 1142 1692 uolumus,
1168 1605 1256 1690 quod

125 1719 215 1786 idem
230 1719 296 1803 liat,
313 1721 399 1803 quod
415 1721 448 1786 in
465 1739 544 1788 oasu
559 1720 720 1807 superiori
730 1722 771 1788 de
787 1721 914 1788 salibus
930 1718 1028 1806 primi
1043 1715 1173 1784 termini
1191 1713 1255 1779 dio-

125 1835 194 1893 tum
211 1835 270 1894 est
287 1826 466 1912 Argentum
483 1848 570 1912 uero,
588 1829 674 1915 quod
690 1831 785 1898 uobis
800 1829 957 1896 laniamus
973 1825 1127 1914 persolui,
1143 1823 1204 1890 erit
1219 1822 1253 1887 in

128 1934 224 2002 bonis
240 1933 409 2020 frixatieis,
436 1936 489 2002 uel
504 1936 538 2001 in
555 1941 704 2023 argento,
731 1936 823 2002 ouius
839 1935 968 2003 decima
986 1953 1065 2022 pars
1090 1931 1253 1999 combure-

130 2050 193 2108 tur.
219 2044 262 2110 Vt
277 2053 387 2110 autem
403 2044 498 2111 buius
514 2049 624 2112 nostre
640 2044 908 2129 eoulirmaeionis,
929 2048 961 2110 et
976 2038 1205 2124 consessionis,
1222 2044 1255 2104 et

126 2151 291 2218 libertatis
316 2152 443 2238 pagina
468 2153 567 2220 robur
592 2157 747 2238 perpetue
774 2151 919 2220 obtineat
942 2149 1116 2234 firmitatis,
1141 2153 1254 2216 eontra

127 2278 226 2344 quarn
243 2257 382 2326 solenter
396 2280 461 2327 nen
471 2261 648 2345 ueniamus,
665 2279 726 2327 nee
742 2267 856 2328 eontra
872 2260 941 2327 alia
955 2258 1130 2346 priuilegia
1142 2258 1251 2324 blena·

126 2365 228 2431 sterio
253 2371 363 2432 uestro
379 2386 401 2432 a
416 2367 521 2452 nobis,
546 2373 603 2434 aut
619 2388 639 2434 a
654 2367 941 2454 predecessoribus
967 2365 1089 2434 nostris
1114 2365 1251 2448 indulta,

124 2471 228 2556 Regio
244 2471 355 2556 sigillo
371 2494 412 2540 ea
428 2476 575 2542 uolumus
591 2476 802 2562 eommuniri;
828 2481 1018 2560 statuentes,
1034 2493 1076 2540 ne
1099 2492 1168 2555 nos,
1195 2478 1252 2538 aut

125 2588 310 2648 nostrorum
335 2582 456 2668 aliquis
472 2603 706 2670 suceessorum,
732 2586 785 2653 uel
804 2584 925 2670 aliquis
951 2583 1046 2670 alius,
1073 2588 1188 2648 eontra
1210 2599 1250 2646 ea
1354 2672 1359 2681 ‚

125 2687 303 2772 quidquem
314 2691 435 2758 audeat
450 2698 656 2780 attemptare,
673 2694 726 2760 uel
743 2695 773 2760 ei
789 2714 871 2761 ausu
884 2692 1057 2759 temerario
1078 2688 1249 2757 eontraire.

125 2798 247 2862 Datum
263 2817 320 2884 per
345 2819 460 2866 manns
477 2801 658 2867 Reuerendi
675 2801 808 2885 Vgulini
824 2800 1012 2868 Goloeeusis
1027 2798 1250 2883 Arehiepiseo·

124 2906 169 2990 pi,
196 2913 229 2971 et
244 2908 319 2972 aule
343 2908 446 2991 Regia
471 2906 676 2994 Caneellarii,
702 2929 787 2978 anno
812 2907 981 2975 Dominiee
1006 2904 1249 2974 Inearnaeienis

123 3011 438 3082 lt⁰cc⁰xxx⁰111⁹
463 3017 645 3084 Indiotione
659 3017 723 3103 Vl,
750 3015 902 3083 kalendis
925 3014 1085 3084 Oetobris.
1110 3015 1249 3080 Venera-

123 3121 182 3186 bili
198 3121 339 3190 Roberto
355 3123 572 3209 Strigoniensi
589 3125 844 3213 Arehiepisoopo
863 3123 1029 3206 existente,
1050 3120 1141 3189 cleto
1157 3120 1248 3204 Agri-

122 3230 202 3313 onsi,
221 3227 381 3314 Gregorio
397 3232 571 3319 lauriensi,
588 3233 714 3300 Brieoio
730 3233 907 3316 Waoiensi,
927 3231 1155 3300 Bartholomeo
1172 3229 1247 3294 Ves-

122 3335 301 3420 primiensi,
316 3337 480 3423 Stephano
497 3339 722 3425 Zagrabiensi,
740 3339 968 3409 Bartholomeo
996 3335 1246 3420 Quinqueeoole-

124 3442 236 3527 mensi,
249 3445 397 3512 Renaldo
408 3445 640 3532 Vitrasiluauo,
650 3448 774 3516 Bulehv
785 3445 1012 3533 Chenadiensi,
1029 3453 1062 3512 et
1070 3442 1246 3510 Benedioto

122 3549 335 3620 Waradiensi
357 3553 528 3640 Episcopis
551 3555 718 3624 Eoelesias
733 3557 795 3624 Dei
820 3555 958 3624 lelieiter
980 3550 1245 3640 gubernantibus.

122 3656 275 3725 Dionisio
285 3657 412 3726 Gemite
420 3661 583 3748 Palatino,
600 3663 765 3733 Demetrio
775 3664 850 3731 aule
869 3673 978 3732 nostre
988 3661 1111 3730 (luriali
1122 3659 1247 3727 Gemite

119 3773 153 3832 et
168 3765 363 3853 Baobyensi,
378 3769 513 3838 Nieolao
531 3771 598 3840 lilio
614 3775 696 3842 Bors
710 3773 931 3861 Supruniensi,
949 3772 1111 3839 Latisslao
1122 3770 1243 3836 blussu-

118 3873 236 3959 niensi,
263 3876 358 3942 Petro
374 3875 475 3944 fratre
490 3881 637 3947 Mareelli
660 3882 829 3969 Nitriensi,
855 3883 1021 3968 Stephano
1045 3877 1244 3947 Bioboriensi

119 3979 312 4066 immitibus,
339 3983 477 4054 Nieolao
493 3987 651 4072 Magistro
670 3989 932 4058 Tawamieorum
957 3996 990 4054 et
1009 3987 1133 4054 Gemite
1147 3987 1247 4052 Poso-

118 4088 234 4172 niensi,
267 4089 424 4159 Mendela
448 4094 689 4180 Dapilerorum,
715 4095 876 4163 bliobaele
901 4097 1102 4179 Agasonum,
1128 4095 1244 4179 Bagyn

118 4197 349 4266 Pineernurum
365 4201 543 4285 Magistris,
570 4209 602 4269 et
615 4203 690 4271 aliis
706 4223 804 4287 quam
830 4201 977 4287 pluribus
998 4200 1177 4268 Comitatus
1201 4205 1244 4265 te-

117 4303 281 4388 nentibus,
305 4305 411 4390 Regni
428 4309 532 4375 nostri
548 4331 633 4378 enno
650 4310 821 4377 tricesimo.

117 4461 152 4532 (A
161 4467 352 4530 pannonbelmi
362 4467 563 4538 fdapdtsaignak
575 4467 761 4523 levdltdrdbun
771 4473 858 4523 dradtt
868 4469 893 4522 d.
908 4488 932 4521 n.
944 4475 1023 4522 vilr'ds
1032 4467 1177 4536 kdnyvbb'l.
1184 4467 1241 4520 V-b.

116 4556 166 4608 ΠΙ.
173 4553 240 4608 Bdla
250 4553 565 4624 lirtrynokodolroztotr
575 4559 704 4628 tdrgyazd
713 4559 823 4610 trua-ki
833 4556 977 4626 elumbuydt
987 4558 1096 4612 fentebb
1105 4559 1160 4610 115.
1167 4556 1243 4622 aaa.)

754 4695 809 4706 -ι-
