3200 5182
596 297 742 399 ,9,9,

102 488 207 555 tionis
234 491 408 576 intringere
420 543 428 576 ,
454 491 506 557 vel
531 492 561 556 ci
587 511 669 559 ausu
696 495 867 563 temerario
894 495 1063 564 contraire.
1098 496 1133 563 Si
1159 498 1232 581 quis

102 605 217 664 autern
236 599 297 664 boc
315 604 512 684 attemptare
528 604 793 689 praesumpserit,
809 603 1064 688 indignationem
1076 605 1229 691 Omnipo-
1357 625 1360 632 ’

103 709 209 774 tentis
220 707 294 792 Dei,
312 713 344 773 et
354 707 528 774 beatorum
545 709 631 775 Petri
648 715 679 774 et
695 711 789 776 Pauli
801 711 1028 798 Apostolorum
1043 713 1112 778 eius
1129 733 1164 779 se
1178 736 1231 781 no·

103 815 192 882 verit
209 817 420 882 incursurum.
437 817 556 882 Datum
577 819 664 904 apud
681 820 800 887 Urbem
819 823 968 888 Veterem
984 821 1059 889 llll.
1070 823 1228 891 kalendas

101 925 256 1009 Augusti,
275 923 487 991 Pontificatus
503 927 606 992 nostri
627 947 712 995 anno
728 929 848 1012 quinto.

340 1125 465 1189 (Parieti,
478 1125 617 1192 Illyricum
630 1126 742 1180 Sacrum
755 1129 807 1180 Ill.
822 1130 876 1180 lr'ot.
892 1131 952 1180 att.
966 1125 995 1196 l.)

544 1411 804 1422 ..αῄ’-..-

628 1858 704 1929 252.

80 2045 167 2110 ·ΙΙΙ.
186 2043 349 2108 Honorias
357 2048 450 2130 pcipe
465 2065 486 2107 a
498 2044 588 2129 ptest
606 2043 732 2128 pttspb'lc
748 2045 779 2108 e's
795 2065 833 2108 oa
851 2053 903 2108 ast
914 2042 1100 2130 portfcpcdl
1115 2053 1223 2110 eceter-

96 2153 188 2238 9amt'
213 2151 335 2216 trselcre
363 2155 456 2216 atnoe
481 2161 535 2216 tatt
564 2150 833 2216 c'nttzlredesclceck
858 2149 1172 2236 fcqacatocttrtsdval
1198 2177 1219 2218 a

224 2261 392 2346 osszprtmi
408 2261 438 2325 ts
455 2282 494 2323 aa
508 2260 577 2345 apri
585 2257 782 2352 psupctcter
799 2259 885 2324 beza
900 2279 976 2344 mep.
994 2260 1090 2324 1220.

208 2455 370 2526 Honorius
386 2457 570 2543 Episcopus
587 2475 701 2523 servus
717 2475 883 2524 servorum
898 2456 960 2522 Dei
979 2456 1220 2524 venerabilibus

96 2564 256 2632 fratribus
273 2615 320 2631 ...
337 2565 569 2651 vesprimiensi
589 2571 622 2631 et
707 2564 859 2650 Agriensi
882 2565 1055 2651 Episcopis
1079 2565 1217 2633 salutem

97 2680 133 2740 et
149 2673 371 2759 apostolicam
382 2673 648 2742 benedictionem.
668 2673 847 2758 lutebecto,
858 2673 1217 2742 venerabilcmfratrem

96 2787 245 2849 nostrum
262 2831 268 2846 .
283 2831 309 2846 ..
327 2781 525 2868 Episcopum
542 2779 940 2868 Quinque-Ecclesicnsem
955 2783 988 2848 in
1008 2781 1133 2848 duobus
1149 2785 1217 2867 pati

97 2890 271 2974 delectum,
289 2889 428 2958 scientia
443 2889 568 2957 scilicet
583 2895 615 2956 et
631 2895 727 2973 etate,
750 2887 941 2956 mandemus
957 2895 1156 2975 superstate
1174 2891 1219 2956 di-

95 2999 238 3082 ligenter
253 2998 391 3085 inquiri,
417 3006 451 3066 et
466 2998 494 3064 si
510 3017 582 3064 eum
597 2997 786 3080 constiterit,
812 2995 980 3063 electionis
999 3015 1057 3063 sue
1072 3006 1217 3084 tempore

96 3105 198 3176 etatis
214 3105 361 3190 legitime
377 3127 441 3176 non
456 3105 568 3187 fnisse,
584 3103 735 3190 quiequid
751 3102 792 3169 de
807 3102 978 3171 coiectum
994 3110 1052 3188 est,
1068 3105 1216 3173 volumus

95 3214 231 3281 irritari.
257 3213 407 3282 Ceterum
433 3235 504 3282 cum
520 3215 669 3280 inventus
685 3211 746 3296 sit,
773 3212 983 3278 sufficientem
1010 3233 1075 3280 non
1095 3214 1215 3282 babere

95 3321 269 3389 scientiam
295 3323 475 3391 litterarum
486 3375 495 3408 ,
527 3341 601 3388 eum
626 3323 659 3387 in
688 3320 912 3406 spiritualibus
936 3341 956 3385 a
984 3320 1216 3406 pontificalium

97 3428 292 3498 executione
307 3429 536 3517 suspendimus
552 3449 653 3515 nsque
670 3430 713 3496 ad
730 3435 838 3496 nostre
855 3429 1094 3515 beneplacitum
1107 3429 1216 3496 volun·

94 3537 192 3623 tatis,
209 3543 246 3604 ut
261 3537 290 3605 si
306 3539 346 3605 de
362 3539 510 3624 legitima
526 3543 614 3606 etate
629 3536 792 3621 docuerit,
819 3541 851 3603 et
866 3535 974 3605 studio
999 3537 1215 3622 subsequente

95 3648 300 3736 suppleverit
324 3665 421 3732 quem
446 3645 568 3734 patitur
584 3645 617 3712 in
633 3645 816 3712 litteratura
831 3644 1002 3732 delectum,
1022 3645 1127 3713 eidem
1144 3667 1215 3732 gra·

94 3757 187 3841 uam,
203 3764 300 3843 prout
315 3754 474 3842 expedire·
486 3754 678 3839 videbimus,
695 3752 860 3821 faciamus.
885 3755 937 3821 Ad
953 3756 1013 3823 bec
1030 3806 1077 3821 ...
1094 3756 1214 3842 Strigo-

93 3865 239 3933 niensem
255 3865 555 3952 Archiepiscopum,
579 3861 633 3948 qni
649 3862 692 3929 ad
708 3865 982 3934 confirmationem
1000 3873 1034 3932 ct
1048 3885 1213 3934 consecra-

94 3974 215 4042 tionem
242 3973 319 4041 dicti
336 3972 492 4061 Episcopi
508 3971 884 4057 Quinque-bloelcsieusis
911 3978 1021 4041 contra
1044 3973 1212 4040 Generalis

94 4081 233 4152 concilii
256 4089 380 4150 statuta
397 4083 576 4171 processit,
603 4081 747 4148 eiusdem
771 4082 907 4149 Consilii
931 4080 1211 4148 animadversione

95 4191 245 4277 punimus
258 4215 266 4277 ;
282 4197 317 4257 ut
333 4191 485 4259 videlieet
500 4209 564 4257 non
580 4189 684 4259 solum
700 4187 912 4257 confirmandi
934 4187 1073 4274 primum
1089 4207 1212 4255 succes-

94 4321 201 4370 sorem
216 4298 305 4367 illius
322 4309 434 4370 careat
449 4305 629 4386 potestate,
646 4317 759 4366 verum
775 4298 872 4365 etiam
889 4317 909 4364 a
924 4299 1131 4385 perceptione
1141 4318 1212 4384 pro·

93 4408 156 4496 prii
172 4409 320 4476 beneficii
336 4409 380 4476 sit
395 4427 593 4494 suspensus,
614 4407 725 4492 donec,
742 4407 771 4474 si
787 4425 903 4492 equum
921 4405 1026 4490 luerit,
1044 4405 1212 4491 indulgen·

93 4517 173 4583 tiam
198 4522 370 4602 mereatur,
398 4515 501 4604 ipsius
518 4515 664 4583 beneficii
679 4513 835 4582 fructibus
860 4515 986 4582 interim
1011 4515 1043 4580 in
1068 4515 1212 4600 aliquam

93 4624 274 4696 eddcntetn
300 4625 473 4698 utilitatem
499 4625 731 4714 strigoniensis
746 4625 891 4695 Ecclesie
916 4624 955 4694 de
971 4630 1112 4696 vestrum
1138 4643 1210 4694 cou-
