3238 5184
158 1109 188 1177 A
204 1111 298 1198 pybri
312 1105 533 1194 Mptoloonuk
543 1100 812 1189 bizouyrdpleoele‚
828 1100 908 1186 bopy
918 1095 985 1161 tbbb
1001 1090 1116 1159 raudai
1135 1087 1224 1154 lator
1239 1094 1283 1151 ott

355 1238 377 1279 a
393 1211 513 1299 lotape·
526 1209 668 1297 apdtoalt
683 1210 823 1302 biv-rotor!
833 1209 960 1275 eladott.
984 1213 1081 1277 1230.

270 1409 456 1497 Capitulum
473 1406 661 1475 Gourisnsis
684 1407 831 1474 Euolesio
855 1407 1015 1476 uniuersis
1039 1410 1157 1493 quibus
1179 1410 1286 1477 littere

159 1524 329 1609 presentes
356 1514 567 1584 ostendentur
582 1515 721 1582 salutem
737 1515 771 1581 in
787 1514 937 1582 Domino.
959 1517 1189 1585 Vniuersorum
1205 1517 1285 1586 noti-

159 1631 211 1696 oie
227 1626 378 1694 duximus
392 1623 634 1706 insinuandum,
651 1621 737 1707 quod
752 1621 901 1690 Joaohim
920 1623 1007 1690 filius
1023 1624 1173 1709 Wasard,
1191 1624 1285 1692 (lum-

161 1735 255 1823 polth
281 1742 314 1801 et
329 1732 480 1819 Gothpan
504 1730 562 1816 tilij
588 1729 704 1816 Pipule
728 1728 877 1815 destillat,
902 1751 965 1814 que
989 1737 1123 1800 uooatur
1148 1734 1287 1800 Monoha

160 1845 301 1925 Sasuna,
326 1843 360 1908 iri
375 1846 488 1910 nostra
503 1839 693 1906 assistentes
708 1839 881 1925 presencia
905 1838 1046 1908 confessi
1064 1846 1148 1925 sunt,
1164 1849 1283 1908 terram

161 1969 273 2018 eorum
303 1947 568 2036 patrimonialem
598 1946 633 2012 in
657 1947 774 2014 eadem
804 1946 885 2012 uilla
909 1947 1049 2014 Monoha
1072 1947 1220 2014 Saozuna
1245 1947 1288 2014 ad

162 2058 305 2144 quinque
327 2061 439 2122 aratra
455 2054 676 2138 suffioientem‚
703 2061 736 2120 et
751 2053 971 2122 molendinum
996 2075 1090 2122 snum
1104 2055 1224 2122 Abbati
1247 2054 1289 2120 ‹lo

162 2168 270 2234 Libun
284 2185 344 2250 pro
359 2169 433 2230 ooto
459 2162 579 2229 merois
603 2161 731 2246 argenti
747 2169 780 2229 et
794 2161 932 2229 dimidia
957 2162 1158 2247 uendidisse,
1174 2181 1238 2246 que
1253 2162 1287 2229 in

162 2280 277 2342 nostra
292 2271 462 2357 presenoia
487 2270 611 2338 eisdem
627 2275 703 2336 sunt
726 2269 908 2354 persolnte;
935 2269 1187 2352 ihobagionibus
1211 2289 1289 2337 uero

164 2380 272 2447 (lustri
288 2379 519 2459 Musuniensis,
546 2378 684 2445 Nioolao
698 2375 850 2444 videlieet
871 2377 938 2444 filio
954 2378 1129 2462 Mamurio,
1156 2385 1188 2444 et
1203 2378 1291 2443 Zeno

162 2510 222 2575 pro
239 2486 365 2554 Comite
381 2488 493 2554 Celsen
519 2485 750 2553 assistentibus
770 2492 803 2551 et
828 2484 1074 2568 affirmantibus,
1099 2485 1186 2569 quod
1210 2485 1290 2552 eius·
1326 2546 1327 2549 ,

164 2599 239 2664 deun
250 2595 450 2663 oondioionis
466 2595 541 2679 sint,
563 2594 619 2678 qui
635 2595 737 2661 libere
753 2599 873 2660 terram
883 2613 976 2660 suam
991 2601 1129 2681 possunt
1138 2593 1290 2660 vendere.

164 2706 207 2771 nt
223 2709 258 2770 ut
272 2706 334 2771 hoo
350 2703 475 2770 firmum
491 2707 524 2768 et
539 2700 658 2768 stabile
683 2707 841 2787 perpetuo
860 2701 965 2786 possit
989 2718 1193 2786 permanere,
1213 2698 1292 2782 peti·

163 2811 313 2878 oionibus
339 2807 515 2876 eorundem
530 2809 564 2874 in
579 2815 763 2894 presentem
788 2808 943 2893 paginam
969 2807 1104 2874 ieoimns
1130 2803 1289 2887 annotari,

163 2925 196 2984 et
221 2918 323 3002 sigilli
350 2916 490 3004 Capituli
517 2915 620 2982 nostri
647 2913 825 2982 munimine
850 2913 1005 2980 roborari.
1045 2913 1139 2979 Anno
1162 2910 1293 2978 Domini

445 3163 1019 3233 Ancus

234 3363 350 3448 (Kiortl
365 3366 503 3450 epykorui
519 3364 616 3448 truta.)
633 3361 754 3427 Littere
770 3357 913 3446 Capituli
931 3355 1121 3424 Genriensis
1140 3377 1200 3443 pro
1216 3355 1298 3422 villa

333 3471 450 3536 Sasun.

165 3668 305 3734 (Eredstie
315 3665 488 3736 bbrhlrtytn,
508 3667 618 3735 melyrbl
637 3665 861 3734 hlrtyansinegsn
874 3683 890 3717 a
904 3663 1034 3734 liptalau
1048 3661 1167 3734 pecsbtje
1179 3665 1266 3730 illm
1282 3679 1299 3716 a

466 3757 540 3812 mllt.
554 3760 582 3810 b.
593 3757 689 3826 Rbray
699 3755 791 3811 osaltd
803 3753 1008 3824 revelassem)

600 4041 860 4056 Ἥ
