3202 5190
621 898 699 964 186.

97 1080 164 1144 III.
181 1080 272 1144 Jocze
282 1077 440 1169 poposcit
456 1077 550 1142 leoele
558 1128 568 1164 ‚
593 1077 736 1163 melylpel
750 1101 771 1142 a
786 1077 929 1144 leculocace⁸
954 1083 1093 1170 eraekscp
1111 1082 1225 1170 suffro-

92 1210 160 1270 9cm
171 1187 341 1273 porpricio
350 1184 553 1270 selsaollitjo,
567 1185 646 1271 copy
657 1184 779 1267 coesto,
791 1187 873 1250 imre
884 1187 990 1275 eirctp
1001 1187 1226 1277 lotrohopyott

369 1292 486 1378 fidncia
503 1292 586 1356 troes
600 1291 828 1377 morodjoook.
853 1294 950 1362 1205.

207 1489 414 1554 Innocentius
429 1487 613 1574 Episcopus
629 1493 690 1552 eto.
707 1485 931 1572 SuffragancIs
947 1489 1116 1578 Ecclesiae
1133 1492 1224 1560 Oolo-

93 1595 217 1660 censis.
242 1595 287 1662 Ut
302 1596 373 1662 sitis
389 1597 422 1662 in
438 1593 596 1662 fidelitate
613 1601 809 1680 constantes,
834 1602 868 1661 et
882 1595 1100 1680 integritatem
1116 1597 1224 1666 famae

94 1711 229 1770 restrae
244 1688 444 1772 conservetis
460 1704 628 1788 illaesam,
654 1703 852 1772 fraternitati
867 1711 995 1772 vestrae
1015 1727 1074 1792 per
1088 1707 1224 1794 Aposto-

92 1813 163 1877 lica
179 1813 302 1900 scripta
327 1813 556 1900 praecipiendo
574 1813 788 1898 mandamus,
814 1819 983 1898 quatenus,
1008 1814 1041 1880 in
1064 1816 1224 1901 omnibus,

94 1941 184 2006 quac
210 1919 253 1986 ad
269 1921 438 1988 tuitionem
463 1919 649 1986 charissimi
665 1919 699 1985 in
715 1919 844 1986 Christo
861 1920 919 1986 filii
943 1921 1047 1987 nostri
1066 1919 1224 2007 Ladislai,

94 2027 199 2112 Regis
214 2029 422 2114 Hungariae,
440 2049 479 2094 ac
560 2029 709 2112 Reginae
724 2026 836 2094 matris
858 2028 939 2112 ejus,
958 2033 990 2094 et
1005 2029 1109 2112 Regni
1130 2030 1224 2115 perti-

93 2145 185 2218 nent,
203 2137 383 2203 venerabili
401 2136 495 2203 fratri
510 2145 641 2204 nostro.
655 2185 662 2200 .
675 2133 1133 2221 .OolocenaiArchicpiscopo
1150 2136 1224 2203 iide-

93 2244 172 2310 liter
187 2243 371 2328 assistatis,
397 2249 432 2308 ut
450 2243 526 2309 inde
542 2242 786 2310 retributionem
804 2263 825 2308 a
840 2242 1000 2327 Domino,
1027 2249 1060 2308 et
1074 2248 1185 2328 grates
1202 2263 1223 2308 a

93 2352 193 2417 nobis
211 2351 356 2419 obtinere
370 2351 515 2437 possitis.
540 2352 660 2417 Datum
678 2352 748 2416 VII.
766 2348 928 2416 kalendas
945 2350 1035 2434 Maii,
1052 2351 1221 2418 Pontifica-

93 2467 150 2525 tus
166 2457 271 2526 nostri
287 2478 372 2525 anno
389 2465 513 2524 octavo.

439 2637 550 2705 (iligna,
564 2638 598 2688 id.
612 2655 646 2688 m.
660 2639 696 2689 11.
711 2639 766 2689 kot.
780 2639 841 2690 598.
854 2637 884 2702 l.)

571 2928 667 2935 ---—-
673 2927 786 2936 —--.-—

96 3567 225 3633 Hearilc
249 3589 269 3629 o
295 3563 586 3650 lcooatcrrtr'ruipolyi
617 3564 698 3630 latio
728 3567 912 3650 cedsmradp
936 3564 1224 3651 kormdupzcljduolo

97 3675 189 3739 levale
207 3675 269 3738 ΙΙΙ.
289 3675 375 3738 lacae
386 3673 545 3758 pripc'lzoe,
565 3672 705 3738 Bulalm'n
721 3673 910 3736 aadserirrtok
926 3695 946 3736 α
965 3671 1116 3756 culparet
1131 3671 1225 3740 attali

484 3780 721 3867 elfoqotdacirol.
742 3783 841 3846 1205.

207 3979 421 4046 Sanctissimo
431 3978 521 4044 Patri
532 3998 571 4043 ac
585 3977 715 4043 domino
729 3974 926 4058 Innocentio,
943 3975 1006 4039 Dei
1016 3975 1124 4056 gratia
1135 3973 1224 4038 Sum-

99 4109 149 4154 mo
161 4087 323 4171 Pontifici,
340 4087 380 4152 H.
398 4079 720 4172 fraterImperatoris
734 4080 1098 4164 constantinopolitani,
1118 4086 1150 4144 et
1162 4099 1224 4146 mo

98 4195 231 4262 (lerator
247 4195 388 4280 Imperii,
415 4214 488 4259 cum
504 4192 615 4259 debita
630 4191 813 4257 reverentia
822 4239 831 4274 ,
858 4187 972 4253 humili
992 4192 1024 4252 et
1039 4185 1157 4253 devoto
1174 4207 1225 4271 pe·

99 4303 175 4370 dum
193 4305 315 4370 osculo.
341 4303 421 4368 Cum
436 4301 622 4367 uniuersum
638 4297 815 4366 Christiani
830 4295 989 4361 exercitus
1004 4312 1225 4380 progressum,

98 4419 130 4477 et
145 4412 294 4478 laborum
311 4410 582 4498 peregrinationis
608 4414 739 4474 nostrae
755 4406 872 4474 seriem
888 4403 1077 4488 paternitati
1097 4408 1226 4468 vestrae

98 4539 158 4604 per
185 4519 385 4604 multiplices
409 4520 535 4586 litteras
564 4524 595 4583 et
620 4517 750 4583 nuntios
778 4513 880 4579 frater
905 4529 995 4576 meus
1021 4519 1054 4577 et
1076 4510 1225 4576 dominus

100 4630 292 4712 Imperator,
310 4645 413 4711 usque
433 4623 477 4692 ad
485 4625 637 4692 Martium
654 4626 802 4710 clapsum
818 4617 1005 4702 novissime,
1022 4618 1103 4685 satis
1119 4615 1225 4682 lucide
