3238 5184
609 338 771 440 „prr-

122 533 262 618 iugera;
287 533 364 598 item
381 531 415 597 in
432 531 535 597 altero
551 531 623 598 loco
643 531 685 596 ab
700 533 768 597 alia
784 536 878 618 parte
895 531 1040 598 eiusdem
1057 533 1194 598 ecclesie
1211 533 1254 599 ad

121 640 360 706 occidentalem
386 645 512 724 partem
539 660 652 706 versus
676 645 810 727 puteum
835 639 1004 724 Gyruskut
1028 645 1187 726 vocatum,
1219 641 1253 706 in

121 767 188 813 uno
206 749 277 816 loco
294 748 423 814 adiacet
448 753 536 814 terra
553 747 665 814 limata
681 747 724 813 ad
741 753 868 813 centum
899 754 931 812 et
947 746 1058 813 decem
1073 746 1197 832 iugera,
1222 754 1254 812 et

122 853 246 921 ibidem
263 855 355 919 iuxta
371 862 502 938 puteum
519 853 701 940 predictum
722 852 853 920 adiacet
869 851 1012 920 ferretum
1031 853 1195 921 sufficiens
1211 855 1253 920 ad
1321 895 1325 902 ‚

121 961 296 1028 duodecim
313 960 488 1046 falcastra;
515 962 593 1028 item
609 964 642 1028 in
658 963 759 1028 tercio
785 963 857 1029 loeo
872 962 973 1045 trilag
988 971 1114 1046 vocato,
1140 963 1173 1028 in
1190 983 1252 1030 uno

121 1070 196 1134 loco
221 1069 350 1136 adiacet
365 1077 453 1134 terra
479 1069 615 1136 arabilis
631 1070 674 1138 ad
691 1069 754 1136 duo
781 1076 893 1135 aratra
907 1070 940 1135 in
965 1075 1058 1156 parte
1082 1071 1249 1155 orientali;

120 1176 202 1241 item
219 1177 252 1240 in
269 1183 384 1260 quarto
410 1177 482 1244 loco
498 1179 627 1244 adiacet
642 1179 747 1262 major
770 1197 848 1264 pars
864 1183 949 1244 terre
965 1178 1157 1263 campestris
1171 1177 1253 1246 eius·

121 1285 198 1350 dem
223 1284 302 1350 ville
327 1285 433 1350 Kinus
451 1285 576 1370 Beren;
603 1286 679 1352 item
705 1285 816 1370 quinto
840 1286 911 1353 loco
937 1287 1032 1371 sylva
1052 1285 1252 1372 Hygmuguy

123 1397 246 1459 vocata
271 1391 401 1456 adiacet
425 1392 460 1456 in
485 1394 599 1478 spacio
616 1393 711 1459 unius
736 1393 847 1460 aratri.
873 1395 955 1460 Item
971 1396 1149 1479 assumpsit
1164 1402 1251 1461 ante·
1377 1442 1382 1458 .

122 1499 231 1565 dietus
247 1499 398 1584 Michael,
426 1501 556 1583 quodsi
572 1503 690 1586 aliquis
707 1523 766 1589 pro
783 1503 899 1569 eadem
923 1513 1010 1569 terra
1026 1511 1140 1571 contra
1159 1504 1252 1590 Capi·

122 1607 229 1673 tulum
239 1608 493 1694 Wesprimiense
508 1609 599 1676 litem
610 1611 757 1696 mouerit,
775 1611 847 1696 ipse
858 1609 912 1676 vel
928 1609 1065 1678 heredes
1084 1611 1135 1676 sui
1145 1619 1252 1677 tenen-

123 1723 177 1780 tur
192 1714 356 1801 expcdire.
375 1718 417 1782 Et
433 1737 473 1782 ne
490 1719 591 1786 series
609 1719 688 1786 talis
703 1718 904 1785 vendicionis
921 1725 978 1784 aut
993 1719 1170 1806 emptionis
1194 1720 1251 1785 ali-

122 1843 189 1905 quo
205 1843 350 1907 unquam
376 1831 521 1912 tempore
537 1847 594 1912 per
611 1826 830 1914 calumpniam
853 1827 1055 1909 quorundam
1071 1828 1251 1896 malicioso-
1318 1852 1322 1860 ·

121 1949 195 1994 rum
222 1931 388 1996 hominum
405 1935 509 2019 possit
536 1933 570 1998 in
596 1933 721 2000 irritum
737 1933 902 2018 reuocari,
930 1934 1048 2001 nostris
1068 1934 1251 2002 introserui-

123 2057 197 2102 mus
214 2037 332 2104 litteris
354 2039 639 2108 testimonialibus.
665 2041 813 2108 Ecclesia
836 2049 944 2109 nostre
959 2042 1119 2108 Michaele
1132 2029 1250 2128 Prepe-

122 2146 198 2228 sito,
215 2146 315 2229 Myle
331 2146 484 2233 Custode,
510 2149 679 2234 Sylvestro
695 2151 837 2234 Decano,
855 2151 953 2218 Gallo
972 2153 1168 2218 Succentore
1185 2151 1250 2216 exi-

122 2251 297 2320 stantibus.

122 2433 158 2500 (A
171 2430 401 2488 szekocrchervtrt
420 2432 605 2500 klptalannak
629 2437 736 2489 last-ki
755 2434 939 2500 attrectabile
958 2435 1107 2505 roszpremi
1119 2435 1249 2505 laptulan

589 2524 795 2594 leveltarltban.)

552 2814 820 2827 m*—

646 3277 723 3348 325.

120 3455 150 3522 A
167 3458 261 3546 pyllri
275 3459 495 3546 lcciptalanoak
511 3459 778 3546 bizonysciqleoala
793 3459 873 3548 kopp
888 3461 1002 3526 Tameia
1018 3459 1074 3525 Ost
1089 3462 1244 3528 emnaanolc

112 3567 164 3651 fia
189 3567 333 3654 bizooyoa
363 3569 528 3634 kouelelasc
557 3569 732 3654 lcirpydboa
757 3591 778 3632 α
803 3567 901 3635 Clurt
929 3569 1245 3655 ocmzcocpbclickkcl

529 3675 727 3764 cpyozkadett.
744 3677 841 3744 1232.

229 3871 414 3958 Capitulum
438 3872 618 3941 Jeuriensis
642 3873 788 3940 Ecclesia
803 3873 965 3940 uniuersis
989 3893 1124 3959 presens
1143 3877 1241 3962 scrip·

119 3987 186 4046 tum
212 3981 413 4050 intuentibus
437 3983 575 4051 salutem
600 3982 632 4046 in
660 3980 774 4047 salutis
798 3981 962 4066 largitore.
979 3985 1094 4050 Vestra
1118 3985 1242 4049 noueri-

118 4089 327 4175 vniuersitas‚
354 4087 440 4174 quod
465 4089 587 4154 Tomas
611 4087 697 4153 filius
721 4085 855 4153 Comitis
878 4086 958 4152 Oslu
984 4107 1024 4152 ex
1049 4107 1114 4152 una
1137 4096 1241 4174 parte,

117 4199 288 4283 Martinus,
299 4199 476 4266 Nioholaus
489 4197 548 4264 lilii
558 4197 755 4279 Viruntonis,
769 4195 940 4280 Georgius,
956 4195 1091 4280 Ipolitus
1102 4204 1134 4262 et
1144 4195 1240 4263 (icor-

118 4307 192 4389 gius
208 4305 266 4371 filii
281 4307 404 4374 Thome
428 4305 469 4372 da
487 4305 624 4388 Ysobur,
650 4309 682 4369 et
697 4303 811 4370 villani
827 4299 923 4368 Ennd
946 4303 1121 4388 degenere
1141 4304 1242 4370 Churt

117 4434 159 4479 ex
180 4414 295 4498 altera,
321 4414 492 4481 innostra
516 4412 655 4500 professi
681 4417 755 4477 sunt
780 4411 960 4495 presencia,
986 4409 1072 4494 quod
1097 4410 1240 4478 Thomas

117 4519 224 4588 dictus
239 4542 296 4590 eos
313 4543 372 4607 pro
396 4529 484 4588 terra
499 4520 604 4605 Ennd,
631 4526 664 4586 et
679 4540 737 4605 pro
753 4518 974 4586 destruccione
998 4519 1103 4605 predii
1129 4520 1180 4585 sui
1197 4521 1240 4586 ad

116 4631 323 4718 presenciam
334 4630 463 4698 Dionisi
473 4629 615 4696 Palatini
631 4628 795 4696 mediante
806 4627 966 4715 pristaldo
977 4629 1107 4694 nomine
1123 4629 1239 4716 Dcalip
