3164 5192
847 331 999 434 -Q,

445 519 565 587 Datum
576 523 703 592 Vercne
713 544 773 611 per
788 547 902 594 manus
913 529 1040 596 Alberti
1052 529 1172 598 Sancte
1181 534 1327 601 Romane
1337 533 1497 604 Ecclesia

356 628 544 715 Presbyteri
554 629 741 701 Cardinalis
752 643 784 703 et
794 635 989 723 Cancellarij
1001 640 1104 707 VIIII.
1119 641 1279 709 kalendas
1289 643 1311 709 J
1313 645 1371 729 ulij
1382 646 1497 711 Indic-

359 735 447 801 tiouc
470 737 593 823 quinta,
616 739 854 811 Ineamationis
870 745 1040 814 Dominice
1059 768 1145 815 anno
1160 751 1206 816 Μ’·
1221 749 1260 815 C⁰
1273 751 1496 818 Lxxxvlr.

356 842 567 913 Pontificatus
585 867 663 914 uero
679 849 803 919 domini
819 853 944 920 Urbani
960 855 1051 940 Pape
1066 857 1126 924 ΠΙ.
1143 879 1229 926 anuo
1246 861 1287 925 II.

588 1046 694 1112 (Knaua
707 1047 824 1116 Nindcr,
837 1054 953 1121 Magyar
965 1055 1030 1108 Sion
1042 1058 1064 1108 1.
1079 1057 1134 1112 unt
1151 1059 1209 1112 1³0.
1224 1057 1255 1125 t)

790 1337 1049 1354 ——n—

877 1788 952 1858 lau.

353 1965 384 2032 A
399 1965 585 2034 velcaczciele
601 1991 622 2032 a
634 1968 885 2056 Mopyarorszc'p
901 1968 993 2035 ottoni
1011 1969 1170 2034 bubonum
1185 1971 1361 2041 mesmes.
1382 1979 1485 2042 1187.

460 2149 498 2213 ln
513 2149 643 2215 nomine
659 2147 792 2216 Domini
809 2148 871 2213 Dei
887 2152 920 2213 et
934 2147 1116 2214 Salvatcris
1137 2150 1240 2216 nostri
1258 2151 1340 2218 Jesu
1350 2151 1488 2222 Christi.

353 2255 447 2322 Anno
464 2255 701 2322 Inearnationis
727 2255 873 2339 ejusdem
889 2253 1177 2322 uccxxxun.
1200 2257 1253 2325 die
1269 2259 1340 2324 vlt
1358 2263 1487 2328 mensis

352 2363 558 2446 Novembris,
575 2362 755 2429 Indictione
773 2363 827 2429 VI.
845 2362 927 2429 Rivo
944 2363 1022 2430 alto.
1042 2361 1147 2440 Quum
1163 2383 1223 2430 nos
1234 2363 1362 2432 Aureus
1379 2367 1486 2454 Magi-

353 2477 419 2538 ster
442 2471 557 2538 Petrus
574 2471 637 2537 Dei
662 2471 770 2556 gratia
785 2469 1014 2554 Venetorum,
1041 2471 1208 2536 Dalmatic
1233 2477 1333 2558 atque
1349 2475 1485 2544 Croatio

352 2583 429 2649 Dux
445 2601 517 2646 eum
532 2581 653 2649 nostris
669 2580 839 2648 iudicibus
855 2587 888 2646 et
901 2579 1111 2666 sapientibus
1133 2580 1270 2649 Consilii
1285 2590 1317 2650 et
1333 2584 1484 2652 Advoca-

352 2691 478 2760 toribus
494 2689 681 2758 Communia
706 2689 914 2758 Venetiarum
939 2689 1142 2774 videremus,
1169 2697 1282 2758 nostro
1308 2690 1483 2760 Communi

353 2801 573 2867 necessarium
590 2819 663 2866 ease
682 2819 760 2886 pro
783 2804 957 2884 guerra,
983 2817 1108 2882 quam
1133 2818 1222 2865 cum
1245 2800 1484 2884 Hungarie

231 2937 233 2940 ·
351 2905 1484 2994 Regehabemus,adgaleasinobsidionchadre

352 3018 599 3085 mittendas
623 3017 796 3104 pecuniam
821 3016 988 3101 invenire3
1014 3016 1058 3082 ad
1075 3037 1132 3085 eos
1155 3016 1305 3103 precibus
1326 3017 1482 3085 duximus

351 3125 598 3208 recurrendum,
623 3125 678 3211 qni
694 3132 832 3210 possunt
847 3131 958 3192 nostre
974 3124 1081 3210 patrie
1096 3125 1158 3192 hoc
1177 3123 1385 3191 necessitatis
1403 3133 1482 3192 tem-

352 3255 432 3322 pore
448 3235 630 3302 subvenire.
647 3233 845 3319 Rogavimus
861 3234 971 3318 itaque
988 3253 1110 3318 omnes,
1135 3253 1270 3317 quorum
1285 3235 1420 3301 nomina
1435 3233 1480 3300 in-

351 3345 452 3410 ferius
469 3345 682 3428 continentur,
698 3349 734 3409 ut
749 3363 810 3430 pro
827 3363 887 3410 sua
902 3343 1102 3410 liberalitate
1117 3341 1287 3410 Communi
1303 3348 1427 3428 nostro,
1443 3344 1479 3410 in

351 3452 409 3520 tali
433 3455 630 3520 necessitate
654 3453 716 3521 hoc
730 3457 878 3538 tempore
902 3451 1098 3535 constituto,
1123 3449 1164 3515 de
1187 3448 1318 3536 prefata
1337 3450 1480 3535 pecnnia

352 3561 571 3627 subvenirent.
597 3560 680 3645 Qui,
707 3561 861 3644 quoniam
877 3566 964 3626 terre
980 3563 1091 3626 nostre
1115 3558 1185 3625 veri
1200 3564 1277 3624 sunt
1300 3564 1479 3642 amatores,

351 3665 569 3752 promiserunt
592 3675 703 3735 nostro
720 3666 890 3734 Communi
910 3665 1119 3751 jamdictam
1145 3665 1319 3752 pecuniam
1334 3685 1373 3731 se
1388 3665 1479 3731 datu·

350 3791 415 3841 ros.
448 3774 498 3839 De
522 3795 588 3859 qua
612 3775 838 3862 suprascripta
861 3776 1001 3862 pecunia
1025 3773 1115 3840 dedit
1141 3773 1291 3841 dominus
1315 3773 1481 3839 Mattheus

351 3883 464 3950 Abbas
480 3883 591 3950 Sancti
605 3884 734 3953 Nieolai
745 3905 817 3952 cum
827 3885 974 3971 Collegio
990 3884 1092 3951 libras
1103 3885 1301 3950 Venetorum
1316 3882 1347 3946 D
1360 3905 1368 3965 ;
1387 3883 1408 3948 J
1410 3901 1480 3949 aco

351 3993 412 4057 bus
427 3990 522 4058 Ziani
538 3991 623 4058 tilius
640 3994 779 4060 condam
795 3991 918 4059 domini
928 3990 1117 4059 sebastiani
1136 3991 1221 4057 boue
1236 3990 1395 4056 memorie
1410 4007 1480 4073 pre

351 4099 530 4166 decessoris
545 4099 650 4167 nostri
665 4099 829 4184 librasM;
846 4099 977 4166 Marcus
986 4098 1137 4176 Falerius
1153 4097 1254 4164 libras
1265 4097 1296 4161 D
1309 4122 1316 4180 ;
1334 4095 1480 4162 Domini-

350 4227 408 4274 cus
433 4204 606 4274 Caravello
631 4206 733 4273 libras
748 4205 907 4292 DCCCC;
924 4206 1115 4274 Dominicus
1131 4207 1237 4271 Memo
1254 4203 1358 4270 libras
1375 4199 1479 4286 CCL3

349 4314 498 4381 Matbeus
509 4313 702 4381 Trivisanus
717 4315 820 4380 libras
831 4311 898 4398 003
915 4313 1111 4379 Pancratius
1121 4312 1263 4378 Michael
1280 4311 1321 4378 de
1336 4309 1481 4396 pecnnia

349 4421 461 4488 Sancti
485 4421 605 4490 Leonis
630 4420 721 4508 Pape
742 4421 845 4487 libras
863 4419 908 4507 C;
934 4422 1102 4488 Johannes
1127 4418 1274 4486 Barbani
1300 4418 1407 4484 libras
1434 4414 1477 4499 C;

348 4529 599 4597 Bartholomeus
614 4529 752 4597 Venerio
769 4529 870 4597 libras
891 4528 935 4614 C;
956 4529 1126 4596 Jobannes
1141 4525 1297 4596 Hornado
1313 4525 1421 4592 libras
1437 4521 1477 4592 Ct

348 4635 463 4742 Petrus
488 4635 636 4703 Grimani
666 4635 769 4703 libras
794 4636 838 4722 C;
870 4635 1059 4705 Molendina
1083 4633 1201 4702 relicta
1224 4631 1312 4700 Petri
1336 4625 1479 4699 Michael
