3164 5192
577 291 737 392 Q

88 489 304 573 transmittit,
330 507 416 570 quae
432 507 559 554 sursum
576 497 645 572 est,
673 495 776 556 mater
801 498 850 556 est
865 497 996 572 nostra,
1023 491 1056 556 iu
1074 509 1139 572 qua
1154 511 1221 575 pax

89 597 167 681 Dei,
185 615 269 678 quae
285 601 460 683 exsuperat
475 615 603 663 omnem
618 615 769 680 sensum,
786 597 932 664 abundat
947 597 991 664 ad
1010 597 1094 682 hauc
1109 597 1220 682 utique

88 705 171 772 novi
186 707 246 772 sub
263 726 347 773 novo
363 713 511 791 tempore
521 706 724 790 blachabaei,
740 706 795 789 qui
811 727 869 791 pro
879 705 1025 791 paternis
1044 706 1171 791 legibus
1187 713 1220 772 et

87 815 215 879 Sancta
231 809 371 879 Ciuitate
396 819 530 878 sanctas
548 849 592 862 -
609 851 651 860 —
667 849 709 860 -
726 833 798 880 cum
813 815 890 880 victi
907 821 1063 900 putantur
1078 814 1219 882 victores

90 921 276 987 ascendunt
291 920 450 987 ineffabili
462 921 570 1005 gloria
585 921 772 1005 coronandi,
789 941 886 1006 quam
896 922 1051 989 militibus
1068 923 1135 990 suis
1151 924 1220 988 Rex

87 1027 229 1094 Gloriae
245 1027 467 1113 praeparavit.
485 1026 657 1094 Caeterum
673 1047 713 1094 ue
728 1027 913 1094 videremur
928 1049 1019 1095 mera
1034 1029 1152 1114 gravia
1165 1031 1221 1095 im-

88 1155 219 1220 ponere
236 1135 378 1202 bumeris
395 1133 607 1219 subditorum,
625 1155 709 1220 quae
721 1135 823 1221 digito
839 1142 949 1204 nostro
965 1137 998 1202 iu
1015 1157 1114 1223 opere
1124 1175 1167 1185 —
1177 1174 1220 1183 —

91 1281 140 1290 —
158 1243 199 1308 de
216 1243 319 1328 ipsius
334 1251 443 1310 terrae
459 1279 502 1288 —
513 1279 556 1289 -
567 1280 606 1290 -
626 1248 813 1326 tractantes,
833 1243 992 1311 decimam
1007 1251 1134 1330 partem
1151 1265 1220 1329 pro-

17 1371 18 1402 1
86 1359 247 1419 veutuum
270 1357 303 1417 et
326 1351 488 1417 redituum
509 1356 693 1418 nostrorum
720 1352 847 1418 adeius
864 1353 1045 1420 subsidium
1069 1353 1220 1419 duximus

91 1457 339 1544 deputandam,
371 1459 516 1542 Legatos
541 1465 669 1525 nostros
693 1459 772 1524 illuc
796 1459 895 1524 dante
919 1461 990 1526 Deo
1015 1460 1048 1525 iu
1073 1460 1220 1546 proximo

91 1565 336 1649 transmissuri,
362 1565 418 1650 qui
434 1566 611 1632 exercitum
629 1604 672 1614 -
689 1603 732 1616 -
750 1603 793 1614 -
808 1565 991 1632 humilitate
1012 1567 1220 1652 praecedant,

94 1681 127 1740 et
144 1674 188 1740 ud
204 1693 260 1741 eos
275 1681 431 1757 tauquam
447 1674 490 1740 ad
505 1695 604 1742 uuum
620 1683 719 1762 caput
734 1675 878 1742 universi
893 1680 1072 1757 recurrant,
1090 1693 1222 1740 venera·
1321 1729 1327 1740 ,

92 1784 216 1850 bilibus
231 1783 388 1850 fratribus
404 1784 523 1850 nostris
539 1783 803 1871 Arcbiepiscopis
817 1835 825 1868 ,
841 1784 1025 1870 Episcopis,
1047 1789 1079 1849 et
1094 1782 1221 1848 dilectis

92 1891 171 1958 filiis
188 1891 382 1975 Abbatibus,
398 1890 576 1976 Prioribus,
593 1891 852 1974 Archidiaeouis,
869 1892 1011 1957 Decanis
1026 1895 1059 1956 et
1077 1889 1153 1956 aliis
1163 1889 1222 1952 Ec·

93 2000 267 2065 clesiarum
283 2000 465 2084 Praelatis,
493 1999 557 2068 imo
584 2001 683 2068 etiam
701 2000 837 2066 Oleriois
863 2000 1023 2065 universis
1048 1999 1082 2064 iu
1105 1997 1222 2064 virtute

93 2107 207 2175 Sancti
223 2107 374 2194 Spiritus,
401 2113 434 2174 et
449 2110 509 2176 sub
525 2108 638 2174 Diviui
654 2107 766 2174 iudicii
783 2107 1002 2174 obtestatione
1017 2103 1222 2186 mandantes,

92 2222 128 2282 ut
145 2217 262 2282 saltem
288 2211 574 2301 quadragesimam
599 2221 726 2301 partem
742 2215 1037 2282 ecclesiasticorum
1061 2212 1222 2279 redituum

96 2331 129 2390 et
145 2329 361 2408 proventuum
377 2343 518 2406 suorum,
536 2323 762 2391 aestimatione
778 2321 891 2388 habita
914 2321 1073 2408 diligenti,
1093 2321 1126 2386 io
1151 2320 1223 2386 sub-

15 2471 16 2498 ;
95 2431 282 2496 ventionem
293 2429 469 2498 Orientalis
480 2429 673 2497 Provinciae
682 2452 745 2498 nou
757 2431 911 2497 differant
921 2450 1066 2513 erogare.
1080 2428 1131 2496 Ad
1142 2430 1223 2494 haec

14 2547 15 2572 ³
93 2539 128 2604 iu
145 2537 282 2622 singulis
298 2537 455 2606 Ecclesiis
470 2545 620 2604 truncum
646 2557 824 2604 concavum
840 2539 917 2623 poni
933 2537 1152 2624 praecipimus
1167 2536 1220 2600 tri·

94 2648 156 2712 bus
184 2645 331 2712 clavibus
357 2645 602 2730 consignatum,
630 2665 695 2710 uua
717 2664 817 2730 penes
837 2644 1053 2729 Episcopum,
1079 2643 1222 2709 secunda

93 2773 197 2840 penes
213 2754 444 2838 Presbyterum
461 2753 647 2835 Ecclesiae,
672 2753 769 2818 tertia
793 2771 851 2837 per
866 2752 1007 2837 aliquem
1032 2751 1221 2835 religiosum

95 2863 218 2929 laicum
235 2859 476 2943 conservandis,
487 2858 521 2924 in
537 2860 655 2941 quibus
672 2859 785 2925 fideles
801 2859 937 2942 quilibet
960 2858 1124 2944 deponere
1143 2875 1220 2923 suas

93 2969 323 3050 eleemosynas
348 2965 621 3033 inremissionem
637 2985 767 3034 suorum
784 2965 952 3032 criminum
968 2955 1169 3045 moueantur,
1188 2969 1221 3028 et

92 3077 127 3142 in
144 3074 283 3158 singulis
300 3073 456 3139 Ecclesiis
470 3076 570 3140 semel
586 3074 619 3138 iu
642 3073 849 3140 hebdomada
864 3091 924 3157 pro
941 3071 1137 3136 remissione
1152 3087 1222 3155 pec-

94 3190 244 3248 catorum
253 3179 448 3265 praesertim
458 3179 662 3247 offerentium
671 3180 774 3244 missa
783 3177 918 3264 publica
929 3176 1126 3242 decantetur.
1143 3174 1223 3244 Gon-

94 3288 243 3356 cedimus
259 3286 358 3352 etiam
375 3285 640 3373 Archiepiscopis
656 3293 688 3353 et
703 3286 887 3372 Episcopis,
913 3291 948 3350 ut
965 3284 1051 3349 circa
1067 3302 1142 3366 eos,
1167 3282 1222 3365 qui

93 3395 136 3462 de
153 3393 250 3462 bouis
266 3392 335 3459 suis
352 3399 459 3459 terrae
475 3395 616 3460 Sanctae
631 3393 793 3460 volueriut
808 3393 990 3478 subvenire,
1014 3391 1055 3458 de
1070 3391 1223 3458 discreto·

93 3525 166 3570 rum
181 3504 326 3570 virorum
352 3501 487 3569 consilio
504 3523 563 3587 pro
590 3503 748 3585 qualitate
767 3521 980 3588 personarum
1003 3509 1037 3567 et
1052 3518 1162 3567 rerum
1176 3498 1220 3564 ia·

99 3614 223 3679 cultata
238 3611 396 3698 pensatis,
411 3620 444 3678 et
458 3611 662 3680 considerato
673 3611 880 3680 nihilomiuus
896 3609 1078 3678 devotionis
1094 3607 1223 3693 affectu,

94 3707 180 3806 opus
195 3719 361 3787 iniunctae
386 3719 606 3805 poenitentiae
631 3725 817 3787 convertere
834 3720 961 3806 possint
985 3719 1117 3802 inopus
1141 3717 1223 3785 elee-

97 3847 257 3912 mosynae
273 3825 452 3894 faciendae.
479 3827 529 3894 Ne
546 3833 654 3893 autem
671 3825 781 3893 clerici
805 3827 858 3892 vel
874 3825 950 3892 laici
976 3825 1009 3890 iu
1024 3827 1087 3892 boc
1102 3825 1224 3890 trustra

94 3957 130 4002 sa
148 3936 282 4003 doleant
298 3934 493 4019 aggravari;
511 3935 653 4002 sedium
668 3953 754 3999 nuuc
770 3934 812 3999 de
828 3951 889 3998 sua
904 3933 969 3999 siut
985 3930 1224 4015 quodammodo

94 4040 248 4109 mercede
263 4041 388 4125 securi,
414 4042 455 4107 de
470 4043 532 4107 Dei
549 4039 787 4126 Omnipotentis
803 4037 1037 4120 misericordia,
1062 4042 1094 4102 et
1109 4035 1223 4102 Beato-

94 4171 167 4216 rum
184 4147 415 4233 Apostolorum
438 4148 525 4212 Petri
549 4154 583 4214 et
598 4145 690 4213 Pauli
717 4145 912 4213 auctoritate
937 4142 1067 4226 confisi,
1096 4141 1222 4225 axilla,

96 4277 195 4341 quam
212 4253 307 4322 uobis
323 4256 434 4337 Deus,
462 4255 537 4320 licet
554 4254 706 4339 indignis,
724 4252 851 4337 ligandi
868 4255 900 4318 et
915 4248 1062 4318 solvendi
1078 4248 1222 4332 contulit,

95 4369 282 4450 potestate,
310 4361 460 4429 omnibus
472 4412 481 4446 ,
507 4363 562 4445 qui
587 4363 735 4430 laborem
750 4360 845 4427 huius
873 4358 998 4426 itineris
1024 4357 1058 4422 iu
1073 4356 1223 4441 personis

95 4469 240 4557 propriis
256 4474 287 4534 et
304 4468 458 4553 expensis
474 4469 640 4552 subierint,
656 4469 788 4553 plenam
805 4485 939 4533 suorum
949 4469 1166 4550 peccatorum,
1181 4462 1223 4527 de

97 4576 216 4668 quibus
232 4575 298 4646 oris
308 4575 455 4646 eteordis
466 4574 591 4666 egerint
601 4574 844 4667 poeniteutiam,
861 4571 988 4644 veniam
1006 4571 1221 4662 indulgemus,
