3164 5192
679 1030 755 1102 lac.

146 1225 212 1293 111.
229 1226 320 1294 Iners
342 1231 432 1316 μόρα
457 1252 477 1293 o
503 1231 592 1296 traci
609 1231 797 1320 pilcpdlcuek
822 1233 854 1298 de
877 1231 1102 1322 triptolocnalc
1125 1243 1273 1328 meyer-ja,

142 1333 231 1422 bcpy
240 1334 279 1400 P.
296 1338 380 1401 nevil
393 1336 528 1404 diderat
544 1359 565 1402 α
580 1340 708 1404 cremii
716 1337 860 1428 fopadds
870 1340 935 1407 atet
943 1339 1159 1428 felmeatetett.
1176 1349 1273 1413 1198.

253 1532 463 1601 Innocentius
481 1534 664 1622 Episcopus
688 1555 802 1604 seruus
826 1557 994 1606 seruorum
1010 1542 1071 1608 Dei
1095 1542 1298 1610 venerabili=

142 1637 240 1707 fratri
257 1691 264 1704 .
283 1689 291 1705 .
308 1689 315 1704 .
332 1642 497 1728 Episcopo
523 1646 556 1708 et
571 1641 699 1710 dilectis
725 1644 801 1710 filiis
818 1643 969 1732 Capitulo
986 1649 1272 1736 Tragurisnsibus,

142 1748 344 1816 salutemet
369 1748 594 1835 Apostolicam
620 1750 891 1819 benedictionem.
923 1753 1012 1820 Sicut
1033 1759 1126 1821 tenor
1152 1763 1272 1823 vestra-

142 1875 218 1924 rum
233 1855 416 1923 litterarum
432 1857 526 1924 nobis
543 1858 689 1942 aperuit,
714 1877 786 1926 cum
802 1861 838 1925 P.
855 1859 941 1926 lator
956 1864 1156 1947 presentium
1172 1864 1205 1931 iu
1221 1885 1270 1931 sa-

142 1963 306 2032 cerdotali
331 1972 419 2032 esset
444 1963 551 2033 officio
579 1965 790 2051 constitutus,
818 1974 850 2032 et
865 1973 958 2033 tanta
981 1988 1088 2036 rerum
1112 1975 1271 2058 tempore

141 2073 226 2140 lium
241 2073 422 2158 indigentia
437 2073 610 2156 laboraret,
628 2073 715 2158 quod
730 2091 791 2140 nec
807 2075 879 2158 sibi,
896 2095 958 2141 neo
973 2077 1041 2142 suis
1060 2079 1271 2163 progenitori-

141 2181 218 2264 bus,
234 2198 292 2247 seu
302 2179 458 2248 fratribus
474 2181 508 2247 in
518 2179 768 2248 necessitatibus
784 2181 924 2266 propriis
934 2191 1046 2267 posset
1065 2185 1271 2272 aliquatenus

142 2287 329 2375 providere,
348 2289 472 2375 proprii
488 2290 633 2375 corporis
649 2289 815 2355 laboribus
831 2297 864 2356 et
880 2291 977 2355 maris
994 2292 1146 2376 periculis
1163 2295 1271 2362 multis

143 2415 184 2462 se
198 2415 263 2460 nou
281 2394 444 2462 dubitavit
470 2415 650 2481 exponere,
677 2401 713 2460 ut
728 2395 769 2461 de
784 2415 843 2462 suo
869 2395 982 2464 labore
998 2403 1030 2463 et
1055 2401 1271 2483 acquisitione

143 2503 287 2570 honesta
302 2523 394 2570 suam
411 2509 443 2570 et
453 2523 583 2570 suorum
598 2509 712 2588 posset
725 2503 939 2588 indigentiam
950 2505 1107 2574 relevare.
1128 2507 1271 2597 Contigit

142 2617 255 2678 autem
271 2614 439 2699 posthoc,
466 2611 553 2696 quod
567 2611 640 2696 ipse
656 2612 754 2696 longe
770 2632 790 2678 a
806 2618 916 2679 vestra
935 2614 1066 2682 civitate
1090 2619 1270 2686 consistens

141 2727 213 2785 tam
229 2721 324 2802 gravi
349 2720 433 2804 cepit
457 2717 640 2802 egritudine
655 2719 826 2802 laborare,
853 2719 940 2803 quod
965 2727 1059 2788 extra
1081 2743 1118 2790 sc
1143 2727 1269 2810 positus

143 2826 337 2912 desperaret
352 2826 392 2893 dc
408 2825 477 2891 rita
492 2825 646 2910 presenti,
664 2832 696 2892 et
711 2825 788 2892 dum
809 2827 842 2892 in
857 2827 918 2893 tali
942 2837 1029 2896 esset
1044 2832 1181 2899 articulo
1197 2854 1269 2900 con-

143 2935 297 3018 stitutus,
326 2955 346 3000 a
362 2934 503 3019 quodam
519 2933 660 3021 simplici
675 2935 835 3004 monacho
851 2935 982 3005 indutus
1001 2937 1061 3004 fuit
1076 2939 1190 3006 babitu
1205 2963 1269 3008 mo-

142 3043 284 3124 nachali,
301 3041 391 3108 etad
407 3041 639 3109 monasterium
655 3041 855 3128 deportatus.
880 3045 1008 3110 Deinde
1023 3046 1137 3130 paucis
1154 3045 1269 3114 diebus

142 3149 278 3234 elapsis,
295 3169 367 3214 oum
383 3149 449 3216 iam
461 3154 549 3215 esset
563 3150 596 3215 in
612 3149 774 3236 principio
792 3169 850 3216 sue
865 3153 1146 3237 convalescentie,
1172 3153 1269 3238 depo-

141 3257 211 3324 suit
225 3256 370 3324 babitum
385 3263 417 3322 et
434 3257 475 3323 de
491 3257 623 3324 licentia
640 3258 784 3324 eiusdem
800 3258 863 3325 loci
877 3258 1017 3327 Abbatis
1037 3260 1268 3328 monasterium

143 3365 319 3448 dereliquit
335 3386 343 3428 ε
371 3371 403 3430 ct
418 3365 553 3449 cupiens
578 3366 819 3451 progenitorum
835 3365 1023 3450 indigentiis
1048 3367 1231 3452 subvenire,
1247 3387 1269 3433 a

141 3471 238 3538 vobis
254 3471 445 3556 suppliciter
460 3471 656 3558 postulavit,
685 3477 721 3537 ut
735 3481 846 3557 posset
862 3473 946 3539 sicut
961 3473 1052 3558 prius
1070 3473 1104 3540 in
1119 3473 1268 3542 sacerdo-

141 3578 204 3644 tali
220 3577 327 3646 officio
353 3577 558 3662 ministrare,
582 3583 615 3642 et
630 3577 798 3645 vobiscum
820 3578 944 3663 pariter
960 3581 1156 3648 conversari.
1183 3578 1268 3658 Quid

141 3690 253 3751 autem
279 3704 377 3769 super
402 3684 465 3751 biis
489 3684 583 3751 vobis
607 3684 704 3751 fuerit
723 3684 908 3752 faciendum
919 3735 928 3769 ,
955 3688 1055 3753 Sacro
1080 3686 1268 3774 Apostolice

141 3793 240 3860 Sedis
256 3792 389 3860 oraculo
405 3792 569 3860 humiliter
585 3792 695 3878 petitis
711 3791 849 3860 edoceri.
867 3795 937 3860 Nos
953 3793 1052 3880 igitur
1071 3803 1179 3863 vestre
1196 3817 1268 3864 con-

141 3899 371 3984 ccusultationi
395 3899 505 3967 taliter
521 3899 671 3966 duximus
696 3899 968 3987 respondendum.
995 3900 1090 3980 Quod
1114 3905 1190 3972 licet
1204 3907 1268 3972 ista

141 4006 207 4074 duo
223 4007 308 4074 inter
324 4027 360 4074 se
383 4009 604 4094 repugnantia
620 4007 811 4092 rideantur,
838 4016 873 4075 ut
889 4009 1014 4075 scilicet
1038 4010 1209 4096 quisquam
1226 4015 1269 4080 sit

141 4118 238 4179 entra
253 4133 290 4180 se
305 4115 432 4202 positus
448 4123 481 4182 et
497 4115 538 4182 de
554 4115 699 4201 presenti
714 4117 782 4182 vita
792 4115 951 4202 desperet,
975 4117 1003 4182 si
1013 4122 1122 4182 tamen
1138 4137 1176 4185 eo
1192 4124 1267 4186 tem·

141 4240 232 4308 pore,
249 4243 314 4309 quo
329 4225 456 4310 positus
473 4229 567 4291 extra
582 4229 722 4292 mentem
739 4226 915 4309 asseritur,
932 4223 1064 4291 indutus
1080 4221 1140 4290 luit
1156 4224 1268 4291 habitu

141 4330 339 4416 monachali,
356 4351 429 4398 cum
445 4331 609 4398 alienatus
624 4353 689 4400 uon
705 4331 843 4416 sentiat,
871 4352 911 4398 ac
927 4351 985 4418 per
1001 4332 1063 4398 hoc
1078 4351 1143 4398 uon
1158 4331 1269 4398 valeat

142 4436 339 4522 consentire,
356 4438 743 4525 prefatumpresbiteram
764 4438 964 4506 denuncietis
980 4437 1023 4502 ab
1041 4437 1269 4505 observatione

141 4525 317 4612 monastici
333 4543 456 4612 ordinis
473 4546 667 4629 absolutum,
683 4545 748 4610 nisi
762 4550 937 4630 postquam
952 4543 1068 4610 mentis
1087 4561 1145 4608 sue
1160 4542 1267 4611 factus

140 4658 192 4718 est
209 4669 342 4743 compos
352 4701 363 4738 ,
388 4649 557 4723 voluntate
573 4655 756 4742 spontanea
774 4649 1009 4740 professionem
1032 4648 1145 4722 fecerit
1160 4667 1268 4722 mona·
