3202 5190
605 333 760 436 -e-es-

117 529 276 614 ipsorum,
294 537 326 596 et
342 548 401 614 per
416 547 488 596 eum
504 528 599 596 exori
612 527 776 613 eiusdem,
802 547 913 598 eorum
929 533 1042 618 sorori,
1067 554 1169 602 causa
1185 557 1249 606 mu·

115 647 172 706 tue
184 639 387 723 dileccionis,
404 644 517 724 vtpote
526 640 642 724 Durug
656 640 803 724 ipsorum
819 645 913 725 pater
927 643 1092 727 predictus
1103 651 1249 731 tempore

118 751 307 814 contractus
333 745 530 830 matrimonii
557 763 616 812 sue
640 745 706 811 filie
722 745 830 830 Gyule
846 765 906 816 suo
930 767 1071 835 sponso,
1097 759 1133 818 rt
1148 751 1248 835 ijdem

114 854 286 940 dixerunt,
314 852 496 921 tradiderat
515 853 590 938 jure
606 858 763 938 perpetuo
779 853 1014 940 possidendam
1024 908 1033 942 ,
1061 859 1157 924 modo
1174 877 1247 928 curu

116 962 220 1030 simili
243 962 343 1030 iidem
358 961 536 1028 Ladizluus
561 967 594 1026 et
608 961 772 1046 diarchus,
796 982 929 1030 suorum
953 983 1033 1032 voce
1056 969 1088 1030 et
1112 963 1247 1034 danum

116 1088 250 1138 suorum
266 1069 498 1154 predictorum,
514 1068 620 1136 eidem
637 1067 745 1150 Gyule
760 1066 928 1154 dederunt,
952 1068 1175 1154 tradiderunt,
1191 1072 1245 1140 do·

112 1183 277 1242 narrarunt
293 1175 557 1244 inreuocabiliter
573 1181 606 1242 et
621 1173 756 1259 pacifice
773 1174 1016 1260 possidendam.
1033 1176 1071 1242 In
1088 1177 1179 1244 cuius
1195 1179 1243 1246 rei

115 1283 338 1350 testimonium
368 1291 623 1368 perpetuamque
648 1280 833 1347 firmitatem
861 1283 989 1350 litteras
1019 1282 1245 1368 priuilegiales

113 1389 219 1456 nostri
233 1389 336 1473 sigilli
352 1389 528 1456 munimine
544 1393 712 1474 presentes
730 1387 881 1456 duximus
898 1389 1099 1456 muniendus.
1124 1390 1245 1458 Datum

113 1497 158 1564 ab
182 1497 416 1564 lucarnacione
431 1496 563 1562 Domini
587 1515 674 1562 auno
700 1494 874 1562 millesimo
903 1495 1124 1564 ducentesimo
1145 1517 1242 1565 nono.

163 1695 303 1760 (Kamarai
316 1692 473 1746 hitalesitett
486 1691 568 1746 &tirat
581 1709 597 1744 a
610 1691 681 1744 melt.
695 1707 735 1758 gr.
749 1689 861 1758 Karolyi
874 1689 967 1743 csaltd
980 1690 1186 1760 revertentem.)

551 1979 805 1992 ffl

645 2475 722 2542 alo.

116 2677 147 2740 T
143 2678 233 2740 amus
247 2676 371 2761 cyitrat‘
378 2672 515 2759 sdispdn
531 2676 562 2737 ds
578 2697 599 2736 a
619 2673 824 2758 discipulari
840 2673 998 2742 ktkuldmt
1013 2677 1085 2742 otro
1099 2677 1182 2763 sidet,
1203 2701 1243 2746 aa

112 2783 295 2869 eszterpomi
319 2781 475 2867 Mptalua
501 2784 533 2846 o'a
549 2803 571 2844 a
591 2780 713 2847 Garum
738 2781 868 2848 mediettr'
882 2783 1128 2850 sams-esnaeistae·
1151 2790 1242 2874 apst-

157 2896 216 2976 πάρ
231 2891 316 2955 kasta·
326 2888 456 2956 Beselal
473 2888 625 2975 dclpadqct
642 2892 794 2975 tdrppoad
802 2913 865 2976 per
881 2889 1079 2956 eliotdztets'lr.
1096 2893 1194 2956 1209.

219 3085 258 3152 In
282 3085 412 3152 nomine
428 3085 547 3150 Sancte
572 3083 742 3149 Trinitatis
758 3090 790 3148 et
814 3082 985 3150 Indiuidua
1001 3083 1153 3150 Vnitatis.
1181 3085 1240 3152 Re-

111 3201 235 3280 gnante
260 3191 495 3278 gloriosissimo
511 3191 645 3258 Andrea
661 3190 750 3273 Rege
765 3189 993 3276 Hungarorum
1002 3243 1012 3276 ,
1036 3191 1163 3259 Thomu
1178 3191 1237 3257 Oo-

112 3303 189 3370 mite
205 3300 362 3367 Nitriensi
378 3300 556 3382 existente,
582 3297 732 3364 discussa
748 3302 799 3362 est
815 3297 979 3364 eontentio
998 3295 1082 3362 inter
1096 3295 1237 3385 populos

110 3407 343 3494 strigoniensis
353 3405 499 3474 Ecclesie
514 3425 555 3472 ex
571 3424 635 3470 nna
650 3409 756 3490 parte,
773 3412 805 3470 et
822 3403 959 3489 populos
972 3403 1117 3470 Ecclesie
1127 3403 1239 3472 Sancti

112 3513 282 3584 Benedicti
298 3515 339 3582 de
355 3515 447 3582 iuxta
463 3515 553 3581 Gron
568 3533 610 3580 ex
627 3512 749 3596 altera,
775 3531 872 3598 super
888 3512 1029 3596 quadam
1044 3517 1132 3579 terra
1149 3509 1237 3598 ville,

112 3645 176 3712 qne
200 3623 318 3694 dieitur
333 3622 484 3706 Susolul,
511 3622 545 3688 in
567 3619 738 3706 presencia
763 3619 882 3705 prefati
899 3617 1035 3687 Comitis
1051 3619 1178 3688 Judieis
1205 3619 1238 3685 in

112 3735 173 3802 hae
189 3752 292 3800 cansa
315 3730 459 3816 delegati
474 3751 495 3796 a
510 3731 618 3814 Rege;
644 3729 678 3794 in
694 3748 759 3812 qua
775 3727 978 3794 discussione
999 3727 1174 3795 terminata
1190 3733 1240 3794 est

111 3879 155 3890 -
172 3877 217 3890 —-
230 3877 275 3890 -
291 3876 334 3887 -
350 3838 569 3928 predictorum
588 3836 699 3902 Sancti
715 3833 882 3902 Benedicti
903 3836 1110 3924 populorum,
1127 3833 1239 3902 adver·

112 3951 212 4034 uariis
228 3967 341 4015 eorum
366 3945 619 4028 remanentibus,
636 3941 858 4024 iudiciumque
877 3942 1089 4028 soluentibus‚
1107 3941 1247 4021 Basuna

112 4059 178 4127 filio
195 4055 346 4126 diochwd
368 4056 529 4122 existente
545 4051 715 4140 pristaldo.
740 4051 844 4118 Terra
860 4035 1010 4118 vero'illa
1031 4055 1239 4134 separatura

111 4166 269 4254 predictis
293 4147 527 4252 strigoniensis
543 4161 690 4230 Ecclesia
713 4159 846 4246 populis
869 4177 928 4244 per
953 4174 1072 4240 aquam
1088 4151 1180 4222 Gran
1196 4155 1238 4225 ab

111 4294 177 4344 uua
201 4281 296 4358 parte
321 4271 483 4356 usquead
509 4269 648 4336 riuulum
666 4267 790 4354 Tepla,
817 4285 838 4330 a
861 4261 1022 4348 superiori
1045 4279 1123 4328 vero
1145 4265 1239 4348 parte

110 4381 282 4470 usquead
307 4380 460 4468 fluuium,
487 4380 543 4464 qui
566 4382 700 4445 vocatur
725 4373 916 4443 Lodomera.
945 4368 1068 4438 Eodem
1092 4374 1238 4454 tempore

112 4495 226 4558 contra
239 4489 372 4558 eosdem
388 4487 501 4558 Sancti
516 4485 684 4555 Benedicti
708 4481 848 4570 populos
864 4486 898 4546 et
916 4497 1027 4546 coram
1050 4473 1166 4546 eodem
1183 4467 1238 4544 Ju-

113 4597 186 4666 diee
202 4605 429 4666 remanserunt
449 4597 657 4682 Jobagyones
673 4591 770 4658 castri
786 4589 827 4656 de
843 4588 925 4654 Bars
942 4601 1040 4672 super
1056 4589 1145 4650 terra
1160 4578 1238 4650 ville

1017 4702 1076 4762 22⁸
