3202 5190
840 303 997 408 Q

355 526 424 575 rem
441 503 579 572 uestium
596 509 748 572 ornatum
764 501 911 584 excedat,
938 507 971 566 et
986 499 1125 566 amictus
1143 494 1283 563 exterior
1298 493 1485 560 interiorem

356 613 475 680 mentis
491 612 651 696 habitum,
667 631 733 678 non
744 608 944 694 imaginaria
959 613 1087 674 tantum
1096 602 1313 686 simulatione,
1331 600 1389 666 sed
1404 619 1488 666 vera

356 722 467 808 potins
483 718 705 806 expressione,
722 707 848 802 figuret.

467 827 506 893 ln
523 847 551 894 c.
567 847 609 893 m.
628 825 714 892 Save
729 821 976 891 Prostblavensi
995 819 1259 906 Arobiepiscopo.

503 1021 607 1089 (lligne
620 1037 647 1074 u.
658 1039 682 1074 o.
695 1024 732 1074 11.
747 1023 803 1074 luc
818 1023 879 1074 Μ.
894 1021 924 1084 1.;
944 1021 1062 1072 Theinsr
1074 1033 1100 1068 ιι.
1111 1034 1135 1068 ο.
1148 1018 1171 1068 1.
1183 1016 1239 1068 kbt.
1254 1016 1295 1066 30.
1309 1013 1339 1078 l.)

786 1305 1049 1318 -α--ι--ι-

885 1742 961 1812 lte.

411 1925 559 1990 Basilina
574 1927 715 1991 temooae'
732 1923 876 1989 &semele
893 1923 995 2008 eelatje
1011 1945 1031 1984 a
1049 1922 1150 1987 rdruue'
1164 1921 1305 1987 eackoek.
1327 1922 1426 1989 1204.

445 2097 517 2188 Ego
602 2101 874 2190 Archiepiscopns
889 2099 1133 2186 Trinovitanus,
1151 2099 1279 2166 Primae
1294 2101 1394 2166 totius
1407 2095 1487 2164 Bul-

356 2208 470 2292 gariae
485 2209 669 2294 etBlaciae,
687 2210 731 2276 ab
747 2212 810 2278 bac
826 2208 907 2276 bora
923 2208 957 2274 in
973 2213 1070 2276 antea
1081 2228 1136 2275 ero
1153 2207 1258 2274 fidelis
1275 2214 1309 2273 et
1324 2207 1486 2276 obediens

355 2315 457 2383 Beato
473 2317 580 2402 Petro,
596 2319 802 2401 Senecasque
817 2317 987 2384 Romanae
1003 2321 1036 2382 et
1050 2315 1260 2401 Apostolicae
1275 2315 1363 2400 Sedi,
1380 2321 1413 2380 et
1428 2313 1485 2382 do

356 2422 443 2490 mmo
468 2441 539 2490 meo
555 2423 745 2490 Innocentio
771 2424 908 2508 ejusque
928 2420 1106 2490 Catholicis
1131 2420 1383 2488 successoribus.
1406 2420 1486 2486 Nou

356 2550 410 2596 ero
426 2531 460 2596 in
476 2529 573 2616 lacto,
591 2529 643 2596 vel
659 2531 816 2616 consilio,
834 2531 888 2596 vel
905 2549 1074 2614 consensu,
1101 2536 1137 2596 ut
1152 2529 1292 2616 perdant
1306 2529 1408 2595 utam
1423 2535 1486 2594 aut

356 2636 544 2721 membrum,
560 2639 614 2706 vel
629 2639 801 2723 capientur
812 2645 869 2704 aut
884 2637 1074 2724 spolientur.
1095 2637 1284 2720 Consilium,
1304 2636 1391 2721 quod
1402 2634 1484 2701 mibi

355 2742 561 2830 crediderint,
578 2746 622 2813 ad
636 2765 748 2812 eorum
765 2745 938 2828 damnum,
966 2763 1017 2810 me
1032 2744 1164 2828 sciente,
1181 2743 1302 2810 nemini
1323 2741 1482 2829 pandam.

354 2851 475 2918 Eorum
490 2857 611 2918 certum
635 2853 756 2919 malum
773 2853 802 2920 si
817 2854 962 2936 scivero,
989 2851 1147 2938 impedire
1165 2850 1309 2919 studebo.
1337 2849 1433 2926 Quod
1452 2849 1483 2916 si

354 2979 420 3027 non
434 2965 547 3046 potero
572 2959 730 3044 impedire
739 3009 749 3044 ,
773 2959 832 3044 cis,
849 2979 947 3043 quam
964 2957 1027 3026 cito
1044 2964 1168 3044 potero,
1184 2957 1333 3024 intimare
1345 2957 1481 3025 curabo.

353 3067 515 3154 Papatnm
530 3068 709 3134 Romanum
720 3117 729 3151 ,
755 3067 906 3152 honores,
934 3066 1111 3151 dignitates
1133 3074 1164 3134 et
1180 3067 1323 3134 rationes
1342 3065 1482 3152 Aposto

353 3174 438 3240 lioae
460 3173 554 3240 Sedis
579 3172 752 3260 defendam
778 3193 837 3258 pro
853 3193 971 3260 posse,
999 3174 1091 3240 salvo
1118 3173 1230 3240 ordine
1256 3193 1337 3255 meo,
1364 3178 1482 3240 contra

354 3299 482 3348 omnem
498 3281 669 3348 viventem.
697 3282 840 3348 Vocatus
857 3281 901 3347 ad
917 3280 1079 3366 synodum
1096 3281 1234 3365 veniam,
1260 3281 1324 3347 nisi
1340 3300 1481 3367 praepe-

353 3387 475 3456 ditione
500 3391 659 3457 cauonica
682 3389 797 3455 inerim
815 3389 1000 3476 impeditus.
1026 3389 1257 3474 Apostolorum
1276 3388 1388 3455 limina
1414 3387 1480 3454 siu·

352 3494 438 3578 gulis
462 3495 685 3578 quadrienniis
710 3515 768 3580 per
785 3516 835 3562 me
860 3496 913 3562 vel
936 3515 996 3582 per
1021 3515 1128 3562 meum
1154 3497 1300 3562 nuntium
1323 3495 1480 3580 visitabo,

352 3601 416 3667 nisi
427 3602 853 3670 eorumabsolvatlicentia.
872 3605 1032 3688 Legatum
1042 3599 1253 3688 Apostolicae
1260 3604 1363 3687 Sedis,
1380 3623 1479 3688 quem

351 3723 412 3792 pro
427 3714 514 3774 certo
530 3707 654 3774 scivero
680 3727 753 3779 esse
769 3709 932 3794 legatum,
959 3711 1076 3778 devote
1093 3709 1283 3796 suscipiam,
1311 3716 1343 3775 et
1357 3711 1390 3776 in
1407 3711 1479 3778 suis

351 3812 601 3881 necessitatibus
617 3814 791 3900 adjuvabo.
809 3815 890 3881 Cum
906 3816 1083 3899 quemlibet
1103 3815 1144 3883 de
1160 3818 1242 3883 meis
1259 3817 1479 3902 suffraganeis

350 3939 594 4004 consecravero,
610 3920 730 3989 faciam
747 3922 795 3988 illi
805 3923 929 4007 jurare,
946 3930 980 3990 ut
995 3925 1141 3991 Romano
1155 3924 1303 3992 Pontifici
1319 3931 1351 3991 et
1366 3925 1478 3992 Eccle-

350 4029 421 4097 siae
444 4029 612 4096 Romanae
639 4035 830 4115 perpetuam
856 4030 1076 4097 obedientiam
1101 4037 1133 4097 et
1149 4031 1294 4099 debitum
1319 4013 1476 4100 honorem

350 4135 527 4222 impendat.
555 4134 728 4203 Caeterum
755 4157 827 4202 cum
844 4139 985 4222 aliquem
1001 4157 1200 4205 coronavero
1215 4141 1250 4206 in
1264 4141 1386 4226 Regem
1401 4140 1477 4206 Bul·

351 4261 503 4330 garorum
519 4249 552 4308 et
567 4242 750 4329 Blaccrum,
771 4247 868 4330 juxta
882 4245 1119 4330 indulgentiam
1138 4246 1217 4312 milri
1233 4255 1265 4314 et
1280 4248 1475 4315 successori·

329 4345 333 4355 ’
348 4353 411 4420 bns
426 4351 507 4416 meis
526 4353 569 4418 ab
583 4350 776 4438 Apostolica
790 4355 874 4420 Sede
890 4373 1089 4438 concessam,
1106 4354 1149 4421 ab
1165 4373 1204 4421 eo
1213 4357 1411 4440 juratoriam
1426 4375 1474 4422 re·

347 4458 467 4544 cipiam
492 4459 687 4544 cautionem,
712 4460 799 4544 quod
814 4460 854 4544 ei,
882 4461 937 4545 qai
961 4469 1036 4528 tanc
1050 4460 1260 4548 Apostolicae
1276 4463 1354 4529 Sodi
1380 4481 1473 4550 prac-

347 4563 444 4633 inerit
453 4615 462 4650 ,
490 4565 735 4635 successoribus
751 4567 842 4654 ejus,
869 4575 902 4634 et
916 4567 1086 4636 Ecclesiae
1100 4570 1268 4638 Romanae
1288 4570 1426 4639 devotus
1442 4577 1473 4637 et
