3200 5182
877 303 1031 406 nm-

498 505 645 586 Designa
655 501 782 567 iuratus
799 497 891 584 dixit,
909 519 945 564 se
959 497 1134 580 audivisse,
1154 497 1200 562 ita
1211 517 1323 563 verum
1333 517 1417 581 esse,
1433 501 1511 564 sicut

389 610 602 696 suprascripti
618 609 764 693 Designa
780 616 812 675 et
827 608 1012 693 Stephanus
1029 605 1190 672 dixerunt.

496 716 647 785 Julianus
658 717 788 802 juratus
804 715 886 781 dixit
901 713 1015 780 eodem
1031 710 1137 798 modo,
1159 711 1246 794 quod
1263 713 1319 778 alli
1335 710 1509 798 supradicti

389 822 559 910 dixerunt3
586 830 721 909 excepto
737 821 778 888 de
794 821 890 887 vinea
906 829 939 887 et
961 829 1049 887 terra
1065 819 1279 904 suprascripti
1293 820 1456 902 Andreae,
1473 821 1510 885 de

388 951 453 1015 qua
468 931 547 998 nihil
563 928 656 997 dixit.

495 1037 597 1104 Ursus
608 1038 737 1121 juratus
754 1035 848 1122 dixit,
866 1038 949 1103 sicut
964 1036 1021 1101 alii
1039 1035 1250 1122 suprascripti
1270 1034 1432 1101 dixerunt.

472 1225 474 1228 Ι
494 1146 545 1210 De
560 1143 677 1212 salinis
693 1143 808 1230 positis
823 1145 857 1210 in
874 1145 981 1232 capite
997 1142 1206 1230 Gomorcarii,
1226 1143 1441 1229 suprascripti
1456 1143 1508 1208 Ur·

386 1270 451 1338 sus,
469 1251 626 1336 Designa,
644 1251 830 1339 Stephanus
855 1261 952 1334 atque
968 1251 1119 1318 Julianus
1135 1251 1295 1334 dixerunt,
1316 1251 1406 1334 quod
1421 1259 1509 1315 erant

386 1357 553 1425 Ecclesiae
578 1360 720 1426 Sanctae
735 1360 868 1443 Mariae,
886 1360 964 1443 quia
980 1359 1161 1447 Episcopus
1177 1357 1325 1424 Andreas
1351 1377 1411 1424 eas
1427 1357 1508 1440 lecit,

385 1472 418 1531 et
436 1465 606 1532 Ecclesiae
621 1463 753 1531 dimisit.
772 1465 812 1530 Et
829 1465 990 1548 dixerunt,
1008 1464 1228 1530 molendinum
1252 1464 1395 1550 positum
1411 1481 1507 1547 prope

385 1573 616 1639 monasterinm
642 1573 754 1638 Sancti
769 1571 867 1657 Petri,
894 1591 967 1638 curn
990 1573 1092 1638 tribus
1117 1573 1213 1637 terris
1238 1569 1359 1636 ibidem
1384 1569 1505 1656 positis,

383 1701 456 1746 cum
468 1685 554 1746 terra
580 1699 645 1746 una
660 1679 769 1766 posita
796 1679 829 1744 in
846 1681 981 1745 Murano
1007 1697 1109 1765 prope
1130 1687 1234 1744 terras
1257 1677 1370 1742 Duimi
1394 1678 1507 1758 Brane,

384 1808 457 1855 esse
482 1787 699 1874 suprascripti
714 1787 953 1873 Episcopatus,
978 1785 1123 1853 dicentes
1140 1791 1307 1872 praeterea
1329 1787 1505 1870 praenomi-

381 1897 451 1962 nati
465 1897 600 1982 Ursus,
627 1895 776 1978 Designa
802 1900 835 1960 et
856 1895 1060 1981 Stephanus,
1089 1893 1176 1976 qnod
1202 1893 1345 1960 torcular
1369 1893 1505 1978 positum

382 2022 483 2090 prope
508 2001 637 2068 domum
663 2001 789 2068 Perdae
805 1999 936 2068 (latroni
962 2009 1033 2068 erat
1053 2002 1220 2067 Ecclesiae
1245 2001 1503 2087 suprascriptae;

381 2109 506 2176 addens
519 2108 607 2176 idem
616 2109 898 2195 Archipresbyter,
915 2110 1084 2176 sevidisse
1100 2129 1199 2174 unum
1215 2115 1248 2174 et
1264 2108 1366 2174 alium
1377 2109 1503 2194 Episco-

379 2237 457 2302 pum
473 2217 514 2282 de
530 2238 569 2284 eo
586 2218 709 2284 reditus
726 2218 888 2284 hahuisse.
905 2219 986 2282 Item
1002 2215 1244 2304 suprascriptus
1259 2216 1446 2300 Stephanus
1461 2215 1500 2280 di·

379 2323 437 2408 xit,
454 2323 540 2407 quod
552 2344 662 2390 omnes
673 2325 790 2392 vineae
804 2323 845 2390 de
861 2333 976 2408 quarto
992 2327 1068 2392 aEO
1079 2322 1194 2391 modiis
1205 2325 1357 2408 superius
1366 2323 1502 2389 debeam

379 2429 459 2496 dare
483 2451 581 2497 unum
607 2431 750 2499 modium
766 2433 940 2518 Episcopo.
967 2434 1048 2498 ltem
1070 2433 1218 2514 Designa
1233 2431 1501 2514 Archipreshyter

379 2537 470 2620 dixit,
486 2556 522 2602 se
538 2538 660 2605 vidisse
677 2539 833 2606 habentes
850 2539 964 2606 uineas
981 2539 1022 2606 de
1038 2545 1152 2623 quarto
1163 2577 1166 2582 ·
1178 2537 1258 2604 dare
1283 2557 1384 2603 unum
1402 2547 1500 2604 utrem

376 2645 443 2712 vini
461 2646 623 2734 Episcopo
639 2647 808 2715 Andreae.'

382 2751 387 2758 '
484 2757 567 2822 Acta
582 2765 657 2824 sunt
672 2760 755 2824 haec
779 2779 887 2824 coram
905 2759 956 2825 his
976 2757 1136 2844 appositis
1160 2756 1308 2842 testibus,
1337 2755 1500 2840 Stephano

375 2861 612 2932 Archidiacono
629 2871 688 2931 etc.

619 3065 742 3129 (Farlati,
755 3065 891 3129 Illyricum
906 3067 1016 3116 Sacrum
1030 3065 1062 3115 V.
1077 3065 1131 3114 ker.
1145 3065 1206 3112 2l0.
1218 3064 1247 3129 l.)

802 3347 1060 3360 -ψι-

898 3779 975 3853 300.

366 3953 505 4026 Kddrnda
520 3959 668 4047 paliczr'ur'
682 3953 788 4049 lcirdly
804 3965 835 4028 da
851 3963 1021 4030 uictimarios·
1043 3966 1168 4050 herczep
1182 3957 1335 4028 condolete
1351 3987 1372 4027 α
1386 3961 1493 4050 εραῖα·

772 4071 818 4134 toi
831 4070 972 4156 qrdslroa.
990 4074 1086 4136 1229.

470 4260 697 4351 C(010mauus)
714 4261 776 4326 Dei
801 4263 914 4346 gracia
931 4265 1004 4328 Dux
1020 4261 1175 4330 Crohatie
1198 4270 1230 4329 et
1245 4265 1413 4332 Dalmatia
1435 4267 1492 4335 Co·

361 4369 431 4436 miti
447 4371 626 4456 Spalatino,
652 4389 791 4436 necnon
809 4376 841 4436 et
857 4371 1005 4438 omnibus
1021 4373 1153 4458 populis
1169 4373 1314 4440 eiusdem
1335 4373 1492 4441 Ciuitatis

360 4479 499 4544 salutem
516 4485 547 4545 st
564 4479 719 4562 graciam.
747 4478 912 4546 Fidelitati
930 4486 1046 4564 vestre,
1073 4500 1138 4563 qua
1152 4479 1254 4562 Regis
1269 4482 1426 4546 tenemini
1443 4482 1489 4546 di·

360 4585 487 4669 gnitati,
513 4589 645 4652 firmiter
661 4587 875 4671 precipientes
892 4587 1097 4674 mundamus,
1116 4594 1156 4682 ut
1172 4607 1243 4652 cum
1260 4587 1412 4652 omuibus
1433 4608 1490 4652 na-
