3268 5194
907 339 929 401 4

839 427 991 437 ι--α--ιι

353 535 513 602 theloneis
529 543 561 602 et
576 541 685 619 ponte,
710 553 795 616 quae
811 534 854 598 ab
870 533 1131 600 antecessoribus
1151 535 1271 601 nostris
1287 535 1342 602 illo
1358 535 1482 603 tradita

352 641 500 726 inerunt,
526 649 559 707 et
574 657 615 704 ax
630 647 725 726 parte
740 649 851 707 nostra
867 639 1017 704 addimus
1039 640 1169 705 tertiam
1186 649 1311 724 partem
1326 643 1480 727 civitatis,

352 768 415 832 que
430 748 613 832 proprietas
629 745 807 814 Garantani
821 746 894 830 fuit,
917 745 1028 828 illique
1044 745 1255 812 diiudicatum
1271 757 1331 832 est,
1347 769 1386 815 co
1402 751 1480 832 qnia

352 874 427 921 rens
443 855 636 938 magestatis
647 863 779 922 nostrae
794 854 983 919 criminatus
995 859 1046 918 cst
1061 860 1228 938 constare;
1246 857 1392 941 exceptis
1407 857 1481 922 sub·

352 963 474 1030 notatis
489 962 605 1045 rebus,
632 981 713 1044 quas
729 961 822 1027 uxori
837 959 926 1026 illius
950 967 1083 1045 propter
1098 959 1192 1027 fidele
1217 961 1383 1028 servitium
1407 983 1480 1029 con·

353 1055 521 1135 c'essimus.
548 1069 586 1134 Id
601 1077 652 1135 est
667 1071 700 1135 in
717 1068 876 1153 superiori
901 1067 1034 1134 civitate
1049 1069 1083 1133 in
1099 1067 1271 1152 origentali
1287 1077 1380 1154 parte
1404 1070 1480 1134 civi-

353 1178 431 1243 tatis
445 1177 550 1261 ipsius
576 1176 724 1243 curtilem
749 1175 874 1259 locum,
900 1175 956 1241 nbi
971 1195 1057 1243 nova
1078 1175 1238 1242 eccclesia
1262 1177 1392 1262 incepta
1417 1181 1478 1258 est,

354 1291 452 1367 atque
468 1282 502 1348 in
517 1282 662 1351 inferiori
687 1281 819 1349 ciuitate
834 1283 868 1348 in
884 1281 1078 1349 occidentali
1093 1290 1187 1368 parte
1206 1283 1350 1350 ciuitatis
1365 1284 1479 1369 ipsius,

354 1393 413 1458 illa
429 1392 557 1459 curtilia
571 1393 645 1460 loca
654 1441 663 1476 ,
691 1411 775 1476 quae
789 1391 823 1456 in
838 1395 1001 1476 potestate
1018 1397 1094 1457 tune
1108 1391 1231 1475 habuit,
1255 1412 1328 1459 cum
1342 1391 1437 1460 bobis
1453 1387 1479 1455 O

355 1506 388 1566 et
402 1499 507 1566 vineis
523 1499 554 1565 X
570 1501 603 1565 in
618 1497 838 1566 Zistancsfeld
847 1547 856 1580 ,
882 1498 938 1564 nbi
953 1517 1118 1581 nunqnam
1142 1505 1367 1567 antecessores
1380 1499 1483 1566 nostri

354 1608 453 1674 alicui
469 1607 643 1692 quicquam
659 1605 816 1672 dederunt
825 1655 834 1688 ,
861 1613 995 1690 propter
1010 1605 1105 1672 fidele
1121 1607 1290 1674 seruitium
1305 1607 1483 1693 praenomi-

354 1716 424 1780 nati
439 1713 687 1800 Arcbiepiscopi
703 1712 872 1779 tribuimus
889 1712 932 1778 ad
948 1711 1131 1798 praelatum
1140 1713 1382 1798 monasterium,
1400 1715 1484 1780 sicut

354 1841 499 1915 acervos,
517 1821 581 1889 duo
596 1839 699 1907 prope
715 1822 859 1886 Travum
875 1819 974 1905 positi
989 1827 1073 1906 sunt,
1091 1839 1132 1885 ex
1142 1821 1328 1888 summitate
1342 1822 1482 1906 termini,

354 1930 410 2012 qui
425 1917 594 2014 Wa'greini
612 1928 747 2014 dicitnr;
777 1935 810 1992 et
825 1927 873 1993 ita
888 1927 972 1994 sicut
987 1927 1042 1994 ille
1058 1927 1227 2012 Wagreini
1252 1927 1356 1995 tendit
1379 1949 1483 2014 nsque

355 2036 398 2101 ad
413 2037 587 2121 Trevvina,
612 2036 682 2100 fluit
706 2036 741 2102 iu
756 2054 885 2101 amnem
899 2035 1051 2102 Trarum.
1078 2035 1129 2102 Ad
1146 2035 1291 2120 Sulpam,
1315 2035 1483 2102 civitatem

354 2145 437 2228 Zuip
452 2150 613 2228 vocatam,
635 2162 709 2209 cum
722 2143 871 2210 omnibus
884 2144 972 2228 juste
988 2142 1031 2208 ad
1053 2141 1191 2209 eandem
1206 2141 1371 2208 civitatem
1386 2142 1482 2226 perti-

354 2250 506 2316 nentibus
522 2269 594 2318 cum
604 2251 765 2337 querentis
782 2258 814 2318 et
830 2253 965 2336 campis,
983 2251 1067 2317 sicut
1078 2251 1136 2316 illa
1151 2249 1252 2333 fossa,
1270 2269 1354 2332 quae
1369 2249 1483 2335 incipit

355 2358 396 2422 de
412 2357 535 2443 bluora,
560 2368 594 2427 et
609 2358 714 2426 tendit
728 2379 831 2443 usqne
847 2358 890 2424 ad
907 2358 1134 2442 Luonznizam,
1151 2365 1184 2425 et
1199 2365 1234 2425 ut
1250 2357 1433 2423 Luonzniza
1450 2363 1483 2422 et

353 2465 455 2550 Sulpa
472 2464 512 2531 de
528 2465 658 2551 alpibus
674 2466 786 2550 fluunt,
813 2465 966 2550 quicquid
982 2467 1065 2532 inter
1079 2466 1140 2531 has
1156 2464 1239 2531 duas
1256 2483 1369 2561 amnes
1386 2464 1482 2530 babe-

355 2591 436 2656 mus,
454 2578 556 2640 totum
572 2573 616 2639 ad
631 2573 832 2659 praedictum
858 2575 1089 2640 monasterium
1105 2571 1330 2658 concedimus,
1355 2579 1386 2638 et
1401 2571 1481 2638 lore·

354 2686 438 2744 stum
458 2680 552 2747 Suscl
563 2699 636 2745 cum
652 2699 760 2764 panno
771 2677 847 2767 (ub)
863 2681 897 2746 in
916 2687 1080 2765 potestate
1099 2687 1342 2749 antecessorum
1357 2687 1479 2746 nosno-

353 2805 422 2850 rum
436 2785 498 2853 luit
513 2795 545 2853 et
560 2793 681 2869 nostra,
699 2787 968 2870 venationemque
984 2789 1017 2853 in
1034 2788 1136 2853 dulcis
1146 2787 1296 2871 vallibus,
1313 2805 1410 2872 quam
1427 2807 1481 2871 po-

353 2892 450 2975 pulus
475 2912 548 2959 oum
565 2894 777 2958 sacramentis
793 2894 827 2958 in
845 2902 990 2960 nostram
1007 2902 1203 2979 potestatem
1227 2894 1422 2977 affirmauit,
1449 2891 1482 2958 id

353 3006 403 3064 est
419 2999 622 3084 epdomadas
639 2999 688 3064 111
698 3006 774 3066 anta
784 3001 1022 3084 aequinoctium
1042 3001 1282 3088 auctumpnalo,
1300 3021 1340 3066 ac
1364 3006 1481 3084 postea

353 3124 455 3189 usque
471 3108 505 3172 in
520 3107 665 3174 natalem
689 3107 801 3174 Sancti
817 3109 948 3175 Martini
963 3107 1006 3174 ad
1021 3107 1190 3174 venandos
1214 3127 1308 3174 ursos
1324 3114 1357 3174 ct
1372 3126 1479 3191 apres.

352 3211 403 3276 Ad
417 3213 617 3280 Lumnicban
629 3213 726 3296 juxta
742 3213 870 3300 Rapam
879 3266 888 3300 ,
913 3215 1066 3298 quicquid
1082 3215 1128 3280 ibi
1144 3217 1324 3282 babuimus.
1354 3215 1407 3280 Ad
1420 3214 1481 3280 Ne·

349 3318 528 3404 zelinpach.
556 3320 608 3386 Ad
623 3322 796 3388 Sabnizam
813 3322 1007 3388 aecclesiam
1024 3331 1056 3388 et
1075 3331 1195 3389 curtem
1211 3344 1284 3390 cum
1300 3322 1424 3388 mansis
1441 3323 1479 3387 L.

349 3427 431 3490 Itcm
445 3425 490 3490 ad
504 3427 641 3511 Rapam.
660 3428 712 3494 Ad
727 3428 911 3514 Tudlcipin.
930 3429 981 3494 Ad
994 3429 1176 3495 Labantam
1192 3431 1386 3496 aecclesiam
1402 3433 1479 3497 San-

350 3531 394 3596 cti
410 3529 580 3614 Andreae,
608 3534 654 3599 nti
670 3541 894 3601 antecessores
911 3537 1013 3604 nostri
1028 3536 1071 3602 ad
1091 3538 1161 3622 jam
1181 3537 1302 3604 dictum
1319 3547 1478 3604 monaste·

350 3637 432 3699 riunr
449 3635 676 3723 firmauerunt,
703 3661 776 3707 cum
792 3642 938 3727 decima,
963 3650 998 3709 ut
1013 3644 1058 3709 ibi
1075 3644 1274 3711 consuetudo
1290 3653 1350 3714 est.
1383 3647 1425 3712 Et
1440 3645 1482 3711 de

349 3742 491 3807 curtibus
508 3745 628 3812 nostris
653 3745 811 3814 adicimus
827 3749 997 3836 decimam,
1022 3761 1056 3818 nt
1071 3753 1106 3816 in
1119 3753 1229 3819 Sacris
1245 3752 1410 3819 codicibus
1427 3754 1481 3819 ba·

350 3848 442 3915 betur
455 3874 462 3933 ;
477 3869 537 3916 nec
552 3871 617 3917 non
629 3861 661 3918 et
670 3856 911 3939 saginatiorem
926 3860 960 3924 in
972 3861 1060 3925 omni
1070 3859 1219 3927 Labanta
1229 3859 1326 3944 valle,
1343 3868 1480 3945 excepto

348 3963 456 4022 monte
483 3957 584 4025 forest
601 3963 786 4047 nominato,
813 3973 946 4050 propter
962 3967 1169 4034 venationem
1193 3973 1349 4034 nostram.
1375 3967 1479 4051 Ligna

346 4085 474 4148 qnoque
484 4067 627 4134 secanda
639 4070 684 4136 ad
701 4070 904 4157 aecclesiam,
922 4081 955 4139 et
970 4073 1013 4138 ad
1030 4074 1119 4140 aliud
1135 4073 1304 4142 seruitium
1314 4074 1481 4158 Episcopi,

345 4173 464 4238 tamin
486 4174 560 4258 ipso
578 4185 696 4262 monte,
722 4198 820 4262 quam
836 4180 871 4244 in
886 4179 961 4246 aliis
978 4182 1128 4247 omnibus
1148 4182 1311 4248 montibus
1335 4180 1481 4246 concedi·

345 4299 428 4363 mus,
447 4289 480 4346 et
496 4301 594 4348 unam
610 4283 735 4352 fossam
751 4285 875 4350 ruderis
891 4288 925 4352 in
942 4295 1052 4354 monte
1069 4290 1259 4354 Gamanara
1275 4307 1405 4373 semper
1421 4307 1481 4373 per

343 4391 446 4452 totum
462 4408 582 4455 annum
598 4390 791 4458 habendam.
811 4393 862 4458 Ad
878 4392 1051 4460 Gurcizam
1072 4396 1265 4462 beneficium
1281 4395 1481 4480 Engilbaldi.

344 4491 397 4556 Ad
412 4491 631 4563 Carantanam
642 4500 842 4590 aecclesiam
856 4503 997 4570 Sanctoe
1017 4503 1147 4570 Mariae
1163 4523 1237 4570 cum
1252 4503 1381 4570 decima
1397 4505 1482 4570 sicut

342 4599 582 4668 ecclesiasticus
607 4606 766 4692 praecipit
792 4607 871 4675 ordo
894 4609 934 4674 da
955 4611 1107 4676 curtibus
1123 4613 1264 4699 nostris,
1290 4611 1325 4679 id
1341 4621 1392 4681 est
1405 4613 1484 4678 'lra-
1524 4589 1529 4602 ⁶
