3200 5182
905 277 972 342 466

872 367 1018 376 —--———

378 473 471 542 stibi
487 479 575 540 meta
589 479 698 540 terrea
714 472 806 538 iuxta
822 471 954 537 arbores
969 472 1050 557 sctl;
1071 471 1113 538 de
1130 471 1245 539 eadem
1261 471 1349 539 cadit
1364 473 1398 538 in
1413 471 1507 539 fluui-

374 603 429 650 um
443 581 648 668 Scbepcbina
661 585 823 665 vocatum,
850 580 906 646 vbi
922 579 1044 647 limites
1068 579 1223 647 nobilium
1244 581 1472 648 Domonozlau
1489 601 1509 645 a

375 691 469 759 metis
486 690 618 758 Roberti
634 687 770 756 comitis
787 695 1002 776 separantnr3
1022 689 1098 756 binc
1114 688 1207 754 vadit
1222 709 1336 757 versus
1356 689 1508 756 occiden-

373 805 439 866 tem
456 819 514 885 per
528 797 661 864 fluuium
671 794 878 882 Schepchina
893 797 1126 884 supradictum,
1142 797 1197 862 vbi
1213 797 1338 865 nobiles
1355 797 1397 863 de
1406 797 1509 864 Blina

377 911 629 990 commetantur3
656 922 826 990 perquem
843 904 977 971 fluuium
994 905 1084 972 vadit
1099 925 1158 990 per
1174 925 1323 988 magnum
1342 907 1508 992 spacium,

375 1025 407 1083 ct
422 1014 560 1080 flectitur
570 1033 683 1080 versus
701 1013 869 1080 meridiem
883 1013 916 1080 in
933 1014 1067 1097 antiquo
1083 1033 1177 1079 cursu
1196 1012 1375 1100 supradicti
1390 1013 1509 1101 dnnij;

382 1133 414 1191 et
430 1144 489 1210 per
504 1123 643 1189 eundem
659 1122 828 1206 antiquum
839 1143 967 1189 cursum
984 1121 1073 1190 cadit
1088 1124 1121 1190 in
1137 1122 1271 1189 fluuium
1283 1125 1369 1191 Sane
1385 1145 1508 1209 preno-

374 1237 461 1315 tate3
479 1231 598 1297 abhinc
608 1230 700 1296 vadit
716 1230 836 1298 directe
851 1251 911 1316 per
927 1229 1067 1297 medium
1078 1230 1224 1298 eiusdem
1234 1248 1318 1315 aque
1333 1231 1508 1317 pergendo

373 1359 432 1426 per
446 1361 600 1426 magnum
617 1340 764 1426 spacium
784 1339 932 1425 peruenit
948 1340 990 1406 ad
1006 1342 1135 1406 alueum
1150 1342 1235 1406 Saue
1257 1339 1433 1406 thdecho
1453 1361 1508 1406 vo·

374 1455 482 1515 catum
498 1449 732 1535 supradictum,
759 1447 870 1533 ibique
886 1451 1082 1515 terminatur.
1108 1450 1146 1513 In
1162 1447 1252 1514 cuius
1268 1449 1314 1513 rei
1338 1446 1507 1514 certitudi-

374 1576 447 1622 nem
465 1563 496 1622 et
512 1557 672 1622 cautelam
684 1565 877 1644 perpetuam
893 1565 1059 1642 presentes
1076 1555 1382 1638 contulimussigitli
1399 1557 1507 1622 nostri

375 1665 551 1732 munimine
563 1666 755 1732 roborando.
772 1665 893 1731 Datum
908 1665 942 1730 irr
959 1665 1084 1732 octauis
1094 1664 1204 1731 Sancti
1220 1664 1379 1749 Stephani
1401 1665 1507 1746 Regis

374 1794 461 1842 anno
478 1773 607 1840 Domini
624 1772 797 1840 millesimo
813 1772 1036 1840 ducentesimo
1053 1772 1212 1856 vigesimo
1232 1781 1360 1839 octauo.

375 1973 465 2039 (Nagy
481 1971 564 2037 szos
576 1969 721 2037 kirtlynair
744 1973 854 2022 late-ki
870 1972 977 2035 „datum
992 1973 1064 2022 XIV.
1085 1973 1140 2022 kat.
1154 1971 1269 2037 Aprilis“
1292 1971 1505 2038 heiybcuhagyd

373 2061 563 2130 okmtuydbdb
582 2064 680 2130 melyet
693 2066 713 2114 1.
728 2063 809 2128 Lipdt
830 2060 917 2130 kirtly
940 2067 1015 2113 1699.
1037 2059 1170 2113 rudrczius
1183 2061 1216 2112 bd
1240 2065 1270 2110 lt
1286 2061 1321 2111 ke
1340 2062 1410 2111 alatt
1428 2078 1505 2128 meg-

373 2152 501 2205 erbsitett.
521 2154 559 2204 Aa
571 2135 722 2218 A'rptdkori
743 2134 776 2216 ὓ]
792 2149 963 2218 Okrnr'tuytdr
981 2152 1036 2202 eisd
1049 2149 1223 2217 iciyamdnair
1237 2151 1257 2199 Ι.
1272 2149 1419 2200 kbtetkben
1439 2152 1503 2200 258.

373 2243 390 2293 l.
404 2259 469 2293 enen
482 2239 598 2307 okmdny
612 2241 751 2292 toredeket
764 2243 910 2303 toacltnk;
925 2242 1049 2308 ruclynek
1063 2242 1142 2306 teljes
1155 2240 1281 2306 subroget
1295 2240 1373 2290 azdta
1387 2256 1405 2288 a
1418 2241 1505 2290 Liber

652 2333 755 2397 Regius
767 2333 867 2384 XXVI.
881 2329 1212 2398 totertben'rsttaltltuk.)

894 3117 971 3186 295.

370 3297 414 3364 II.
435 3297 540 3363 Eudae
564 3295 672 3384 kirtly
696 3319 716 3361 α
727 3295 959 3383 poraoorrlrulmi
984 3303 1120 3385 opo'tarip
1144 3301 1176 3363 ds
1191 3323 1210 3362 a
1230 3299 1503 3386 azdieufebmciri

497 3407 650 3493 kdptotun
667 3407 737 3471 kb'zt
752 3428 773 3469 a
790 3405 1093 3493 birtokor'szoayokot
1110 3407 1244 3473 readeri.
1263 3411 1363 3476 1229.

476 3603 513 3666 In
529 3601 658 3668 nomine
685 3603 804 3672 Sancte
821 3603 991 3670 Trinitatis
1014 3608 1048 3668 et
1063 3602 1234 3671 individue
1252 3604 1408 3671 Unitatis.
1434 3605 1499 3670 An-

368 3710 465 3777 dreas
482 3711 544 3777 Dei
561 3712 675 3796 gracia
690 3711 867 3797 Hungarie,
884 3713 1064 3799 Daimacie,
1081 3713 1225 3798 Oroacie,
1243 3715 1355 3798 Reme,
1372 3713 1498 3796 Seteia,

368 3815 504 3904 delicie,
528 3817 780 3902 Lodomeriequc
800 3821 869 3885 Rex
886 3819 918 3884 in
935 3827 1135 3905 perpetuum.
1160 3819 1240 3886 Cum
1257 3841 1299 3886 ea
1314 3842 1378 3905 qne
1393 3846 1499 3892 causa

367 3925 598 4011 sopiendamm
625 3925 733 3992 licium
758 3926 905 4010 legitime
930 3926 1155 4016 disponuntur,
1182 3937 1387 4015 posterorum
1413 3953 1499 3998 com-

366 4033 552 4100 mendanda
567 4033 685 4098 noticia
711 4040 785 4100 rata
801 4055 931 4122 semper
947 4044 979 4101 et
994 4036 1188 4105 inconcussa
1210 4039 1354 4106 debeant
1370 4061 1498 4126 perma-

365 4159 451 4228 nere,
483 4139 527 4205 ad
552 4140 653 4224 Regia
676 4139 859 4208 Maiestatis
885 4144 1126 4211 Excellenciam
1151 4147 1303 4233 precipue
1330 4148 1498 4235 pertinere

366 4247 554 4333 dinoscitur,
571 4254 684 4333 utque
704 4249 829 4334 Regum
846 4251 1041 4318 auctoritate
1056 4273 1113 4319 scu
1130 4253 1312 4323 donacione
1328 4255 1363 4322 in
1379 4257 1501 4344 ampli-

365 4356 460 4424 andis
477 4357 558 4425 locis
574 4357 694 4424 Divino
711 4357 810 4423 cultui
827 4358 989 4426 dedicatis
1000 4361 1200 4447 ordinantur,
1220 4365 1330 4430 standi
1348 4365 1498 4451 vigorem

365 4465 398 4530 in
416 4475 607 4551 perpetuum
625 4467 815 4535 sorciantur.
840 4468 910 4534 Hac
926 4469 1085 4552 siquidem
1101 4477 1134 4538 et
1150 4492 1209 4538 nos
1225 4473 1498 4541 consideracione

364 4572 487 4638 inducti
504 4593 603 4660 super
620 4595 729 4660 cansa,
757 4595 820 4660 que
838 4597 858 4642 a
875 4577 984 4644 multis
1000 4585 1086 4680 retro
1110 4581 1310 4666 temporibus
1330 4581 1418 4646 inter
1433 4581 1500 4648 Ab·
