3164 5192
826 359 985 460 -.2-62„

338 569 371 628 et
397 561 527 626 domino
554 557 763 642 Patriarcbe,
792 561 889 639 atque
905 553 1161 642 Arcbiepiscopo
1187 574 1246 621 suo
1257 603 1266 637 ‚
1293 557 1327 616 et
1350 550 1466 617 Comiti

340 673 427 740 omni
443 691 548 752 anno,
565 665 801 755 propterquod
818 663 1078 731 benedictionem
1096 663 1254 750 recipient
1269 665 1470 730 consuetam.

339 779 472 864 Eligent
486 778 507 844 J
510 775 651 842 adratini
667 792 797 859 semper
812 771 970 840 Comitem
985 770 1026 836 de
1041 769 1197 856 Venetijs,
1219 778 1252 836 11
1266 769 1440 836 habebunt
1454 787 1474 832 a

341 885 455 954 Gradu
472 884 634 968 usquead
651 882 758 969 Caput
776 879 929 964 Aggerm,
946 883 979 944 et
994 878 1266 964 representabunt
1281 877 1474 944 electionem

343 993 473 1062 domino
490 993 582 1078 Duci,
600 992 654 1058 uel
670 991 726 1076 qui
741 1010 802 1076 pro
819 992 891 1074 ipso
908 987 969 1053 en't
979 987 1129 1072 Venetia,
1150 995 1183 1054 et
1198 985 1336 1070 recipiet
1351 987 1475 1051 electus

344 1097 630 1181 confirmationem,
648 1095 738 1162 lacta
752 1094 959 1162 inuestitione
975 1094 1017 1160 ab
1031 1113 1080 1160 eo.
1097 1091 1227 1158 Jurabit
1236 1091 1267 1158 ei
1282 1090 1477 1157 fidelitatem

345 1213 377 1274 ot
393 1204 638 1273 successoribus
654 1203 732 1270 suis.
751 1201 813 1280 Qui
830 1202 952 1267 electus
968 1199 1074 1284 fuerit,
1095 1199 1124 1265 si
1139 1197 1222 1265 sorte
1232 1197 1428 1265 electionem
1444 1197 1478 1263 in

345 1333 381 1380 se
397 1312 518 1378 factam
534 1319 710 1393 recusaret,
726 1309 847 1392 eligere
863 1307 903 1372 de
919 1307 1067 1390 Venetijs
1081 1327 1147 1374 non
1163 1307 1349 1390 cessabunt,
1374 1323 1479 1388 usque

345 1421 423 1486 dum
437 1419 589 1484 inuentus
605 1415 711 1498 luerit,
738 1415 794 1500 qni
808 1413 1001 1482 electionem
1017 1413 1052 1478 in
1068 1433 1104 1480 se
1119 1411 1242 1478 laetam
1257 1411 1408 1496 recipiat.
1432 1410 1478 1478 Si·

347 1526 416 1594 mili
432 1523 527 1591 modo
543 1523 666 1590 sacient
682 1529 714 1588 st
729 1522 770 1587 de
785 1520 944 1588 electione
959 1519 1224 1607 Archiepiscopi3
1241 1525 1274 1585 et
1290 1519 1338 1584 sic
1354 1517 1478 1584 sacient

348 1655 461 1703 omnes
477 1632 631 1715 Comites,
649 1631 704 1716 qui
718 1651 778 1716 per
793 1636 943 1715 tempora
958 1638 1062 1712 erunt,
1079 1628 1234 1713 Ducibus,
1252 1625 1308 1712 qni
1324 1645 1385 1713 per
1401 1635 1478 1693 tem·

348 1762 429 1829 pora
444 1745 548 1824 erunt,
565 1741 598 1806 in
614 1745 817 1826 perpetuum.
839 1737 955 1804 Comes
972 1742 1081 1803 autem
1095 1733 1229 1800 babebit
1244 1751 1356 1800 omnes
1372 1733 1481 1800 reddi-

348 1860 402 1918 111
418 1857 450 1916 11
466 1847 747 1932 honorificentias,
770 1865 852 1929 quas
869 1846 992 1912 habere
1008 1843 1157 1911 solebant
1172 1847 1204 1908 et
1218 1841 1405 1908 habuerunt
1421 1843 1478 1927 alij

351 1957 502 2038 Comites,
519 1961 552 2020 et
567 1973 679 2022 omnes
695 1951 842 2018 redditus
859 1960 892 2018 11
907 1949 1180 2036 honorificentias,
1198 1969 1280 2033 quas
1290 1949 1416 2016 habere
1432 1971 1480 2018 so·

349 2063 462 2130 lebant
478 2063 518 2128 de
533 2062 645 2127 Insula
660 2062 753 2144 Pagi,
771 2067 804 2126 et
820 2062 953 2146 insuper
970 2057 1145 2126 Soherdam
1159 2057 1323 2142 Insulam,
1351 2077 1417 2141 qne
1433 2064 1482 2123 est

351 2191 465 2238 uersus
481 2175 611 2236 terram.
636 2169 798 2236 Jurabunt
814 2175 922 2234 autem
939 2175 972 2234 et
987 2185 1099 2232 omnes
1115 2164 1262 2232 homines
1285 2165 1479 2252 Comitatus,

351 2298 373 2343 a
398 2275 641 2359 quatuordecim
667 2274 764 2340 annis
790 2279 823 2339 et
848 2293 947 2359 supra
971 2273 1162 2339 fidelitatem
1187 2272 1318 2339 domino
1337 2272 1433 2360 Duci·
1450 2277 1481 2338 et

352 2381 593 2450 successoribus
609 2380 697 2448 suis:
725 2387 757 2446 et
772 2381 847 2466 ipsa
861 2379 1029 2446 fidelitatis
1048 2385 1256 2447 sacramenta
1274 2380 1482 2446 renouabunt

353 2491 492 2572 singulis
508 2489 603 2555 annis
619 2489 742 2556 decem.
769 2488 993 2574 Jurabnntque
1007 2487 1197 2554 fidelitatem
1213 2486 1345 2554 domino
1362 2485 1482 2553 Comiti

353 2615 465 2664 omnes
483 2603 515 2660 et
527 2593 707 2662 Comitibus
725 2595 873 2663 omnibus
889 2595 922 2660 in
939 2602 1130 2683 perpetuum
1151 2594 1277 2680 suturis,
1295 2593 1483 2659 111111111-

353 2705 444 2770 litote
461 2704 583 2772 domini
598 2704 710 2788 Ducis,
727 2704 771 2770 ad
787 2706 942 2771 bonorem
958 2705 1094 2770 Venetia
1109 2709 1142 2770 et
1156 2704 1294 2770 salutern
1310 2701 1425 2768 Jadre.
1442 2703 1483 2767 111

353 2812 383 2878 11
407 2811 490 2879 forte
515 2811 727 2896 contingerit,
754 2810 920 2878 dominum
944 2813 1067 2878 Ducem
1092 2811 1145 2878 uel
1170 2829 1379 2877 successores
1403 2828 1481 2874 suos

354 2919 455 2986 Jadre
472 2919 651 3005 applicare,
669 2918 827 3003 recipient
843 2939 917 2985 cnm
932 2919 1098 2986 Jadratini
1112 2917 1296 3001 honorifice,
1317 2921 1480 2983 11111111-

354 3028 453 3112 bunt,
478 3034 511 3092 11
525 3028 656 3094 nuntios
681 3047 758 3094 suos
782 3027 941 3094 similiter.
967 3030 1010 3093 Et
1026 3027 1055 3092 11
1078 3025 1227 3094 dominns
1243 3025 1319 3090 Dux
1344 3021 1484 3090 uoluerit

355 3133 515 3219 hospitari
530 3133 564 3199 in
581 3133 676 3201 domo
692 3132 986 3219 Archiepiscopali,
1012 3132 1148 3200 habebit
1162 3153 1235 3199 eam
1252 3132 1295 3198 ad
1314 3151 1410 3197 snam
1430 3131 1483 3197 bo·

355 3233 590 3309 norifloentiam
605 3248 638 3307 et
654 3240 874 3324 uoluntatem
899 3241 951 3306 sin
967 3246 1085 3326 antem,
1103 3240 1233 3307 dabitur
1248 3241 1279 3306 ei
1294 3239 1413 3306 domus
1430 3238 1482 3304 ho·

355 3347 533 3433 norubilis,
560 3367 663 3431 usque
679 3346 756 3412 dum
772 3347 898 3413 steterit
914 3347 969 3413 ibi.
996 3349 1038 3413 Et
1053 3347 1203 3432 quotiens
1217 3345 1329 3413 lecerit
1344 3343 1485 3414 Venetis

354 3453 534 3524 exercitum
551 3473 653 3538 usquo
670 3453 861 3538 Rugusium,
878 3461 911 3520 et
926 3476 948 3521 a
960 3454 1105 3540 Ragusio
1122 3462 1155 3520 et
1169 3453 1262 3539 infra,
1280 3453 1366 3520 sicut
1381 3454 1485 3520 Vens-

356 3563 403 3626 tia
419 3561 528 3644 faciet,
547 3560 732 3627 1111111111
749 3569 782 3628 et
792 3562 956 3630 Jadrutini
971 3563 1325 3631 secundumnumernm
1341 3561 1485 3630 uirorum

357 3687 497 3735 suorum.
523 3668 559 3734 Si
574 3687 651 3736 uero
678 3669 775 3736 fuerit
801 3672 962 3738 exercitus
988 3693 1010 3738 a
1023 3672 1160 3756 triginta
1184 3671 1289 3757 galeis
1314 3677 1347 3736 ct
1373 3691 1484 3755 supra,

356 3795 421 3860 que
437 3775 579 3841 debeant
593 3779 733 3844 transire
749 3780 931 3862 Ragusium
940 3831 949 3864 ,
976 3779 1098 3860 sacient
1112 3777 1191 3846 inde
1211 3781 1233 3846 J
1234 3779 1380 3845 adratini
1394 3779 1485 3844 trice-

358 3883 474 3950 simam
489 3890 626 3971 partem,
653 3894 686 3952 et
701 3889 833 3954 stabunt
848 3888 882 3954 in
899 3887 1031 3956 seruitio
1047 3889 1192 3974 Venetis,
1213 3907 1316 3971 usquc
1331 3887 1411 3953 dum
1428 3895 1486 3954 ste-

356 3993 432 4060 terit
455 3993 617 4059 exereitus
636 3994 781 4060 Venetis.
807 3997 943 4062 Dabunt
967 3993 1134 4063 Jadratini
1159 3995 1290 4064 domino
1314 3995 1485 4076 Μ11111111,

357 4101 413 4184 qni
429 4099 534 4168 factus
551 4109 621 4168 erat
636 4124 658 4168 a
674 4101 805 4169 domino
824 4103 915 4168 Duce
926 4101 1044 4168 Comes
1059 4103 1144 4189 Pagi
1159 4109 1193 4169 11
1207 4103 1346 4169 aliarum
1361 4101 1485 4168 Insula·

358 4230 438 4296 rum,
458 4228 520 4292 que
537 4210 599 4276 sibi
615 4216 691 4278 sunt
706 4231 862 4279 concesso
871 4263 880 4296 ,
908 4213 990 4279 libre
1006 4211 1147 4280 MCCCL
1163 4213 1197 4280 11
1213 4217 1351 4296 quatuor
1370 4213 1485 4297 annis;

363 4317 536 4383 11111111
563 4319 701 4404 singulis
727 4319 895 4386 chalendis
910 4321 1019 4408 Martij
1036 4343 1095 4408 pro
1122 4321 1267 4408 quolibet
1291 4339 1487 4405 11111111-

212 4420 222 4436 ”
356 4431 436 4490 tam.
462 4425 656 4511 Tollentque
671 4427 836 4494 Jadratini
852 4428 894 4494 (11
910 4430 1059 4497 omnibns
1083 4429 1222 4497 nauibus
1247 4435 1484 4510 extraneorum,

358 4531 413 4614 qui
427 4531 505 4598 illuc
521 4534 738 4618 applicuerint
753 4519 800 4603 ad'
811 4543 941 4622 portum
965 4537 1149 4606 faciendum
1159 4589 1168 4622 ,
1194 4539 1285 4604 illam
1310 4535 1483 4618 dationem,

357 4657 455 4723 quom
474 4639 609 4708 Venetia
619 4643 704 4712 tollit
714 4644 755 4709 de
766 4651 992 4714 extraneorum
1002 4646 1153 4730 nauibus,
1164 4643 1375 4728 diuidentque
1396 4643 1485 4712 illam
