3218 5192
638 333 791 440 ,pu-

147 525 226 594 inde
242 527 277 596 in
292 527 409 601 eodem
434 553 529 600 cursu
546 531 716 600 descendit
733 536 777 602 ad
800 536 920 604 vallem
944 559 1007 622 que
1023 542 1140 610 dicitur
1156 544 1286 630 Euetcs,

148 657 279 706 rursum
304 641 453 708 ascendit
476 663 591 710 versus
608 643 824 726 occidentem,
841 653 874 711 et
890 667 949 733 per
965 669 1119 733 magnum
1144 656 1291 740 spacium

147 745 182 810 in
200 748 364 814 montibus
380 750 590 834 procedendo
607 751 761 836 dirigitur
776 752 821 818 cd
833 759 969 838 montes,
988 758 1044 840 qui
1061 769 1216 844 separant
1231 768 1290 826 ter-

148 873 221 920 ram
238 855 356 922 Zeules
368 864 402 924 et
417 858 626 944 villeVosun,
644 879 683 926 ec
699 867 819 926 terram
831 859 951 946 Galyw
974 885 1077 952 prope
1093 868 1240 954 eandem,
1258 877 1290 934 et

149 960 291 1030 flectitur
306 963 351 1030 ad
366 965 555 1050 meridiem,
581 966 734 1050 venitque
750 967 792 1032 ad
809 967 930 1036 dictam
948 971 1097 1056 Zewles,
1124 975 1178 1040 vbi
1198 995 1286 1062 sepa-

149 1078 226 1137 rant
240 1071 302 1136 XV
317 1074 503 1140 mansiones
521 1073 601 1140 dicti
618 1076 809 1142 monasterii
825 1077 961 1160 Tychon
982 1079 1026 1143 ad
1045 1080 1218 1166 orientem5
1236 1081 1288 1148 dc-

148 1177 228 1246 iude
244 1188 330 1246 retro
345 1180 474 1246 hortum
484 1183 679 1268 populorum
695 1182 835 1251 flectitur
851 1204 969 1250 versus
990 1186 1199 1272 occidentem,
1217 1211 1287 1274 pro-

148 1285 296 1353 cedendo
321 1287 356 1354 in
371 1295 467 1372 parte
492 1289 678 1374 aquilonari
706 1297 790 1356 terre
806 1293 968 1377 llereste,
995 1301 1027 1360 et
1045 1315 1104 1380 per
1127 1305 1224 1382 prata
1250 1319 1288 1364 ac

148 1401 256 1461 terras
273 1395 306 1460 in
323 1395 411 1464 dicto
436 1416 531 1464 cursu
548 1404 581 1464 et
596 1400 629 1466 in
646 1399 718 1483 giro
744 1401 908 1467 moncium
929 1401 1035 1468 eundo
1061 1402 1228 1470 descendit
1244 1405 1287 1470 ad

148 1500 285 1570 llnuinm
300 1505 376 1570 etin
393 1507 496 1589 pratis
507 1508 713 1591 coniungitur
724 1509 840 1593 pratis,
852 1509 1053 1594 supradictis
1069 1511 1160 1576 iuxta
1172 1513 1285 1580 vineas

148 1629 314 1696 quumque
338 1611 425 1679 infra
440 1614 500 1680 hec
515 1635 706 1700 quecunque
731 1616 804 1684 loca
823 1618 968 1684 interris
994 1637 1052 1684 seu
1077 1619 1283 1704 molendinis,

148 1717 256 1803 equis,
271 1719 445 1805 montibus,
464 1722 568 1808 siluis,
580 1722 694 1808 vineis,
712 1723 828 1808 pratis,
846 1725 880 1788 in
897 1725 1114 1810 arundinetis,
1131 1727 1164 1790 iu
1180 1728 1284 1811 pisca-

146 1825 298 1892 cionibus
312 1827 347 1892 in
362 1827 437 1894 lacu
452 1829 594 1896 Balatun
610 1831 827 1915 continentur,
854 1831 899 1896 ad
915 1832 1037 1898 dictum
1053 1834 1284 1900 monasterium

147 1934 377 2018 proculdubio
393 1939 567 2024 pertinent.
585 1936 672 2004 Villa
682 1936 791 2004 Oucsd
806 1939 898 2006 iuxta
907 1939 1033 2024 Sopolr,
1051 1941 1084 2005 in
1094 1941 1174 2006 villa
1184 1941 1284 2006 Walk

147 2043 232 2110 XIII
247 2045 434 2112 mansiones
450 2065 522 2112 cnm
539 2045 641 2112 tribus
654 2045 847 2115 molendinis
861 2046 1002 2130 aliisque
1013 2047 1282 2132 appertinenciJs;

148 2155 233 2221 uilla
247 2153 335 2240 Pilip
351 2174 425 2221 cum
440 2163 536 2241 portu
551 2155 585 2222 in
601 2155 672 2223 loco
689 2154 834 2240 Chatta,
862 2157 954 2222 cuins
971 2157 1127 2224 terminus
1143 2157 1185 2222 ab
1202 2157 1283 2224 occi·

147 2261 247 2328 dente
262 2263 355 2328 iuxta
370 2261 484 2328 villum
508 2263 607 2330 Echir
622 2263 655 2330 in
672 2265 824 2348 congerie
849 2263 996 2349 lepidum
1021 2263 1064 2330 ab
1081 2264 1232 2348 aquilone
1247 2266 1281 2329 in

146 2370 315 2436 cacumine
342 2371 504 2438 moncium
521 2371 564 2437 ab
589 2372 712 2440 oriente
728 2391 841 2438 uersus
857 2371 967 2436 villam
990 2372 1118 2458 Zepesd
1141 2373 1280 2438 Abbatis

148 2479 376 2564 simigiensis;
393 2480 428 2546 in
442 2479 685 2546 villaZeleufen
696 2479 758 2546 due
774 2479 979 2566 mansiones;
996 2478 1029 2544 in
1045 2480 1281 2565 villaApathur

144 2587 240 2654 iuxta
254 2587 391 2654 fluuium
405 2587 533 2655 Pilislre
548 2607 652 2674 prope
669 2589 824 2656 Sanctum
835 2587 1001 2654 Andrean
1017 2608 1089 2655 cum
1105 2589 1278 2672 montibus,

147 2693 264 2777 vineis,
281 2693 385 2777 siluis,
403 2694 506 2778 pratis
518 2701 550 2760 et
566 2692 642 2760 aliis
657 2694 867 2780 pertinenciis
878 2693 957 2760 suis,
973 2695 1010 2758 ln
1026 2695 1105 2760 villa
1115 2695 1278 2778 Dergiche

145 2813 274 2886 septem
289 2801 478 2868 mansiones
494 2820 567 2866 cum
584 2799 670 2866 silua
680 2799 829 2884 Apathur
845 2806 877 2866 et
892 2800 963 2866 loco
975 2801 1071 2867 Holm
1088 2800 1173 2867 dicto
1192 2808 1279 2866 terra

144 2908 284 2976 Peazele
299 2911 425 2992 absque
449 2907 665 2994 appendiciis.
691 2909 729 2974 In
745 2908 825 2974 uilla
840 2907 992 2994 Kapulch
1018 2916 1104 2976 terra
1120 2910 1164 2976 ad
1180 2930 1278 2976 unum

144 3025 293 3084 aratrum
308 3035 381 3082 curn
397 3015 511 3102 pratis,
528 3014 725 3082 molendinis
742 3025 774 3082 et
789 3015 865 3083 aliis
881 3017 1085 3102 appendicijs
1102 3017 1135 3082 in
1150 3018 1278 3102 prouin-

144 3125 200 3190 cia
209 3122 475 3208 Wcsprimiensi;
491 3121 619 3206 Zeules,
632 3121 784 3190 Gelemer
800 3143 873 3188 cum
888 3124 1139 3210 appertinenciis
1155 3143 1276 3190 eorum.

144 3230 186 3294 In
201 3229 283 3295 villa
297 3229 417 3314 unroh,
444 3249 506 3314 que
521 3229 573 3296 his
598 3231 744 3298 terminis
770 3229 962 3314 includitur,
990 3251 1010 3295 a
1026 3229 1159 3296 meridie
1175 3251 1277 3315 prope

144 3336 260 3404 villam
276 3336 413 3404 Hordan
425 3376 469 3386 -
479 3375 523 3386 -
535 3375 579 3386 -
589 3337 759 3406 Zuantheu
775 3345 807 3405 et
823 3359 924 3424 prope
936 3337 1086 3420 Oholtka,
1108 3344 1139 3402 et
1155 3338 1275 3404 ibidem

144 3447 180 3511 in
195 3445 278 3511 villa
292 3445 420 3512 Berend
434 3447 466 3512 X
482 3447 668 3514 mensiones
685 3467 758 3514 cum
773 3447 900 3514 duobus
927 3445 1120 3514 molendinis
1137 3445 1276 3528 aliisque

143 3553 421 3640 appertinenciis,
446 3555 527 3622 villa
541 3556 658 3622 Zeules
683 3558 767 3622 inter
793 3556 889 3622 villas
908 3554 1078 3620 Wasarhel
1096 3561 1127 3620 et
1147 3555 1275 3638 Zcules,

143 3662 239 3730 cuius
264 3663 421 3730 terminus
446 3685 549 3752 prope
565 3665 663 3732 villas
689 3665 822 3732 easdem
838 3687 878 3732 ex
894 3671 1030 3748 utraque
1055 3672 1147 3752 parte
1173 3684 1276 3752 prope

142 3779 289 3840 castrum
305 3774 449 3858 Somlyo.
465 3773 545 3840 Post
560 3775 620 3840 hec
636 3774 716 3840 villa
732 3773 820 3840 Chen
836 3774 870 3839 in
885 3773 1010 3858 Bokon,
1037 3793 1099 3856 que
1115 3775 1276 3840 vicinatur

143 3880 224 3948 ville
239 3883 327 3966 Tyu5
353 3881 434 3948 villa
449 3879 553 3950 (lhont
570 3901 642 3948 cum
657 3883 778 3950 telonio
795 3903 834 3948 ac
851 3881 1045 3948 molendinis
1066 3883 1204 3964 aliisque
1220 3901 1274 3966 ap-

146 3989 368 4074 pertinenciis,
393 3991 427 4054 in
443 3989 605 4058 territorio
628 3990 834 4074 Simigiensi;
859 3988 939 4056 villa
963 3988 1037 4056 Fok
1052 4027 1096 4036 —
1112 4025 1156 4036 -
1173 4025 1215 4034 -
1231 4021 1276 4032 -·

144 4133 490 4146 ------
506 4097 621 4164 eadem
638 4098 721 4164 villa
735 4097 807 4164 Fok
824 4117 896 4163 curn
913 4097 1050 4180 telonio;
1067 4097 1148 4162 uilla
1163 4094 1275 4158 Turuk

142 4226 219 4274 cum
244 4207 332 4276 silua
357 4209 441 4274 inter
465 4206 566 4273 aliam
592 4206 704 4272 villam
729 4204 842 4272 Turuk
867 4213 899 4272 et
923 4205 1007 4270 inter
1032 4204 1129 4268 villas
1153 4199 1218 4268 Jod
1243 4207 1276 4266 et

143 4314 287 4400 Endred,
304 4335 366 4398 que
383 4315 460 4382 uille
475 4315 526 4382 his
542 4315 688 4382 terminis
705 4313 959 4382 concluduntur:
981 4313 1059 4378 Exit
1074 4311 1115 4375 de
1130 4310 1204 4376 lacu
1214 4309 1274 4374 Ba·

142 4426 236 4492 latun
252 4433 286 4492 et
301 4423 391 4490 venit
414 4441 517 4509 prope
540 4421 654 4488 villam
681 4422 827 4506 Zubedi,
854 4430 887 4488 et
911 4439 1023 4488 versus
1050 4418 1215 4484 meridiem
1232 4416 1275 4482 ad

141 4539 296 4618 montem,
313 4535 346 4604 in
362 4533 454 4600 cuins
470 4533 637 4600 cacumine
653 4531 791 4598 flectitur
807 4531 850 4598 ad
866 4530 1076 4612 occidentem,
1096 4526 1273 4594 descendit·
1304 4517 1306 4522 ’

140 4661 206 4734 que
222 4643 267 4712 ad
281 4643 415 4712 fluuium
424 4640 506 4730 not,
523 4649 555 4712 ct
571 4640 826 4734 pertranseundo
844 4640 964 4710 dictum
981 4639 1114 4798 fluuiugp
1124 4636 1273 4734 dirigitur
