3164 5192
628 923 704 993 158.

179 1131 243 1196 III.
262 1128 354 1192 Iucze
366 1130 522 1216 pripdnclr
536 1131 638 1197 mdsa‘lc
654 1125 745 1194 lovels
766 1127 1017 1214 uppouoaokboa.
1044 1129 1138 1194 1203.

201 1335 411 1402 Innocentius
422 1339 605 1424 Episcopus
621 1343 681 1404 etc.
701 1335 875 1406 Nobilibus
890 1337 980 1423 viris,
998 1337 1034 1402 B.
1046 1337 1223 1410 Marchioni

98 1453 213 1520 Montis
237 1447 388 1529 Ferrati,
417 1455 449 1515 et
473 1448 509 1514 B.
536 1451 733 1534 Flsndriae,
754 1451 789 1516 L.
816 1453 974 1538 Blesensi,
1001 1459 1033 1519 et
1057 1453 1097 1519 Η.
1114 1452 1225 1520 Sancti

98 1562 188 1628 Pauli
223 1559 431 1644 Comitibus,
464 1565 497 1624 et
528 1560 602 1626 aliis
630 1560 832 1646 Batonibus,
865 1569 897 1629 et
931 1564 1087 1631 militibus
1120 1583 1225 1631 cruce·

101 1672 260 1758 signatis:
287 1671 437 1757 spiritum
463 1669 590 1736 consilii
617 1671 766 1739 sanioris.
801 1671 887 1750 Quia
910 1692 1060 1740 veremur
1084 1693 1141 1741 vos
1166 1671 1223 1739 ite·
1250 1679 1256 1690 '

101 1787 169 1847 rato
185 1776 531 1846 excommunicationis
556 1797 628 1844 esse
645 1778 720 1845 labe
737 1781 889 1866 pollutos,
907 1788 940 1848 et
956 1780 1079 1846 utinam
1098 1800 1163 1848 non
1179 1779 1224 1846 in-

102 1889 270 1955 curreretis
296 1885 372 1953 fidei
388 1885 586 1969 laesionem,
615 1885 690 1953 ideo
707 1887 750 1953 ad
769 1889 931 1955 cautelam
956 1887 1050 1955 robis
1075 1888 1224 1974 spiritum

103 1995 239 2063 sanioris
266 1993 396 2061 consilii
413 1995 485 2060 loco
512 1993 718 2060 salutationis
746 2002 779 2062 et
802 1995 1037 2064 benedictionis
1062 2003 1224 2082 optamus.

102 2105 189 2170 Licct
205 2103 305 2186 enim,
332 2101 414 2167 sicut
430 2120 469 2165 ex
486 2099 602 2166 litterIs
618 2103 736 2168 vestris
753 2103 948 2187 accepimus,
972 2103 1060 2189 apud
1076 2102 1225 2169 charissi-

103 2229 185 2276 mum
201 2210 236 2275 in
254 2209 384 2276 Christo
412 2208 513 2273 filium
530 2214 686 2293 nostrum,
703 2208 855 2276 Alexium
865 2261 873 2294 ,
898 2209 1225 2293 Constantinopolita-

103 2339 176 2384 nnm
191 2319 426 2405 Imperatorem
441 2317 611 2402 illustrem,
640 2317 833 2402 institeritis,
850 2324 882 2385 et
897 2320 1101 2386 obtinueritis
1117 2320 1160 2385 ab
1176 2338 1226 2386 eo·

104 2425 191 2511 dem,
216 2433 254 2493 ut
265 2426 453 2512 juramento
477 2426 621 2494 firmaret
637 2447 673 2494 sc
699 2447 824 2494 omnem
846 2428 1051 2496 devotionem
1075 2427 1169 2496 nobis
1195 2433 1228 2494 et

95 2535 347 2604 successoribus
380 2534 501 2602 nostris
533 2534 767 2602 substituendis
797 2535 954 2602 canonice
984 2535 1227 2621 impensurum,

104 2663 197 2727 quam
214 2650 440 2711 antecessores
458 2643 518 2729 sui,
535 2644 754 2729 Imperatores
774 2641 944 2728 Catholici,
971 2641 1227 2728 praedecessori-

105 2751 306 2835 busnostris,
325 2751 473 2837 patribus
484 2751 682 2836 orthodoxis,
694 2753 849 2820 RomanIs
859 2749 1081 2836 Pontificibus,
1092 2771 1228 2820 noscun-

106 2864 154 2924 tur
170 2859 351 2944 antiquitus
366 2859 586 2945 impendisse:
603 2860 764 2946 promisso
780 2859 912 2948 pariter,
930 2857 1025 2946 quod,
1042 2859 1227 2946 opportuni-

106 2971 169 3033 tate
183 2985 352 3050 ooncessa,
375 2966 577 3034 Orientalem
593 2967 775 3034 Ecclesiam
796 2968 839 3034 ad
855 2967 889 3034 id
904 2966 1080 3054 prudenter
1096 2967 1228 3033 incIIna·

107 3072 150 3139 bit
164 3076 289 3160 pariter
300 3082 332 3142 et
348 3081 514 3162 potenter;
531 3075 628 3142 valdc
644 3081 752 3142 tamen
763 3075 982 3163 praesumitur
994 3095 1014 3140 a
1025 3073 1229 3159 quibusdam,

106 3181 238 3264 quodid
254 3181 364 3268 potius
381 3183 425 3249 ad
440 3183 685 3250 excusationem
701 3188 845 3249 vestram
861 3181 1015 3264 feceritis,
1043 3187 1077 3247 ut
1092 3201 1151 3267 per
1167 3179 1229 3247 hoc

107 3297 246 3358 vestrum
263 3291 418 3358 velaretis
435 3310 626 3376 excessum,
653 3311 751 3378 quam
767 3296 801 3356 ut
817 3289 860 3357 ad
877 3293 1013 3358 matrem
1028 3287 1107 3372 filia,
1133 3307 1228 3354 mem-

106 3395 195 3466 brum
211 3397 256 3465 ad
272 3405 379 3484 caput,
397 3405 430 3465 et
446 3419 523 3486 pars
540 3399 661 3467 rediret
676 3399 718 3466 ad
735 3417 863 3486 corpus.
887 3397 1111 3482 Verum,·quia
1127 3414 1229 3482 opera

108 3504 323 3572 testimonium
338 3505 659 3590 perhibentreritati,
676 3504 793 3589 quaid
808 3503 986 3571 intentione
998 3502 1152 3588 feceritis,
1165 3522 1229 3569 me·
1343 3589 1345 3594 ,

107 3609 165 3677 lius
181 3611 316 3678 effectus
332 3613 535 3697 subsequens
552 3611 807 3696 demonstrabit,
834 3611 862 3680 si
875 3612 1027 3679 videlicet
1047 3611 1230 3698 Imperator

108 3715 226 3800 ipsese
236 3719 459 3804 juramentum
484 3717 673 3804 hujusmodi
688 3719 892 3805 praestitisse
908 3739 966 3806 per
985 3720 1112 3786 litteras
1137 3717 1231 3788 confi-

107 3827 207 3892 teatur
220 3831 364 3914 apertas,
382 3844 464 3911 quus
474 3825 569 3892 nobis
581 3824 704 3909 ditigat
714 3826 749 3891 in
765 3825 984 3893 testimonium
995 3825 1230 3912 reservandas;

110 3933 135 3998 si
151 3934 238 4020 apud
254 3933 482 4002 Patriarcharn
508 3934 648 4018 efficiat,
675 3939 710 3999 ut
725 3953 783 4020 per
798 3935 959 4003 solemnes
979 3936 1109 4003 nuntios
1124 3934 1232 4001 Eccle-

110 4038 175 4108 siae
190 4043 358 4111 Romanae
367 4041 547 4110 Primatum
564 4047 597 4109 et
614 4040 840 4125 magisterium
855 4048 1078 4128 recognoscat,
1098 4047 1129 4109 et
1144 4059 1232 4107 reve·

110 4147 242 4216 rentiam
257 4149 351 4218 nobis
368 4155 400 4217 et
415 4147 636 4218 obedientiam
654 4148 881 4236 repromittat,
910 4153 942 4215 et
957 4149 1093 4234 palbum
1109 4148 1151 4215 de
1167 4167 1233 4213 cor·

110 4273 184 4338 pore
208 4255 302 4323 Beati
327 4256 415 4323 Petri
441 4258 625 4344 sumptum,
660 4256 730 4322 sine
755 4276 818 4340 quo
844 4254 1069 4323 Patriarchale
1092 4253 1233 4323 osticium

111 4378 256 4430 exercere
272 4364 333 4430 rite
348 4384 413 4432 non
429 4369 538 4451 potest
547 4414 556 4450 ,
586 4364 629 4430 ab
645 4363 840 4449 Apostolica
854 4362 940 4430 Sede
958 4361 1111 4447 requirat.
1138 4361 1233 4442 Quod

113 4470 138 4534 si
151 4469 261 4540 forsan
284 4471 346 4539 hoo
362 4472 545 4541 devotionis
571 4470 788 4558 primordIum
813 4469 900 4536 circa
916 4487 996 4536 suas
1021 4469 1234 4554 promotionis

112 4574 200 4644 initia
216 4579 404 4666 denegarit,
432 4585 464 4646 et
479 4579 637 4664 noluerit,
670 4579 757 4664 quod
774 4577 946 4644 scribimus
962 4576 1150 4663 adimplere,
1176 4596 1236 4643 neo

115 4684 220 4752 oculus
236 4692 344 4755 vester
360 4687 501 4776 simplex
516 4687 620 4756 tuisse
631 4687 806 4772 videbitur,
820 4704 881 4755 nec
895 4685 1030 4756 intentio
1047 4684 1117 4773 ejus
1130 4689 1234 4774 purat
