3218 5192
863 309 1020 418 ...in

377 511 541 601 presentia
567 511 680 582 horum
707 515 847 600 testium,
875 515 1037 601 presbiter
1053 515 1204 600 Viluana,
1228 509 1397 582 Teudurus
1416 508 1515 582 Pudi.

376 624 450 708 ιιιιι,
467 621 590 690 Savidu
605 629 637 690 et
653 623 719 690 filio
735 623 858 709 Malla,
885 629 917 690 et
932 624 998 691 filio
1014 625 1086 691 eius
1107 622 1321 709 Cernugnuo‚
1350 629 1384 690 et
1399 643 1515 691 onmes

378 737 532 816 parentes
547 730 628 797 eius.
656 731 697 798 Et
713 731 839 797 comedi
854 751 927 798 cum
942 731 1079 818 prefatis
1100 731 1237 800 testibus
1252 751 1349 799 unam
1365 752 1514 818 pureum,

378 843 411 905 ut
426 858 523 906 unum
540 837 683 905 modium
709 837 749 906 de
766 837 874 904 farina
883 889 892 922 ‚
919 845 951 904 et
966 821 1137 908 duodicim
1160 841 1289 925 galetas
1305 841 1372 906 vini
1389 840 1421 906 in
1440 839 1513 908 loun

381 947 438 1014 ubi
453 947 571 1014 dicitur
585 947 775 1015 Auobilabe.
801 949 852 1015 De
868 948 995 1016 duabus
1013 950 1206 1018 emtionibus
1222 951 1277 1018 isti
1292 949 1513 1038 prenominati

379 1063 455 1124 sunt
470 1063 589 1139 testem
608 1061 639 1122 et
654 1054 696 1122 de
712 1057 870 1142 Tomizay
886 1063 919 1124 et
935 1057 975 1124 de
994 1056 1109 1126 Predu.

487 1159 526 1228 In
554 1163 676 1230 Christi
701 1165 882 1233 nominent
906 1164 1052 1232 eiusdem
1078 1165 1315 1234 incarnationis
1340 1166 1513 1234 millesimo

379 1273 603 1356 octogesimo,
629 1271 810 1340 Indictione
825 1293 901 1340 vero
925 1281 1053 1340 octaua.
1073 1275 1287 1360 Temporibus
1311 1294 1441 1359 quoqne
1458 1275 1513 1341 do-

382 1382 460 1448 mini
476 1381 646 1448 Laurentii
663 1382 860 1449 venerabilis
876 1381 1121 1468 Archiepisuopi
1138 1383 1308 1469 Spalatine
1329 1383 1433 1466 Sedis,
1451 1383 1513 1448 Re·

382 1490 434 1574 giu
451 1487 642 1556 croatorum
659 1489 845 1574 Suinimiri‚
869 1509 929 1555 neu
945 1509 1008 1556 non
1025 1491 1136 1557 Volize
1152 1490 1283 1559 Primis.
1308 1491 1380 1573 Ego
1395 1489 1512 1555 Petrus

384 1597 480 1664 Cerni
506 1597 561 1680 qni
578 1602 610 1662 et
625 1595 756 1682 Gumay
772 1597 877 1682 iilius,
902 1617 968 1664 una
984 1619 1056 1664 cum
1072 1617 1174 1664 uxore
1190 1618 1264 1664 mea
1288 1597 1422 1665 domina
1436 1599 1511 1662 Ana

382 1703 531 1771 dedimus
547 1723 658 1770 omnes
675 1711 798 1788 terras,
826 1723 889 1788 que
905 1710 980 1770 sunt
995 1703 1029 1768 in
1044 1703 1150 1788 Bilay,
1177 1702 1361 1789 incipiendo
1377 1723 1399 1768 u
1419 1722 1511 1768 muro

384 1810 440 1894 qui
456 1819 506 1878 est
516 1830 615 1895 snpra
627 1829 727 1896 mare,
744 1809 836 1877 etad
853 1811 952 1876 alium
963 1829 1096 1896 murum,
1114 1811 1168 1878 ubi
1179 1810 1239 1877 suit
1251 1829 1334 1896 pons
1345 1809 1388 1875 nd
1402 1831 1512 1877 amen-

382 1927 448 1985 tem
464 1915 535 2004 (igy
546 1968 555 2001 ‚
580 1916 671 1982 taltn
687 1915 842 2004 amnem),
868 1917 923 1998 qui
939 1921 1072 1983 vocatur
1088 1915 1259 2001 Gurgune,
1284 1922 1317 1983 et
1337 1935 1440 1997 usque
1466 1916 1512 1981 ad

383 2044 513 2109 aquam,
540 2044 602 2107 que
618 2031 752 2090 vocatur
769 2024 971 2109 Oripoanne,
998 2029 1030 2090 et
1045 2022 1122 2090 inde
1136 2023 1179 2090 ad
1196 2023 1295 2090 alium
1313 2028 1508 2108 torrentum

384 2139 417 2202 et
432 2131 508 2198 inde
523 2151 636 2198 versus
654 2151 743 2200 mure
759 2132 802 2197 ad
819 2153 944 2198 murum
960 2133 1141 2218 pristinum.

492 2241 533 2305 Et
549 2259 609 2324 ego
627 2239 701 2306 Isau
717 2240 829 2308 Habas
845 2242 958 2308 Sancti
971 2241 1127 2327 Stephani
1144 2241 1205 2308 hoc
1220 2240 1346 2327 scripsi.

385 2475 470 2540 (Euen
492 2469 610 2542 okminy
626 2474 701 2526 rituid
724 2471 866 2527 kivnnatuit
879 2476 983 2528 Fariati
1005 2477 1077 2528 uuili
1099 2477 1236 2543 Illyricum
1260 2477 1372 2528 Sacrum
1387 2476 1439 2526 111.
1452 2476 1511 2526 kun

388 2567 447 2617 154.
461 2565 491 2627 l.;
512 2563 591 2632 egium
604 2563 732 2630 sntvegtt
746 2565 861 2616 Cartana
873 2567 992 2616 Fernncn
1006 2571 1073 2618 totto
1087 2563 1163 2629 knut,
1176 2566 1303 2617 Archivio
1315 2566 1472 2631 Capitulum
1484 2566 1513 2616 di

671 2653 790 2720 spalato,
803 2653 913 2719 Spalato
929 2657 1005 2704 181⁴.
1019 2657 1062 2704 ιιι.
1076 2655 1150 2706 skitv.
1165 2653 1204 2720 ιι.)
