3238 5184
873 939 951 1009 829.

343 1123 445 1190 Stooo
464 1129 577 1210 θεωρῇ
593 1121 686 1188 tocco
706 1119 856 1187 Trosborr
876 1117 1023 1208 steyaert
1037 1118 1222 1208 propotook
1237 1117 1355 1208 clodja.
1372 1119 1473 1186 1232.

409 1313 448 1384 Iu
458 1316 578 1385 Christi
588 1317 718 1385 nomine
725 1315 839 1384 Ammr.
852 1313 947 1382 Anno
959 1313 1150 1383 Natiuitatis
1162 1315 1232 1384 eius
1242 1313 1472 1384 nooxxxfl.

342 1427 468 1494 decimo
487 1423 649 1492 kalendas
665 1423 768 1492 iiodii
785 1421 964 1492 indictione
980 1443 1058 1492 uero
1075 1423 1126 1508 V.;
1144 1422 1304 1491 existente
1318 1422 1473 1508 trogoni

343 1536 517 1618 Treguano
533 1530 712 1600 venerabili
727 1531 902 1618 Episcopo,
922 1531 1088 1618 Stephano
1104 1530 1215 1600 inclito
1230 1529 1366 1616 Comitc,
1382 1527 1473 1598 Judi-

341 1643 434 1710 cibus
444 1639 578 1708 Oasotto
588 1645 621 1706 et
636 1637 724 1705 Luca
733 1637 920 1723 Theodosii,
937 1637 970 1704 in
984 1637 1172 1724 praesentia
1186 1638 1318 1706 testium
1334 1635 1471 1704 inferius

343 1749 555 1835 legendorum
571 1755 678 1816 actum
694 1753 745 1815 est
760 1747 830 1815 hoc.
851 1747 924 1832 Ego
941 1745 1101 1833 siquidem
1110 1747 1214 1814 Stuua
1229 1765 1312 1814 uxor
1327 1745 1473 1813 Potuisse

342 1893 386 1906 -
411 1893 455 1906 --
480 1891 523 1906 -
539 1893 583 1906 -
607 1855 797 1944 pronomine
822 1873 895 1924 oum
922 1853 997 1922 tiliis
1021 1855 1102 1923 meis
1128 1855 1279 1942 profiteor
1301 1860 1334 1922 ct
1364 1859 1468 1940 prote-

343 1973 412 2034 stor
434 1963 603 2052 accepisse
626 1984 646 2032 a
667 1969 700 2030 te
725 1960 856 2030 domino
875 1961 1039 2050 npnoopo
1062 1967 1241 2032 memorato
1261 1961 1377 2046 viginti
1400 1981 1471 2049 per·

343 2091 440 2160 poros
455 2071 584 2140 nomino
609 2069 705 2157 pretii
727 2089 786 2157 pro
802 2069 908 2156 domo,
933 2090 1017 2155 quoe
1041 2069 1101 2140 suit
1120 2071 1280 2138 nominati
1296 2071 1358 2138 viri
1384 2070 1470 2154 mei;

344 2199 442 2264 quam
458 2178 528 2264 tibi,
555 2178 683 2264 tuisque
708 2178 952 2246 successoribus
969 2177 1099 2248 vendidi
1124 2184 1280 2266 perpetuo
1305 2178 1471 2266 possiden·

344 2286 421 2354 dam
437 2306 510 2353 cum
526 2285 614 2354 omui
630 2285 762 2354 introitu
778 2285 924 2372 cicuitu,
943 2292 1042 2373 atquo
1057 2306 1130 2354 eum
1146 2287 1295 2354 omnibus
1310 2287 1473 2374 pertinen·

342 2393 411 2479 tiis,
428 2411 510 2478 quas
526 2391 613 2459 diota
629 2392 743 2460 domus
761 2394 894 2462 eircase
910 2393 1111 2480 dignoscitur
1126 2395 1256 2464 habore.
1273 2395 1347 2464 Sita
1361 2401 1470 2463 autem

345 2504 396 2566 est
412 2497 501 2566 diota
511 2497 627 2566 domus
639 2500 737 2582 Juxta
745 2500 836 2568 illam
846 2499 987 2589 domum,
1003 2522 1101 2588 quom
1111 2503 1227 2572 Venna
1241 2503 1360 2574 obtulit
1370 2505 1471 2572 Beato

344 2605 540 2690 Laurenti03
572 2607 701 2674 nomine
726 2629 802 2678 vero
828 2609 1009 2678 concambii
1033 2630 1131 2680 unum
1156 2631 1291 2699 passum
1316 2611 1358 2680 de
1383 2619 1470 2679 terra

342 2712 489 2798 longum,
507 2720 540 2780 ct
555 2715 698 2803 amplum
715 2717 803 2802 apud
821 2717 942 2803 pinum.
961 2719 1035 2786 'Pali
1051 2719 1180 2806 quidem
1199 2726 1312 2788 tenore
1327 2721 1472 2788 nomina*

342 2827 410 2888 tam
437 2820 661 2908 conrintini,
687 2825 816 2912 tuisque
838 2829 1079 2898 successoribus
1105 2829 1257 2917 vendidi,
1285 2837 1319 2898 ut
1334 2829 1470 2898 liberam

344 2927 469 2996 trabeas
495 2937 690 3017 potestatem
707 2931 749 3001 de
774 2933 848 3022 ipsa
867 2937 964 3021 juxta
979 2937 1063 3006 velle
1087 2943 1177 3006 tuum
1203 2937 1365 3025 iaciendi3
1391 2939 1470 3006 etsi

344 3035 464 3120 aliquis
479 3043 511 3103 te
538 3036 579 3104 de
596 3037 670 3125 ipsa
686 3040 899 3128 infestaverit,
916 3039 989 3133 [ego
1005 3065 1077 3113 cum
1094 3044 1181 3113 uatis
1197 3045 1278 3114 meio
1297 3044 1472 3129 debrigore

342 3145 485 3214 tenebor.

452 3252 555 3323 Huius
571 3262 679 3324 autem
696 3259 742 3326 rei
758 3265 858 3328 testes
873 3269 949 3330 suut
968 3285 976 3326 :
992 3264 1077 3333 Urso
1093 3263 1362 3351 Archidiaoouus‚
1378 3265 1471 3331 Inno-

345 3364 469 3431 oentius
493 3364 678 3452 Presbyter,
704 3368 895 3440 Theodorus
911 3373 1018 3460 Rugia
1042 3381 1075 3440 ot
1091 3373 1206 3443 Helias
1228 3373 1316 3442 filius
1337 3373 1470 3441 Mathei.

453 3471 495 3539 Et
510 3493 571 3556 ego
581 3474 748 3545 Johannes
757 3477 987 3564 rusguriensis
1000 3483 1129 3567 juratus
1138 3483 1294 3553 Notarius
1310 3488 1344 3550 et
1358 3482 1470 3550 Sancti

344 3577 511 3645 Laurentii
528 3578 711 3652 canonieus
735 3591 871 3655 vocatus
887 3590 929 3656 ab
946 3596 1084 3676 utraque
1107 3591 1259 3678 partium,
1285 3599 1318 3656 et
1334 3595 1469 3672 rogatus

345 3683 531 3767 apraetatu
548 3705 619 3752 cum
636 3687 712 3757 tiliis
727 3693 829 3760 Stena
844 3715 1000 3781 praesens
1019 3696 1266 3766 instrumentum
1282 3695 1413 3781 scripsi,
1437 3703 1469 3763 et

344 3792 490 3860 consueti
506 3793 595 3878 signi
611 3798 785 3870 munimine
804 3803 964 3873 roborari.

586 3993 711 4062 (Parieti,
724 3999 864 4066 illyricum
878 4003 990 4057 Sacrum
1004 4005 1050 4057 [V.
1063 4005 1119 4058 noa
1132 4007 1194 4060 838.
1207 4005 1236 4070 1.)
