<?xml version="1.0" encoding="UTF-8"?>
<!DOCTYPE html PUBLIC "-//W3C//DTD XHTML 1.0 Transitional//EN"
    "http://www.w3.org/TR/xhtml1/DTD/xhtml1-transitional.dtd">
<html xmlns="http://www.w3.org/1999/xhtml" xml:lang="en" lang="en">
 <head>
  <title>
</title>
<meta http-equiv="Content-Type" content="text/html;charset=utf-8" />
  <meta name='ocr-system' content='tesseract 3.04.00' />
  <meta name='ocr-capabilities' content='ocr_page ocr_carea ocr_par ocr_line ocrx_word'/>
</head>
<body>
  <div class='ocr_page' id='page_1' title='image "./codexdiplomatic05wenzgoog_0284.png"; bbox 0 0 3164 5192; ppageno 0'>
   <div class='ocr_carea' id='block_1_1' title="bbox 843 339 996 446">
    <p class='ocr_par' dir='ltr' id='par_1_1' title="bbox 843 339 996 446">
     <span class='ocr_line' id='line_1_1' title="bbox 843 339 996 446; baseline 0 -35"><span class='ocrx_word' id='word_1_1' title='bbox 843 339 996 446; x_wconf 53' lang='lat' dir='ltr'><strong>ffl-</strong></span> 
     </span>
    </p>
   </div>
   <div class='ocr_carea' id='block_1_2' title="bbox 358 533 1524 2026">
    <p class='ocr_par' dir='ltr' id='par_1_2' title="bbox 358 533 1524 2026">
     <span class='ocr_line' id='line_1_2' title="bbox 359 533 1492 630; baseline -0.007 -20"><span class='ocrx_word' id='word_1_2' title='bbox 359 559 457 630; x_wconf 86' lang='lat' dir='ltr'><strong>super</strong></span> <span class='ocrx_word' id='word_1_3' title='bbox 482 539 534 609; x_wconf 90' lang='lat' dir='ltr'><strong>his</strong></span> <span class='ocrx_word' id='word_1_4' title='bbox 558 539 721 627; x_wconf 82' lang='lat' dir='ltr'><strong>agendum</strong></span> <span class='ocrx_word' id='word_1_5' title='bbox 747 541 850 625; x_wconf 85' lang='lat' dir='ltr'><strong>soret,</strong></span> <span class='ocrx_word' id='word_1_6' title='bbox 875 541 1100 628; x_wconf 76' lang='lat' dir='ltr'><strong>supplicamus</strong></span> <span class='ocrx_word' id='word_1_7' title='bbox 1126 538 1272 626; x_wconf 91' lang='lat' dir='ltr'><strong>piissime</strong></span> <span class='ocrx_word' id='word_1_8' title='bbox 1296 533 1492 604; x_wconf 87' lang='lat' dir='ltr'><strong>Paternitati</strong></span> 
     </span>
     <span class='ocr_line' id='line_1_3' title="bbox 360 643 1492 734; baseline -0.007 -17"><span class='ocrx_word' id='word_1_9' title='bbox 360 650 515 734; x_wconf 77' lang='lat' dir='ltr'><strong>Vestrae,</strong></span> <span class='ocrx_word' id='word_1_10' title='bbox 542 656 578 718; x_wconf 90' lang='lat' dir='ltr'><strong>ut</strong></span> <span class='ocrx_word' id='word_1_11' title='bbox 594 647 705 716; x_wconf 84' lang='lat' dir='ltr'><strong>Divini</strong></span> <span class='ocrx_word' id='word_1_12' title='bbox 723 649 842 716; x_wconf 90' lang='lat' dir='ltr'><strong>amoris</strong></span> <span class='ocrx_word' id='word_1_13' title='bbox 859 648 977 716; x_wconf 93' lang='lat' dir='ltr'><strong>intuitu</strong></span> <span class='ocrx_word' id='word_1_14' title='bbox 994 669 1058 716; x_wconf 91' lang='lat' dir='ltr'><strong>nou</strong></span> <span class='ocrx_word' id='word_1_15' title='bbox 1077 646 1191 716; x_wconf 86' lang='lat' dir='ltr'><strong>feratis</strong></span> <span class='ocrx_word' id='word_1_16' title='bbox 1206 647 1362 732; x_wconf 73' lang='lat' dir='ltr'><strong>indigne,</strong></span> <span class='ocrx_word' id='word_1_17' title='bbox 1384 643 1492 710; x_wconf 86' lang='lat' dir='ltr'><strong>certis·</strong></span> 
     </span>
     <span class='ocr_line' id='line_1_4' title="bbox 359 753 1492 841; baseline -0.009 -18"><span class='ocrx_word' id='word_1_18' title='bbox 359 758 442 824; x_wconf 89' lang='lat' dir='ltr'><strong>sime</strong></span> <span class='ocrx_word' id='word_1_19' title='bbox 457 756 640 824; x_wconf 89' lang='lat' dir='ltr'><strong>tenentibus</strong></span> <span class='ocrx_word' id='word_1_20' title='bbox 656 756 769 840; x_wconf 86' lang='lat' dir='ltr'><strong>vobis,</strong></span> <span class='ocrx_word' id='word_1_21' title='bbox 797 756 894 841; x_wconf 84' lang='lat' dir='ltr'><strong>quod,</strong></span> <span class='ocrx_word' id='word_1_22' title='bbox 920 757 949 822; x_wconf 93' lang='lat' dir='ltr'><strong>si</strong></span> <span class='ocrx_word' id='word_1_23' title='bbox 968 763 1122 823; x_wconf 88' lang='lat' dir='ltr'><strong>ostensae</strong></span> <span class='ocrx_word' id='word_1_24' title='bbox 1139 754 1279 820; x_wconf 84' lang='lat' dir='ltr'><strong>luissent</strong></span> <span class='ocrx_word' id='word_1_25' title='bbox 1301 753 1431 818; x_wconf 87' lang='lat' dir='ltr'><strong>litterae</strong></span> <span class='ocrx_word' id='word_1_26' title='bbox 1444 798 1451 812; x_wconf 95' lang='lat'>.</span> <span class='ocrx_word' id='word_1_27' title='bbox 1465 797 1492 813; x_wconf 90' lang='lat'><strong>..</strong></span> 
     </span>
     <span class='ocr_line' id='line_1_5' title="bbox 360 857 1493 950; baseline -0.01 -20"><span class='ocrx_word' id='word_1_28' title='bbox 360 863 443 930; x_wconf 91' lang='lat' dir='ltr'><strong>Dnci</strong></span> <span class='ocrx_word' id='word_1_29' title='bbox 459 869 492 930; x_wconf 92' lang='lat' dir='ltr'><strong>et</strong></span> <span class='ocrx_word' id='word_1_30' title='bbox 508 863 650 948; x_wconf 87' lang='lat' dir='ltr'><strong>Venetis,</strong></span> <span class='ocrx_word' id='word_1_31' title='bbox 667 881 705 930; x_wconf 88' lang='lat' dir='ltr'><strong>eo</strong></span> <span class='ocrx_word' id='word_1_32' title='bbox 721 863 794 931; x_wconf 89' lang='lat' dir='ltr'><strong>loco</strong></span> <span class='ocrx_word' id='word_1_33' title='bbox 810 870 843 929; x_wconf 92' lang='lat' dir='ltr'><strong>et</strong></span> <span class='ocrx_word' id='word_1_34' title='bbox 857 870 1014 950; x_wconf 91' lang='lat' dir='ltr'><strong>tempore,</strong></span> <span class='ocrx_word' id='word_1_35' title='bbox 1036 862 1123 948; x_wconf 88' lang='lat' dir='ltr'><strong>quod</strong></span> <span class='ocrx_word' id='word_1_36' title='bbox 1137 863 1211 949; x_wconf 91' lang='lat' dir='ltr'><strong>ipsa</strong></span> <span class='ocrx_word' id='word_1_37' title='bbox 1226 861 1289 946; x_wconf 92' lang='lat' dir='ltr'><strong>die,</strong></span> <span class='ocrx_word' id='word_1_38' title='bbox 1311 867 1344 927; x_wconf 89' lang='lat' dir='ltr'><strong>et</strong></span> <span class='ocrx_word' id='word_1_39' title='bbox 1360 857 1493 926; x_wconf 89' lang='lat' dir='ltr'><strong>stolium</strong></span> 
     </span>
     <span class='ocr_line' id='line_1_6' title="bbox 358 963 1524 1058; baseline -0.005 -20"><span class='ocrx_word' id='word_1_40' title='bbox 358 977 510 1058; x_wconf 92' lang='lat' dir='ltr'><strong>ruptum,</strong></span> <span class='ocrx_word' id='word_1_41' title='bbox 527 976 560 1038; x_wconf 93' lang='lat' dir='ltr'><strong>et</strong></span> <span class='ocrx_word' id='word_1_42' title='bbox 574 990 658 1039; x_wconf 91' lang='lat' dir='ltr'><strong>nunc</strong></span> <span class='ocrx_word' id='word_1_43' title='bbox 674 969 792 1039; x_wconf 83' lang='lat' dir='ltr'><strong>luisset</strong></span> <span class='ocrx_word' id='word_1_44' title='bbox 807 971 986 1040; x_wconf 90' lang='lat' dir='ltr'><strong>dissolutus</strong></span> <span class='ocrx_word' id='word_1_45' title='bbox 1002 971 1175 1039; x_wconf 84' lang='lat' dir='ltr'><strong>exercitus.</strong></span> <span class='ocrx_word' id='word_1_46' title='bbox 1197 971 1295 1054; x_wconf 83' lang='lat' dir='ltr'><strong>Sene,</strong></span> <span class='ocrx_word' id='word_1_47' title='bbox 1318 989 1378 1055; x_wconf 91' lang='lat' dir='ltr'><strong>per</strong></span> <span class='ocrx_word' id='word_1_48' title='bbox 1393 963 1495 1050; x_wconf 85' lang='lat' dir='ltr'><strong>magi-</strong></span> <span class='ocrx_word' id='word_1_49' title='bbox 1513 970 1524 978; x_wconf 86' lang='lat'><strong><em>‘</em></strong></span> 
     </span>
     <span class='ocr_line' id='line_1_7' title="bbox 360 1075 1494 1164; baseline -0.007 -18"><span class='ocrx_word' id='word_1_50' title='bbox 360 1085 463 1146; x_wconf 90' lang='lat' dir='ltr'><strong>strum</strong></span> <span class='ocrx_word' id='word_1_51' title='bbox 478 1077 638 1146; x_wconf 80' lang='lat' dir='ltr'><strong>loannem</strong></span> <span class='ocrx_word' id='word_1_52' title='bbox 654 1077 928 1164; x_wconf 85' lang='lat' dir='ltr'><strong>Noviomensem,</strong></span> <span class='ocrx_word' id='word_1_53' title='bbox 954 1079 1099 1146; x_wconf 92' lang='lat' dir='ltr'><strong>nuntium</strong></span> <span class='ocrx_word' id='word_1_54' title='bbox 1116 1087 1271 1164; x_wconf 88' lang='lat' dir='ltr'><strong>nostrum,</strong></span> <span class='ocrx_word' id='word_1_55' title='bbox 1292 1075 1494 1162; x_wconf 85' lang='lat' dir='ltr'><strong>accepimus,</strong></span> 
     </span>
     <span class='ocr_line' id='line_1_8' title="bbox 361 1179 1495 1272; baseline -0.006 -19"><span class='ocrx_word' id='word_1_56' title='bbox 361 1185 448 1272; x_wconf 87' lang='lat' dir='ltr'><strong>quod</strong></span> <span class='ocrx_word' id='word_1_57' title='bbox 464 1186 535 1271; x_wconf 91' lang='lat' dir='ltr'><strong>ipse</strong></span> <span class='ocrx_word' id='word_1_58' title='bbox 551 1207 610 1270; x_wconf 93' lang='lat' dir='ltr'><strong>pro</strong></span> <span class='ocrx_word' id='word_1_59' title='bbox 626 1183 866 1252; x_wconf 90' lang='lat' dir='ltr'><strong>dissimulanda</strong></span> <span class='ocrx_word' id='word_1_60' title='bbox 883 1185 1219 1254; x_wconf 81' lang='lat' dir='ltr'><strong>excommunicatione</strong></span> <span class='ocrx_word' id='word_1_61' title='bbox 1234 1185 1434 1250; x_wconf 87' lang='lat' dir='ltr'><strong>Venetorum</strong></span> <span class='ocrx_word' id='word_1_62' title='bbox 1451 1179 1495 1246; x_wconf 86' lang='lat' dir='ltr'><strong>ad</strong></span> 
     </span>
     <span class='ocr_line' id='line_1_9' title="bbox 361 1289 1497 1379; baseline -0.006 -19"><span class='ocrx_word' id='word_1_63' title='bbox 361 1301 500 1378; x_wconf 88' lang='lat' dir='ltr'><strong>tempus,</strong></span> <span class='ocrx_word' id='word_1_64' title='bbox 517 1311 577 1378; x_wconf 94' lang='lat' dir='ltr'><strong>pro</strong></span> <span class='ocrx_word' id='word_1_65' title='bbox 593 1293 665 1379; x_wconf 91' lang='lat' dir='ltr'><strong>ipso</strong></span> <span class='ocrx_word' id='word_1_66' title='bbox 682 1293 827 1378; x_wconf 88' lang='lat' dir='ltr'><strong>periculo</strong></span> <span class='ocrx_word' id='word_1_67' title='bbox 847 1293 1071 1362; x_wconf 86' lang='lat' dir='ltr'><strong>dissolutionis</strong></span> <span class='ocrx_word' id='word_1_68' title='bbox 1098 1295 1280 1378; x_wconf 88' lang='lat' dir='ltr'><strong>exercitus,</strong></span> <span class='ocrx_word' id='word_1_69' title='bbox 1299 1289 1497 1358; x_wconf 86' lang='lat' dir='ltr'><strong>Paternitati</strong></span> 
     </span>
     <span class='ocr_line' id='line_1_10' title="bbox 362 1399 1497 1488; baseline -0.006 -20"><span class='ocrx_word' id='word_1_70' title='bbox 362 1403 499 1468; x_wconf 87' lang='lat' dir='ltr'><strong>Vestrae</strong></span> <span class='ocrx_word' id='word_1_71' title='bbox 523 1401 718 1487; x_wconf 87' lang='lat' dir='ltr'><strong>propensius</strong></span> <span class='ocrx_word' id='word_1_72' title='bbox 745 1401 984 1488; x_wconf 85' lang='lat' dir='ltr'><strong>supplicasset,</strong></span> <span class='ocrx_word' id='word_1_73' title='bbox 1012 1409 1044 1470; x_wconf 91' lang='lat' dir='ltr'><strong>et</strong></span> <span class='ocrx_word' id='word_1_74' title='bbox 1068 1424 1133 1472; x_wconf 93' lang='lat' dir='ltr'><strong>non</strong></span> <span class='ocrx_word' id='word_1_75' title='bbox 1160 1401 1276 1469; x_wconf 84' lang='lat' dir='ltr'><strong>luisset</strong></span> <span class='ocrx_word' id='word_1_76' title='bbox 1292 1399 1437 1480; x_wconf 88' lang='lat' dir='ltr'><strong>auditus,</strong></span> <span class='ocrx_word' id='word_1_77' title='bbox 1464 1402 1497 1462; x_wconf 91' lang='lat' dir='ltr'><strong>et</strong></span> 
     </span>
     <span class='ocr_line' id='line_1_11' title="bbox 362 1505 1496 1597; baseline -0.004 -24"><span class='ocrx_word' id='word_1_78' title='bbox 362 1507 449 1592; x_wconf 88' lang='lat' dir='ltr'><strong>quod</strong></span> <span class='ocrx_word' id='word_1_79' title='bbox 473 1527 572 1595; x_wconf 89' lang='lat' dir='ltr'><strong>super</strong></span> <span class='ocrx_word' id='word_1_80' title='bbox 597 1506 659 1575; x_wconf 90' lang='lat' dir='ltr'><strong>hoc</strong></span> <span class='ocrx_word' id='word_1_81' title='bbox 685 1508 896 1594; x_wconf 89' lang='lat' dir='ltr'><strong>imposuisset</strong></span> <span class='ocrx_word' id='word_1_82' title='bbox 922 1510 952 1576; x_wconf 91' lang='lat' dir='ltr'><strong>ci</strong></span> <span class='ocrx_word' id='word_1_83' title='bbox 968 1511 1155 1597; x_wconf 83' lang='lat' dir='ltr'><strong>praeceptio</strong></span> <span class='ocrx_word' id='word_1_84' title='bbox 1182 1515 1291 1576; x_wconf 86' lang='lat' dir='ltr'><strong>vestra</strong></span> <span class='ocrx_word' id='word_1_85' title='bbox 1314 1505 1496 1574; x_wconf 88' lang='lat' dir='ltr'><strong>silentium.</strong></span> 
     </span>
     <span class='ocr_line' id='line_1_12' title="bbox 363 1615 1497 1702; baseline -0.004 -20"><span class='ocrx_word' id='word_1_86' title='bbox 363 1615 583 1682; x_wconf 87' lang='lat' dir='ltr'><strong>Nihilominus</strong></span> <span class='ocrx_word' id='word_1_87' title='bbox 607 1621 717 1682; x_wconf 85' lang='lat' dir='ltr'><strong>temen</strong></span> <span class='ocrx_word' id='word_1_88' title='bbox 734 1615 935 1684; x_wconf 85' lang='lat' dir='ltr'><strong>voluntatem</strong></span> <span class='ocrx_word' id='word_1_89' title='bbox 951 1623 1094 1686; x_wconf 85' lang='lat' dir='ltr'><strong>vestram</strong></span> <span class='ocrx_word' id='word_1_90' title='bbox 1109 1617 1270 1702; x_wconf 88' lang='lat' dir='ltr'><strong>inquirere</strong></span> <span class='ocrx_word' id='word_1_91' title='bbox 1285 1617 1407 1683; x_wconf 85' lang='lat' dir='ltr'><strong>iterata</strong></span> <span class='ocrx_word' id='word_1_92' title='bbox 1423 1631 1497 1679; x_wconf 90' lang='lat' dir='ltr'><strong>con·</strong></span> 
     </span>
     <span class='ocr_line' id='line_1_13' title="bbox 363 1723 1498 1813; baseline -0.006 -23"><span class='ocrx_word' id='word_1_93' title='bbox 363 1723 537 1790; x_wconf 86' lang='lat' dir='ltr'><strong>sultatione</strong></span> <span class='ocrx_word' id='word_1_94' title='bbox 554 1723 746 1808; x_wconf 84' lang='lat' dir='ltr'><strong>maluimus,</strong></span> <span class='ocrx_word' id='word_1_95' title='bbox 769 1743 868 1808; x_wconf 88' lang='lat' dir='ltr'><strong>quam</strong></span> <span class='ocrx_word' id='word_1_96' title='bbox 885 1726 918 1791; x_wconf 95' lang='lat' dir='ltr'><strong>in</strong></span> <span class='ocrx_word' id='word_1_97' title='bbox 934 1747 1106 1813; x_wconf 88' lang='lat' dir='ltr'><strong>corporum</strong></span> <span class='ocrx_word' id='word_1_98' title='bbox 1122 1733 1154 1791; x_wconf 89' lang='lat' dir='ltr'><strong>et</strong></span> <span class='ocrx_word' id='word_1_99' title='bbox 1170 1723 1353 1792; x_wconf 88' lang='lat' dir='ltr'><strong>animarum</strong></span> <span class='ocrx_word' id='word_1_100' title='bbox 1369 1725 1498 1786; x_wconf 88' lang='lat' dir='ltr'><strong>nostra·</strong></span> 
     </span>
     <span class='ocr_line' id='line_1_14' title="bbox 363 1829 1498 1924; baseline -0.007 -26"><span class='ocrx_word' id='word_1_101' title='bbox 363 1851 433 1898; x_wconf 91' lang='lat' dir='ltr'><strong>rum</strong></span> <span class='ocrx_word' id='word_1_102' title='bbox 449 1831 640 1917; x_wconf 88' lang='lat' dir='ltr'><strong>periculum,</strong></span> <span class='ocrx_word' id='word_1_103' title='bbox 657 1837 691 1898; x_wconf 87' lang='lat' dir='ltr'><strong>el</strong></span> <span class='ocrx_word' id='word_1_104' title='bbox 705 1836 811 1899; x_wconf 89' lang='lat' dir='ltr'><strong>terrae</strong></span> <span class='ocrx_word' id='word_1_105' title='bbox 826 1841 961 1924; x_wconf 86' lang='lat' dir='ltr'><strong>sanctae</strong></span> <span class='ocrx_word' id='word_1_106' title='bbox 974 1833 1222 1911; x_wconf 87' lang='lat' dir='ltr'><strong>desolationem,</strong></span> <span class='ocrx_word' id='word_1_107' title='bbox 1237 1838 1269 1898; x_wconf 91' lang='lat' dir='ltr'><strong>et</strong></span> <span class='ocrx_word' id='word_1_108' title='bbox 1287 1829 1498 1896; x_wconf 87' lang='lat' dir='ltr'><strong>inimicorum</strong></span> 
     </span>
     <span class='ocr_line' id='line_1_15' title="bbox 363 1932 1499 2026; baseline -0.007 -22"><span class='ocrx_word' id='word_1_109' title='bbox 363 1937 468 2004; x_wconf 90' lang='lat' dir='ltr'><strong>crucis</strong></span> <span class='ocrx_word' id='word_1_110' title='bbox 483 1935 727 2004; x_wconf 89' lang='lat' dir='ltr'><strong>insultationem</strong></span> <span class='ocrx_word' id='word_1_111' title='bbox 743 1943 841 2022; x_wconf 91' lang='lat' dir='ltr'><strong>atquc</strong></span> <span class='ocrx_word' id='word_1_112' title='bbox 857 1938 1018 2026; x_wconf 88' lang='lat' dir='ltr'><strong>derisum,</strong></span> <span class='ocrx_word' id='word_1_113' title='bbox 1049 1947 1162 2006; x_wconf 88' lang='lat' dir='ltr'><strong>contra</strong></span> <span class='ocrx_word' id='word_1_114' title='bbox 1180 1938 1380 2004; x_wconf 87' lang='lat' dir='ltr'><strong>uoluntatem</strong></span> <span class='ocrx_word' id='word_1_115' title='bbox 1396 1932 1499 1998; x_wconf 88' lang='lat' dir='ltr'><strong>etiam</strong></span> 
     </span>
    </p>
   </div>
   <div class='ocr_carea' id='block_1_3' title="bbox 234 2037 1499 2132">
    <p class='ocr_par' dir='ltr' id='par_1_3' title="bbox 234 2037 1499 2132">
     <span class='ocr_line' id='line_1_16' title="bbox 234 2037 1499 2132; baseline -0.01 -17"><span class='ocrx_word' id='word_1_116' title='bbox 234 2119 237 2126; x_wconf 67' lang='grc'><strong>,</strong></span> <span class='ocrx_word' id='word_1_117' title='bbox 363 2051 518 2130; x_wconf 86' lang='lat' dir='ltr'><strong>vestram,</strong></span> <span class='ocrx_word' id='word_1_118' title='bbox 535 2043 618 2110; x_wconf 90' lang='lat' dir='ltr'><strong>sicut</strong></span> <span class='ocrx_word' id='word_1_119' title='bbox 633 2044 765 2112; x_wconf 90' lang='lat' dir='ltr'><strong>omnino</strong></span> <span class='ocrx_word' id='word_1_120' title='bbox 782 2045 962 2131; x_wconf 86' lang='lat' dir='ltr'><strong>credimus,</strong></span> <span class='ocrx_word' id='word_1_121' title='bbox 990 2055 1023 2114; x_wconf 91' lang='lat' dir='ltr'><strong>et</strong></span> <span class='ocrx_word' id='word_1_122' title='bbox 1038 2065 1097 2132; x_wconf 90' lang='lat' dir='ltr'><strong>per</strong></span> <span class='ocrx_word' id='word_1_123' title='bbox 1115 2045 1245 2112; x_wconf 88' lang='lat' dir='ltr'><strong>nuntios</strong></span> <span class='ocrx_word' id='word_1_124' title='bbox 1262 2049 1389 2118; x_wconf 85' lang='lat' dir='ltr'><strong>uestros</strong></span> <span class='ocrx_word' id='word_1_125' title='bbox 1406 2037 1499 2104; x_wconf 86' lang='lat' dir='ltr'><strong>intel·</strong></span> 
     </span>
    </p>
   </div>
   <div class='ocr_carea' id='block_1_4' title="bbox 363 2145 1514 2672">
    <p class='ocr_par' dir='ltr' id='par_1_4' title="bbox 363 2145 1514 2672">
     <span class='ocr_line' id='line_1_17' title="bbox 363 2145 1514 2239; baseline -0.003 -18"><span class='ocrx_word' id='word_1_126' title='bbox 363 2153 513 2239; x_wconf 77' lang='lat' dir='ltr'><strong>lenimus,</strong></span> <span class='ocrx_word' id='word_1_127' title='bbox 539 2171 599 2239; x_wconf 90' lang='lat' dir='ltr'><strong>per</strong></span> <span class='ocrx_word' id='word_1_128' title='bbox 615 2151 774 2220; x_wconf 86' lang='lat' dir='ltr'><strong>dictarum</strong></span> <span class='ocrx_word' id='word_1_129' title='bbox 790 2153 1010 2222; x_wconf 87' lang='lat' dir='ltr'><strong>ostensionem</strong></span> <span class='ocrx_word' id='word_1_130' title='bbox 1026 2155 1206 2220; x_wconf 87' lang='lat' dir='ltr'><strong>litterarum</strong></span> <span class='ocrx_word' id='word_1_131' title='bbox 1219 2151 1352 2218; x_wconf 90' lang='lat' dir='ltr'><strong>stolium</strong></span> <span class='ocrx_word' id='word_1_132' title='bbox 1369 2145 1514 2217; x_wconf 80' lang='lat' dir='ltr'><strong>scinde.</strong></span> 
     </span>
     <span class='ocr_line' id='line_1_18' title="bbox 364 2256 1498 2332; baseline -0.006 -4"><span class='ocrx_word' id='word_1_133' title='bbox 364 2271 463 2330; x_wconf 86' lang='lat' dir='ltr'><strong>retur.</strong></span> <span class='ocrx_word' id='word_1_134' title='bbox 489 2261 575 2328; x_wconf 94' lang='lat' dir='ltr'><strong>lllud</strong></span> <span class='ocrx_word' id='word_1_135' title='bbox 592 2269 702 2328; x_wconf 88' lang='lat' dir='ltr'><strong>autem</strong></span> <span class='ocrx_word' id='word_1_136' title='bbox 727 2263 906 2331; x_wconf 87' lang='lat' dir='ltr'><strong>certissime</strong></span> <span class='ocrx_word' id='word_1_137' title='bbox 923 2271 1033 2332; x_wconf 87' lang='lat' dir='ltr'><strong>teneat</strong></span> <span class='ocrx_word' id='word_1_138' title='bbox 1048 2261 1259 2330; x_wconf 89' lang='lat' dir='ltr'><strong>Paternitatis</strong></span> <span class='ocrx_word' id='word_1_139' title='bbox 1277 2261 1418 2327; x_wconf 87' lang='lat' dir='ltr'><strong>Vestrae</strong></span> <span class='ocrx_word' id='word_1_140' title='bbox 1435 2256 1498 2322; x_wconf 88' lang='lat' dir='ltr'><strong>dis·</strong></span> 
     </span>
     <span class='ocr_line' id='line_1_19' title="bbox 365 2366 1496 2458; baseline -0.005 -22"><span class='ocrx_word' id='word_1_141' title='bbox 365 2367 476 2455; x_wconf 90' lang='lat' dir='ltr'><strong>cretio,</strong></span> <span class='ocrx_word' id='word_1_142' title='bbox 494 2369 580 2452; x_wconf 90' lang='lat' dir='ltr'><strong>quod</strong></span> <span class='ocrx_word' id='word_1_143' title='bbox 597 2368 753 2454; x_wconf 89' lang='lat' dir='ltr'><strong>quidquid</strong></span> <span class='ocrx_word' id='word_1_144' title='bbox 769 2389 868 2457; x_wconf 90' lang='lat' dir='ltr'><strong>supcr</strong></span> <span class='ocrx_word' id='word_1_145' title='bbox 884 2371 1000 2439; x_wconf 85' lang='lat' dir='ltr'><strong>litteris</strong></span> <span class='ocrx_word' id='word_1_146' title='bbox 1016 2372 1140 2439; x_wconf 90' lang='lat' dir='ltr'><strong>eisdem</strong></span> <span class='ocrx_word' id='word_1_147' title='bbox 1158 2367 1363 2458; x_wconf 87' lang='lat' dir='ltr'><strong>praeceperit</strong></span> <span class='ocrx_word' id='word_1_148' title='bbox 1375 2366 1496 2451; x_wconf 77' lang='lat' dir='ltr'><strong>iussio·</strong></span> 
     </span>
     <span class='ocr_line' id='line_1_20' title="bbox 365 2475 1496 2566; baseline -0.004 -24"><span class='ocrx_word' id='word_1_149' title='bbox 365 2495 415 2560; x_wconf 90' lang='lat' dir='ltr'><strong>ne,</strong></span> <span class='ocrx_word' id='word_1_150' title='bbox 434 2475 591 2560; x_wconf 91' lang='lat' dir='ltr'><strong>quidquid</strong></span> <span class='ocrx_word' id='word_1_151' title='bbox 607 2476 684 2542; x_wconf 91' lang='lat' dir='ltr'><strong>inde</strong></span> <span class='ocrx_word' id='word_1_152' title='bbox 696 2477 883 2565; x_wconf 82' lang='lat' dir='ltr'><strong>contingere</strong></span> <span class='ocrx_word' id='word_1_153' title='bbox 898 2479 1026 2566; x_wconf 86' lang='lat' dir='ltr'><strong>debeat,</strong></span> <span class='ocrx_word' id='word_1_154' title='bbox 1044 2479 1114 2547; x_wconf 86' lang='lat' dir='ltr'><strong>sive</strong></span> <span class='ocrx_word' id='word_1_155' title='bbox 1130 2480 1235 2548; x_wconf 89' lang='lat' dir='ltr'><strong>dictus</strong></span> <span class='ocrx_word' id='word_1_156' title='bbox 1250 2476 1408 2562; x_wconf 83' lang='lat' dir='ltr'><strong>Marchio,</strong></span> <span class='ocrx_word' id='word_1_157' title='bbox 1426 2475 1496 2542; x_wconf 85' lang='lat' dir='ltr'><strong>sive</strong></span> 
     </span>
     <span class='ocr_line' id='line_1_21' title="bbox 365 2583 1310 2672; baseline 0.002 -23"><span class='ocrx_word' id='word_1_158' title='bbox 365 2583 544 2668; x_wconf 91' lang='lat' dir='ltr'><strong>cuicunque</strong></span> <span class='ocrx_word' id='word_1_159' title='bbox 560 2603 600 2649; x_wconf 86' lang='lat' dir='ltr'><strong>ex</strong></span> <span class='ocrx_word' id='word_1_160' title='bbox 618 2585 710 2652; x_wconf 86' lang='lat' dir='ltr'><strong>nobis</strong></span> <span class='ocrx_word' id='word_1_161' title='bbox 727 2585 942 2672; x_wconf 84' lang='lat' dir='ltr'><strong>injunxeritis,</strong></span> <span class='ocrx_word' id='word_1_162' title='bbox 963 2587 1061 2656; x_wconf 85' lang='lat' dir='ltr'><strong>faciet</strong></span> <span class='ocrx_word' id='word_1_163' title='bbox 1077 2589 1310 2656; x_wconf 87' lang='lat' dir='ltr'><strong>incunctanter.</strong></span> 
     </span>
    </p>
   </div>
   <div class='ocr_carea' id='block_1_5' title="bbox 366 2780 1495 2943">
    <p class='ocr_par' dir='ltr' id='par_1_5' title="bbox 366 2780 1495 2943">
     <span class='ocr_line' id='line_1_22' title="bbox 366 2780 1495 2850; baseline 0 -16"><span class='ocrx_word' id='word_1_164' title='bbox 366 2780 470 2850; x_wconf 71' lang='lat' dir='ltr'><strong>(iligna</strong></span> <span class='ocrx_word' id='word_1_165' title='bbox 483 2797 509 2834; x_wconf 91' lang='lat' dir='ltr'><strong>u.</strong></span> <span class='ocrx_word' id='word_1_166' title='bbox 524 2801 548 2835; x_wconf 95' lang='lat' dir='ltr'><strong>o.</strong></span> <span class='ocrx_word' id='word_1_167' title='bbox 563 2783 598 2836; x_wconf 90' lang='lat'><strong>11.</strong></span> <span class='ocrx_word' id='word_1_168' title='bbox 613 2784 669 2836; x_wconf 81' lang='lat' dir='ltr'><strong>ket.</strong></span> <span class='ocrx_word' id='word_1_169' title='bbox 686 2787 744 2838; x_wconf 79' lang='lat'>10³.</span> <span class='ocrx_word' id='word_1_170' title='bbox 756 2786 776 2838; x_wconf 93' lang='lat' dir='ltr'><strong>l.</strong></span> <span class='ocrx_word' id='word_1_171' title='bbox 789 2787 868 2838; x_wconf 83' lang='lat' dir='ltr'><strong>Talei</strong></span> <span class='ocrx_word' id='word_1_172' title='bbox 879 2785 907 2838; x_wconf 75' lang='lat' dir='ltr'><strong>ta</strong></span> <span class='ocrx_word' id='word_1_173' title='bbox 920 2787 1054 2850; x_wconf 77' lang='lat' dir='ltr'><strong>Thomas,</strong></span> <span class='ocrx_word' id='word_1_174' title='bbox 1073 2787 1224 2840; x_wconf 88' lang='lat' dir='ltr'><strong>Urlrunden</strong></span> <span class='ocrx_word' id='word_1_175' title='bbox 1238 2802 1286 2838; x_wconf 85' lang='lat' dir='ltr'><strong>aur</strong></span> <span class='ocrx_word' id='word_1_176' title='bbox 1298 2785 1406 2836; x_wconf 68' lang='lat' dir='ltr'><strong>diteren</strong></span> <span class='ocrx_word' id='word_1_177' title='bbox 1419 2785 1495 2834; x_wconf 82' lang='lat' dir='ltr'><strong>Han-</strong></span> 
     </span>
     <span class='ocr_line' id='line_1_23' title="bbox 366 2871 1494 2943; baseline -0.003 -18"><span class='ocrx_word' id='word_1_178' title='bbox 366 2871 423 2925; x_wconf 85' lang='lat' dir='ltr'><strong>dcls</strong></span> <span class='ocrx_word' id='word_1_179' title='bbox 435 2875 489 2926; x_wconf 83' lang='lat' dir='ltr'><strong>ancl</strong></span> <span class='ocrx_word' id='word_1_180' title='bbox 502 2875 752 2940; x_wconf 72' lang='lat' dir='ltr'><strong>staatsgesehiclrte</strong></span> <span class='ocrx_word' id='word_1_181' title='bbox 764 2877 811 2926; x_wconf 84' lang='lat' dir='ltr'><strong>der</strong></span> <span class='ocrx_word' id='word_1_182' title='bbox 822 2877 959 2943; x_wconf 83' lang='lat' dir='ltr'><strong>Republilr</strong></span> <span class='ocrx_word' id='word_1_183' title='bbox 978 2876 1099 2943; x_wconf 79' lang='lat' dir='ltr'><strong>Venedig</strong></span> <span class='ocrx_word' id='word_1_184' title='bbox 1112 2877 1135 2928; x_wconf 90' lang='lat'><strong>1.</strong></span> <span class='ocrx_word' id='word_1_185' title='bbox 1149 2877 1176 2927; x_wconf 78' lang='lat' dir='ltr'><strong>lu.</strong></span> <span class='ocrx_word' id='word_1_186' title='bbox 1189 2879 1250 2929; x_wconf 79' lang='lat' dir='ltr'><strong>lli.</strong></span> <span class='ocrx_word' id='word_1_187' title='bbox 1264 2874 1284 2930; x_wconf 87' lang='lat' dir='ltr'><strong>l.</strong></span> <span class='ocrx_word' id='word_1_188' title='bbox 1303 2875 1380 2926; x_wconf 79' lang='lat' dir='ltr'><strong>Ezeu</strong></span> <span class='ocrx_word' id='word_1_189' title='bbox 1393 2872 1494 2925; x_wconf 74' lang='lat' dir='ltr'><strong>levelre</strong></span> 
     </span>
    </p>
   </div>
   <div class='ocr_carea' id='block_1_6' title="bbox 366 2961 1495 3123">
    <p class='ocr_par' dir='ltr' id='par_1_6' title="bbox 366 2961 1495 3123">
     <span class='ocr_line' id='line_1_24' title="bbox 366 2961 1495 3033; baseline -0.001 -17"><span class='ocrx_word' id='word_1_190' title='bbox 366 2961 450 3016; x_wconf 77' lang='lat' dir='ltr'><strong>utare</strong></span> <span class='ocrx_word' id='word_1_191' title='bbox 462 2965 480 3019; x_wconf 94' lang='lat' dir='ltr'><strong>l.</strong></span> <span class='ocrx_word' id='word_1_192' title='bbox 494 2965 663 3018; x_wconf 80' lang='lat' dir='ltr'><strong>Montierrati</strong></span> <span class='ocrx_word' id='word_1_193' title='bbox 677 2963 806 3019; x_wconf 76' lang='lat' dir='ltr'><strong>Boniitca</strong></span> <span class='ocrx_word' id='word_1_194' title='bbox 819 2965 935 3032; x_wconf 76' lang='lat' dir='ltr'><strong>grdlnalr</strong></span> <span class='ocrx_word' id='word_1_195' title='bbox 949 2981 1108 3033; x_wconf 82' lang='lat' dir='ltr'><strong>ugyanauon</strong></span> <span class='ocrx_word' id='word_1_196' title='bbox 1122 2965 1164 3017; x_wconf 75' lang='lat' dir='ltr'><strong>tvi</strong></span> <span class='ocrx_word' id='word_1_197' title='bbox 1178 2963 1277 3017; x_wconf 74' lang='lat' dir='ltr'><strong>leveltt</strong></span> <span class='ocrx_word' id='word_1_198' title='bbox 1289 2961 1418 3029; x_wconf 75' lang='lat' dir='ltr'><strong>Fejernel</strong></span> <span class='ocrx_word' id='word_1_199' title='bbox 1432 2963 1495 3015; x_wconf 86' lang='lat' dir='ltr'><strong>Cod.</strong></span> 
     </span>
     <span class='ocr_line' id='line_1_25' title="bbox 776 3055 1086 3123; baseline 0 -16"><span class='ocrx_word' id='word_1_200' title='bbox 776 3057 848 3123; x_wconf 91' lang='lat' dir='ltr'><strong>Dipl.</strong></span> <span class='ocrx_word' id='word_1_201' title='bbox 862 3059 899 3108; x_wconf 90' lang='lat'><strong>11.</strong></span> <span class='ocrx_word' id='word_1_202' title='bbox 913 3055 968 3112; x_wconf 81' lang='lat' dir='ltr'><strong>ket</strong></span> <span class='ocrx_word' id='word_1_203' title='bbox 982 3057 1041 3108; x_wconf 83' lang='grc'><strong>399.</strong></span> <span class='ocrx_word' id='word_1_204' title='bbox 1056 3056 1086 3122; x_wconf 88' lang='lat' dir='ltr'><strong>l.)</strong></span> 
     </span>
    </p>
   </div>
   <div class='ocr_carea' id='block_1_7' title="bbox 805 3347 1073 3360">
    <p class='ocr_par' dir='ltr' id='par_1_7' title="bbox 805 3347 1073 3360">
     <span class='ocr_line' id='line_1_26' title="bbox 805 3347 1073 3360; baseline 0.007 -2"><span class='ocrx_word' id='word_1_205' title='bbox 805 3347 1073 3360; x_wconf 53' lang='lat' dir='ltr'><strong>m</strong></span> 
     </span>
    </p>
   </div>
   <div class='ocr_carea' id='block_1_8' title="bbox 888 3796 964 3869">
    <p class='ocr_par' dir='ltr' id='par_1_8' title="bbox 888 3796 964 3869">
     <span class='ocr_line' id='line_1_27' title="bbox 888 3796 964 3869; baseline 0.013 -1"><span class='ocrx_word' id='word_1_206' title='bbox 888 3796 964 3869; x_wconf 77' lang='lat' dir='ltr'><strong>lue.</strong></span> 
     </span>
    </p>
   </div>
   <div class='ocr_carea' id='block_1_9' title="bbox 366 3996 1491 4178">
    <p class='ocr_par' dir='ltr' id='par_1_9' title="bbox 366 3996 1491 4178">
     <span class='ocr_line' id='line_1_28' title="bbox 366 3996 1491 4090; baseline 0.006 -26"><span class='ocrx_word' id='word_1_207' title='bbox 366 3996 429 4064; x_wconf 79' lang='lat' dir='ltr'><strong>lli.</strong></span> <span class='ocrx_word' id='word_1_208' title='bbox 444 3997 532 4066; x_wconf 78' lang='lat' dir='ltr'><strong>[uoce</strong></span> <span class='ocrx_word' id='word_1_209' title='bbox 543 3997 802 4090; x_wconf 80' lang='lat' dir='ltr'><strong>pdpdualcleoela</strong></span> <span class='ocrx_word' id='word_1_210' title='bbox 812 4023 996 4090; x_wconf 76' lang='lat' dir='ltr'><strong>apyuaoaeon</strong></span> <span class='ocrx_word' id='word_1_211' title='bbox 1007 3999 1161 4088; x_wconf 75' lang='lat' dir='ltr'><strong>ldrpyboa</strong></span> <span class='ocrx_word' id='word_1_212' title='bbox 1171 4025 1192 4067; x_wconf 86' lang='lat' dir='ltr'><strong>a</strong></span> <span class='ocrx_word' id='word_1_213' title='bbox 1201 3999 1357 4088; x_wconf 78' lang='lat' dir='ltr'><strong>frauccia</strong></span> <span class='ocrx_word' id='word_1_214' title='bbox 1374 4005 1491 4071; x_wconf 67' lang='lat' dir='ltr'><strong>kermu-</strong></span> 
     </span>
     <span class='ocr_line' id='line_1_29' title="bbox 723 4109 1123 4178; baseline 0 -2"><span class='ocrx_word' id='word_1_215' title='bbox 723 4111 805 4176; x_wconf 79' lang='lat' dir='ltr'><strong>teaclc</strong></span> <span class='ocrx_word' id='word_1_216' title='bbox 820 4109 1000 4178; x_wconf 66' lang='lat' dir='ltr'><strong>caecatio.</strong></span> <span class='ocrx_word' id='word_1_217' title='bbox 1025 4111 1123 4176; x_wconf 82' lang='lat'><strong><em>1203.</em></strong></span> 
     </span>
    </p>
   </div>
   <div class='ocr_carea' id='block_1_10' title="bbox 365 4303 1495 4724">
    <p class='ocr_par' dir='ltr' id='par_1_10' title="bbox 365 4303 1495 4724">
     <span class='ocr_line' id='line_1_30' title="bbox 476 4303 1492 4398; baseline 0.011 -29"><span class='ocrx_word' id='word_1_218' title='bbox 476 4303 681 4374; x_wconf 90' lang='lat' dir='ltr'><strong>innocentius</strong></span> <span class='ocrx_word' id='word_1_219' title='bbox 692 4305 878 4393; x_wconf 81' lang='lat' dir='ltr'><strong>Episcopus</strong></span> <span class='ocrx_word' id='word_1_220' title='bbox 889 4313 950 4374; x_wconf 84' lang='lat' dir='ltr'><strong>etc.</strong></span> <span class='ocrx_word' id='word_1_221' title='bbox 963 4303 999 4372; x_wconf 92' lang='lat' dir='ltr'><strong>B.</strong></span> <span class='ocrx_word' id='word_1_222' title='bbox 1012 4305 1191 4374; x_wconf 88' lang='lat' dir='ltr'><strong>Marchioni</strong></span> <span class='ocrx_word' id='word_1_223' title='bbox 1200 4308 1447 4398; x_wconf 85' lang='lat' dir='ltr'><strong>llontislerrati,</strong></span> <span class='ocrx_word' id='word_1_224' title='bbox 1458 4312 1492 4379; x_wconf 92' lang='lat' dir='ltr'><strong>B.</strong></span> 
     </span>
     <span class='ocr_line' id='line_1_31' title="bbox 367 4405 1493 4498; baseline 0.011 -22"><span class='ocrx_word' id='word_1_225' title='bbox 367 4405 555 4498; x_wconf 81' lang='lat' dir='ltr'><strong>Flandriae,</strong></span> <span class='ocrx_word' id='word_1_226' title='bbox 571 4413 609 4482; x_wconf 88' lang='lat' dir='ltr'><strong>L.</strong></span> <span class='ocrx_word' id='word_1_227' title='bbox 631 4413 782 4484; x_wconf 89' lang='lat' dir='ltr'><strong>Blesensi</strong></span> <span class='ocrx_word' id='word_1_228' title='bbox 797 4421 831 4482; x_wconf 91' lang='lat' dir='ltr'><strong>et</strong></span> <span class='ocrx_word' id='word_1_229' title='bbox 846 4416 886 4481; x_wconf 88' lang='lat' dir='ltr'><strong>H.</strong></span> <span class='ocrx_word' id='word_1_230' title='bbox 903 4414 1014 4483; x_wconf 87' lang='lat' dir='ltr'><strong>Sancti</strong></span> <span class='ocrx_word' id='word_1_231' title='bbox 1030 4416 1124 4484; x_wconf 90' lang='lat' dir='ltr'><strong>Pauli</strong></span> <span class='ocrx_word' id='word_1_232' title='bbox 1143 4415 1333 4486; x_wconf 72' lang='lat' dir='ltr'><strong>comitibus.</strong></span> <span class='ocrx_word' id='word_1_233' title='bbox 1358 4419 1441 4487; x_wconf 75' lang='grc' dir='ltr'><strong>Οιιω</strong></span> <span class='ocrx_word' id='word_1_234' title='bbox 1462 4421 1493 4488; x_wconf 91' lang='lat' dir='ltr'><strong>iu</strong></span> 
     </span>
     <span class='ocr_line' id='line_1_32' title="bbox 365 4518 1493 4615; baseline 0.01 -32"><span class='ocrx_word' id='word_1_235' title='bbox 365 4535 464 4586; x_wconf 88' lang='lat' dir='ltr'><strong>manu</strong></span> <span class='ocrx_word' id='word_1_236' title='bbox 476 4518 630 4590; x_wconf 85' lang='lat' dir='ltr'><strong>validaet</strong></span> <span class='ocrx_word' id='word_1_237' title='bbox 646 4530 778 4592; x_wconf 85' lang='lat' dir='ltr'><strong>extento</strong></span> <span class='ocrx_word' id='word_1_238' title='bbox 789 4525 928 4595; x_wconf 88' lang='lat' dir='ltr'><strong>brachio</strong></span> <span class='ocrx_word' id='word_1_239' title='bbox 939 4527 1065 4612; x_wconf 79' lang='lat' dir='ltr'><strong>egressi</strong></span> <span class='ocrx_word' id='word_1_240' title='bbox 1080 4525 1208 4594; x_wconf 82' lang='lat' dir='ltr'><strong>suerius</strong></span> <span class='ocrx_word' id='word_1_241' title='bbox 1223 4526 1264 4594; x_wconf 88' lang='lat' dir='ltr'><strong>de</strong></span> <span class='ocrx_word' id='word_1_242' title='bbox 1279 4528 1444 4615; x_wconf 81' lang='lat' dir='ltr'><strong>Aegypto,</strong></span> <span class='ocrx_word' id='word_1_243' title='bbox 1461 4536 1493 4596; x_wconf 90' lang='lat' dir='ltr'><strong>ut</strong></span> 
     </span>
     <span class='ocr_line' id='line_1_33' title="bbox 366 4625 1495 4724; baseline 0.008 -28"><span class='ocrx_word' id='word_1_244' title='bbox 366 4645 425 4696; x_wconf 81' lang='lat' dir='ltr'><strong>vos</strong></span> <span class='ocrx_word' id='word_1_245' title='bbox 442 4627 532 4716; x_wconf 91' lang='lat' dir='ltr'><strong>ipsos</strong></span> <span class='ocrx_word' id='word_1_246' title='bbox 542 4625 682 4700; x_wconf 89' lang='lat' dir='ltr'><strong>Domino</strong></span> <span class='ocrx_word' id='word_1_247' title='bbox 700 4631 734 4698; x_wconf 92' lang='lat' dir='ltr'><strong>in</strong></span> <span class='ocrx_word' id='word_1_248' title='bbox 749 4631 946 4702; x_wconf 84' lang='lat' dir='ltr'><strong>sacrificium</strong></span> <span class='ocrx_word' id='word_1_249' title='bbox 956 4633 1126 4724; x_wconf 83' lang='lat' dir='ltr'><strong>offerretis,</strong></span> <span class='ocrx_word' id='word_1_250' title='bbox 1143 4633 1305 4706; x_wconf 88' lang='lat' dir='ltr'><strong>doluimus</strong></span> <span class='ocrx_word' id='word_1_251' title='bbox 1315 4655 1382 4705; x_wconf 94' lang='lat' dir='ltr'><strong>nou</strong></span> <span class='ocrx_word' id='word_1_252' title='bbox 1398 4637 1495 4706; x_wconf 90' lang='lat' dir='ltr'><strong>modi·</strong></span> 
     </span>
    </p>
   </div>
   <div class='ocr_carea' id='block_1_11' title="bbox 0 0 1603 5192">
    <p class='ocr_par' dir='ltr' id='par_1_11' title="bbox 0 0 1603 5192">
     <span class='ocr_line' id='line_1_34' title="bbox 0 0 1603 5192; baseline 0 0"><span class='ocrx_word' id='word_1_253' title='bbox 0 0 1603 5192; x_wconf 95' lang='lat' dir='ltr'><strong> </strong></span> 
     </span>
    </p>
   </div>
  </div>
 </body>
</html>
