3202 5190
538 369 541 376 ·
584 359 740 459 ms.

94 555 172 620 nica
177 553 319 640 justitia.
336 554 447 638 Siqua
458 553 556 638 igitur
569 554 601 618 in
618 553 759 622 futurum
770 555 992 622 ecclesiastica
1005 556 1226 624 saecularisve

95 683 240 749 persona
265 663 350 728 hauc
364 669 496 729 nostrae
522 663 760 730 constitutionis
787 664 942 748 paginam
959 664 1086 747 sciens,
1112 671 1227 732 contra

96 790 173 838 eam
197 777 319 837 temere
344 769 456 837 venire
480 769 665 852 tentaverit,
690 771 835 840 secundo
857 770 995 840 tertiove
1019 772 1226 856 commonita,

96 879 162 946 nisi
188 877 486 964 praesumptionem
505 895 598 943 suam
622 895 767 960 congrua
789 876 1015 944 satisfactione
1039 879 1226 962 correxerit,

95 985 272 1071 potestatis
290 985 486 1068 honorisque
502 986 553 1052 sui
569 984 730 1068 dignitate
745 991 867 1069 carcat,
883 1005 1037 1072 reamque
1055 1004 1092 1054 se
1107 986 1226 1054 Divino

90 1093 220 1177 judicio
236 1092 378 1160 existere
404 1092 445 1158 de
462 1098 650 1178 perpetrata
673 1091 846 1176 iniquitate
869 1099 1046 1177 cognoscat
1057 1145 1065 1178 ,
1092 1101 1125 1160 et
1140 1114 1162 1160 a
1177 1113 1227 1160 sa·

95 1201 284 1269 cratissimo
309 1220 444 1287 corpore
460 1206 492 1266 et
517 1199 677 1286 sanguine
699 1200 761 1266 Dei
786 1205 819 1266 et
842 1201 975 1268 Domini
997 1201 1227 1289 Redemptoris

96 1307 202 1376 nostri
217 1307 297 1374 Jesu
314 1306 435 1374 Christi
461 1305 655 1389 alienafiat,
680 1312 780 1389 atque
796 1305 829 1370 in
845 1311 989 1376 extremo
1013 1306 1165 1376 examine
1180 1307 1225 1375 di·

96 1416 267 1482 diatrictae
292 1415 409 1483 ultioni
434 1415 614 1500 subjaceat.
643 1412 776 1482 Cunctis
801 1421 911 1482 autem
936 1415 1042 1484 eidem
1067 1416 1139 1484 loco
1165 1435 1227 1484 sua

90 1525 171 1607 jura
186 1523 392 1590 servantibus
409 1522 451 1588 sit
466 1543 532 1608 pax
549 1521 679 1589 Domini
695 1521 799 1590 nostri
814 1523 895 1590 Jcsu
908 1520 1045 1597 Christi3
1063 1531 1225 1608 qnatenus

95 1639 130 1699 et
146 1631 200 1698 hic
216 1632 355 1698 fructum
382 1631 488 1700 bonae
503 1630 640 1698 actionis
657 1630 859 1716 percipiant,
886 1636 918 1696 et
935 1631 1024 1716 apud
1044 1630 1225 1698 districtum

89 1739 240 1822 judicem
250 1739 399 1824 praemia
414 1743 567 1804 aeternae
577 1738 670 1823 pacis
680 1736 856 1803 inveniant.
873 1735 989 1820 Amen,
1001 1757 1106 1822 amen,
1118 1758 1224 1804 amen.

207 1848 328 1912 Datum
344 1847 498 1913 Laterani
514 1866 571 1932 per
586 1865 718 1912 manum
736 1844 874 1913 Joannis
890 1847 1031 1913 Sanctae
1050 1844 1176 1912 Mariae
1190 1843 1225 1912 in

95 1951 266 2022 cosmidin
281 1953 420 2020 Diaconi
431 1953 617 2021 Cardinalis
625 1956 765 2020 Sanctae
773 1955 942 2020 Romanae
960 1952 1129 2020 Ecclesiae
1143 1951 1225 2020 Oan-

95 2063 223 2128 cellarii
233 2113 243 2146 ,
268 2064 311 2128 II.
328 2063 406 2128 Idus
422 2061 636 2144 Novembris,
662 2060 841 2128 Indictione
862 2061 958 2144 xii,
985 2058 1225 2128 incarnationis

94 2167 290 2236 Dominicae
299 2189 386 2236 anno
399 2170 506 2253 1208„
519 2169 731 2236 Pontificatus
742 2187 818 2236 vero
829 2167 931 2234 nostri
946 2186 1031 2234 anno
1043 2165 1223 2234 undecimo.

132 2364 238 2434 (Migne
252 2367 288 2418 id.
302 2383 336 2417 m.
349 2369 386 2420 11.
400 2368 456 2420 ket.
473 2366 599 2428 tuso.1.;
617 2368 654 2417 11.
669 2362 762 2417 Orbfn
773 2362 845 2432 pfpa
858 2363 887 2416 da
901 2365 980 2418 Odilo
993 2361 1090 2432 apdtra
1103 2361 1187 2416 nerva

412 2455 430 2506 i.
443 2453 524 2521 stdr
538 2455 737 2522 Cod.Dipl.11.
752 2455 809 2506 keu.
824 2455 866 2504 1³.
880 2453 910 2520 l)

527 2741 788 2754 mn*

628 3189 792 3266 204..

99 3369 196 3436 Violu
212 3365 900 3456 apum-ptojedolemaamnptelytmtappja
915 3392 937 3434 a
953 3369 1102 3436 babinaoi
1113 3367 1221 3454 topot-

331 3476 533 3542 nonat199.
549 3499 592 3542 as.
607 3499 638 3543 c.
659 3475 860 3563 dteochfadt.
888 3479 985 3544 1208.

206 3675 278 3758 ligo
290 3671 387 3739 Viola
403 3671 554 3739 monialis
566 3672 706 3740 Sanctae
719 3673 856 3757 Mariae,
868 3674 1033 3759 quondam
1043 3673 1223 3742 Abbatissa

92 3781 207 3852 Sancti
223 3779 368 3847 Dimitrii
377 3829 385 3863 ,
414 3785 489 3865 post
505 3779 740 3848 desolationem
757 3779 899 3848 civitatis
915 3779 1105 3850 Jadertinae
1114 3835 1123 3868 ‚
1149 3803 1221 3852 cum

92 3909 160 3957 non
185 3893 273 3954 esset
297 3887 435 3972 aliquis,
464 3885 576 3974 quide
600 3887 767 3955 voluntate
783 3887 883 3956 Ducis
901 3889 1107 3958 venetiarum
1132 3891 1166 3958 in
1182 3911 1223 3960 ea

93 3996 278 4081 quiesceret
294 3994 455 4080 habitare,
472 3994 586 4063 relicto
603 4015 705 4082 parvo
722 3995 800 4062 ovili
817 4016 897 4080 meo,
919 3996 1037 4064 diverti
1053 3997 1096 4064 ad
1112 3997 1223 4065 civita-

94 4111 162 4170 tem
181 4101 372 4186 Arbensem,
388 4101 444 4169 ubi
460 4102 615 4188 quamdiu
627 4103 715 4170 Deus
731 4103 843 4186 voluit,
861 4103 893 4170 in
904 4103 1099 4172 monasterio
1112 4103 1223 4172 Sancti

93 4207 249 4276 Andreae
265 4208 452 4294 permansi;
479 4229 608 4278 sorores
625 4231 765 4294 namque
781 4229 873 4277 meae
893 4211 986 4278 bonis
1005 4209 1155 4277 omnibus
1170 4229 1223 4276 ex-

92 4316 243 4404 poliatae
268 4315 482 4401 confugerunt
507 4316 550 4383 ad
573 4318 747 4386 eeclesiam
763 4319 875 4385 Sancti
891 4318 979 4384 Petri
1005 4318 1037 4383 in
1064 4317 1221 4399 Bubiano‚

94 4424 260 4511 capellam
276 4423 380 4491 nostri
397 4425 595 4510 monasterii,
613 4432 646 4492 et
662 4425 707 4492 ibi
724 4425 876 4492 miseram
894 4429 925 4490 et
945 4423 1106 4490 infelicem
1121 4423 1222 4491 vitam

92 4533 251 4599 ducentes
268 4551 326 4617 per
341 4531 474 4617 aliquod
495 4539 622 4619 tempus
638 4539 835 4602 manserunt.
856 4531 1000 4615 Cumque
1016 4533 1104 4599 Deus
1115 4531 1222 4599 Omni-

93 4647 215 4725 potens
230 4658 292 4705 sua
307 4640 452 4724 gratuita
468 4641 591 4726 pietate
607 4641 785 4711 Jadertinis
800 4640 989 4708 facultatem
1006 4639 1161 4707 redeundi
1177 4638 1222 4706 ad
