3238 5184
951 829 1029 899 358.

431 1017 475 1082 ΙΙ.
493 1016 601 1081 Eudae
620 1015 726 1102 ktruly
748 1013 975 1101 pru'oe'lepiumu
1000 1011 1121 1079 Gomara
1147 1014 1272 1078 naellam
1297 1013 1557 1080 Stant-Benedclc

694 1125 872 1189 mezdodroa
887 1125 1042 1187 eadmero.
1061 1123 1292 1188 1204-1235.

524 1319 620 1386 1550.
638 1319 769 1389 Posonii
786 1321 839 1387 20.
860 1318 1033 1386 Februarii
1050 1319 1179 1386 litterae
1193 1319 1265 1405 priv
1273 1319 1431 1404 ilcgiales
1447 1318 1558 1386 Fordi-

420 1427 522 1494 nendi
538 1428 554 1493 I
570 1429 631 1495 snb
656 1426 766 1513 sigillo
792 1431 916 1494 secreto
932 1424 966 1490 in
990 1425 1156 1512 pendenti,
1190 1425 1309 1509 quibus
1332 1425 1556 1492 mediantibus

419 1537 487 1602 Sua
496 1535 600 1618 Regia
611 1533 767 1602 Maiestas
779 1535 905 1602 litteras
917 1533 1122 1601 Serenissimi
1148 1533 1311 1618 quondam
1320 1533 1486 1620 Principis
1500 1534 1550 1601 do

415 1642 650 1709 miniAndreae
659 1645 758 1727 Regis
768 1643 958 1727 Huugariae
967 1641 1238 1727 praedecessoris
1249 1643 1299 1709 sui
1318 1642 1425 1710 bonae
1436 1662 1552 1708 memo-

414 1749 489 1816 riae
512 1769 610 1836 super
625 1750 675 1817 bis
691 1750 896 1818 libertatibus
914 1774 921 1815 :
939 1749 1033 1828 Quod
1061 1751 1281 1836 cujuscunque
1293 1749 1436 1817 nationis
1452 1749 1549 1816 bomi-

414 1877 482 1942 nes,
493 1859 813 1943 Saxonesridelieet,
825 1859 982 1944 Hungari
993 1859 1114 1942 Sclavi,
1139 1879 1197 1926 sen
1214 1859 1281 1941 alii,
1298 1858 1353 1942 qui
1370 1857 1414 1923 ad
1429 1865 1547 1924 terram

412 1965 554 2034 claustri
581 1968 693 2034 Sancti
705 1967 873 2034 Benedicti
886 1967 927 2034 de
937 1967 1028 2034 Gran
1044 1967 1264 2034 commorandi
1275 1986 1375 2032 causa
1385 1966 1459 2050 jam
1476 1986 1546 2035 oon·

418 2081 575 2142 venerunt
590 2077 643 2143 vel
653 2075 873 2161 convenerint,
890 2075 1278 2163 praerogativaeJusdem
1295 2075 1460 2143 libertatis
1472 2075 1544 2161 jure

414 2189 573 2270 perpetuo
603 2184 779 2271 gaudeant,
805 2204 867 2268 quo
893 2183 1040 2272 hospites
1066 2185 1169 2252 nostri
1194 2184 1227 2250 in
1252 2185 1361 2268 Pestb,
1388 2185 1496 2252 Albae
1513 2191 1545 2250 et

418 2291 532 2358 Budae
557 2299 812 2378 commorantes;
837 2293 897 2359 sub
922 2292 973 2360 bis
988 2291 1140 2359 videlicet
1163 2291 1434 2378 exemptionibus,
1456 2292 1541 2377 quod

414 2397 455 2464 de
470 2400 621 2466 omnibus
651 2400 861 2484 proventibus
885 2406 918 2467 et
934 2399 1225 2484 commoditatibus,
1246 2419 1330 2484 quae
1346 2397 1390 2466 ad
1405 2399 1542 2484 Regiam

407 2503 675 2590 jnrisdlctionem
704 2509 877 2596 pertinent,
902 2515 970 2575 tam
986 2507 1019 2572 in
1043 2507 1172 2574 tributis
1202 2507 1293 2574 etin
1318 2505 1540 2590 descensibus,

417 2613 451 2679 iu
467 2613 580 2682 liberis
600 2623 634 2684 et
650 2615 860 2704 ponderibus,
889 2636 948 2684 seu
962 2615 1038 2683 aliis
1054 2615 1300 2702 quibuscunque
1311 2613 1442 2700 debitis,
1459 2636 1543 2701 quae

412 2721 445 2787 iu
469 2722 583 2808 Regno
601 2722 694 2814 (isto)
720 2725 825 2792 solent
840 2725 894 2792 vel
917 2731 1051 2810 possent
1074 2722 1459 2808 emergere‚.nec1·¹iaeo,
1483 2744 1543 2792 nec

418 2830 568 2914 cuiquam
595 2835 760 2902 bominum
785 2834 984 2921 respondere
1008 2841 1199 2917 teneantur3
1226 2831 1285 2900 sed
1309 2830 1353 2897 ad
1371 2830 1543 2898 Ecclesiae

418 2945 618 3006 memoratae
631 2941 900 3025 jurisdictionem,
926 2947 993 3008 tam
1009 2942 1043 3007 in
1056 2939 1189 3028 judiciis
1205 2938 1376 3022 iaciendis,
1395 2957 1494 3022 quam
1510 2938 1541 3004 in

415 3045 490 3112 aliis
506 3045 704 3132 supradictis
720 3049 929 3117 libertatibus
944 3047 1011 3116 sint
1029 3049 1191 3136 exempti,
1209 3085 1248 3096 -
1268 3045 1393 3114 civibus
1403 3051 1438 3112 et
1452 3045 1540 3112 inluu-

417 3153 613 3223 bitatoribus
640 3157 751 3244 oppidi
767 3157 881 3224 Sancti
908 3156 1075 3225 Benedicti
1099 3176 1274 3241 eorumque
1298 3155 1540 3228 suecessoribus

414 3269 447 3328 et
463 3263 604 3349 posteris
621 3263 781 3332 universis
806 3264 950 3351 gratiose
965 3265 1188 3348 confirmarit,
1215 3263 1308 3332 salvo
1322 3263 1397 3347 Jnre
1421 3263 1539 3330 alieno.

692 3461 726 3526 (a
741 3461 839 3531 kirtlyi
852 3465 942 3530 uenyv
957 3465 991 3514 11.
1005 3461 1141 3515 nauteam
1155 3465 1216 3514 aar.
1230 3463 1259 3530 1.)
