3202 5190
1 1155 22 1196 ‘E

661 857 738 930 199.

125 1049 319 1148 Unnepelyer
343 1059 497 1146 okmfnp,
524 1057 603 1144 moly
619 1057 701 1122 cunt
717 1081 737 1122 a
754 1058 978 1142 Bubianibcn,
997 1060 1107 1128 Jodra
1130 1063 1256 1149 nuber,

8 1244 19 1281 ,fl
120 1193 165 1236 aa.
177 1173 272 1236 Pdtsr
282 1171 463 1236 maslaco
474 1166 654 1253 solraentelt
670 1167 810 1253 kdpolna
826 1191 846 1232 a
858 1169 998 1236 Panaca
1014 1170 1253 1238 dalmtiairai-

193 1288 280 1364 9elan
290 1275 392 1362 soboli
406 1300 448 1341 aa.
468 1276 816 1361 Damion-aptatque
841 1274 1060 1362 lcnpcsoltatik.
1089 1280 1183 1344 1207.
1238 1335 1246 1353 .

231 1473 375 1538 Instante
395 1479 537 1556 tempore
554 1470 718 1537 maximae
734 1470 1004 1556 perturbationis,
1024 1479 1057 1540 et
1072 1477 1254 1559 superveni·

119 1580 252 1648 entibus
268 1579 385 1645 diebus
402 1579 578 1662 malorum,
597 1585 629 1643 et
644 1578 802 1662 dolorum,
824 1577 856 1642 in
873 1579 990 1662 quibus
1007 1579 1123 1647 ciuitas
1139 1581 1252 1647 Jader-

3 1706 11 1733 ÷.
117 1687 191 1755 tina
206 1687 371 1754 solotenus
389 1693 552 1772 prostrata
570 1693 628 1770 est,
655 1685 850 1752 necessitate
867 1691 1003 1770 cogente
1019 1685 1063 1751 ad
1079 1675 1252 1770 qnamdam

4 1798 15 1835 ³
118 1795 282 1881 capellam
299 1794 332 1860 in
359 1795 513 1860 honorem
529 1794 640 1860 Sancti
656 1793 743 1859 Petri
760 1792 907 1878 Apostoli
926 1790 1093 1859 fundatam
1119 1793 1152 1859 in
1168 1795 1250 1880 loco,

0 1928 6 1947 ’·
117 1903 176 1986 qui
192 1901 309 1968 dicitur
325 1901 474 1984 Bubiani,
490 1922 575 1986 quae
592 1901 756 1985 quiondam
772 1901 832 1967 fuit
850 1902 910 1967 sub
928 1899 1049 1970 ditione
1059 1903 1248 1968 monasterii

0 2029 11 2060 ἐν
117 2011 233 2077 Sancti
250 2010 416 2092 Dimitrii,
446 2011 478 2076 iu
494 2031 559 2095 quo
575 2031 695 2096 paruus
712 2029 793 2092 grex
816 2017 925 2076 noster
941 2009 1011 2074 Deo
1027 2009 1248 2096 Omnipotenti

6 2135 9 2144 ¹
116 2117 360 2203 famulabatur,
388 2117 593 2202 confugimus
610 2139 669 2186 nos
685 2117 817 2202 quidem
831 2120 1003 2202 Dragosa,
1028 2116 1150 2204 Girda,
1175 2121 1246 2184 Pre-

8 2256 13 2277 =
118 2225 222 2308 milla,
240 2232 272 2290 et
288 2227 440 2292 Dabrosa
456 2226 624 2310 moniales,
643 2234 675 2292 et
692 2224 852 2308 quaedum
868 2226 964 2305 uliae,
988 2245 1072 2308 quac
1088 2225 1150 2292 Dei
1161 2226 1247 2310 judi-

116 2333 169 2396 cio
186 2333 357 2400 uniuersae
373 2332 482 2399 earnis
512 2334 600 2399 viam
618 2333 789 2416 ingressae
807 2343 890 2400 scrut.
918 2333 1071 2401 Volentes
1088 2333 1196 2416 igitur,
1215 2345 1246 2400 et

1 2499 2 2504 ,
116 2439 225 2504 modis
256 2439 405 2506 omnibus
424 2439 628 2523 affectantes,
655 2441 688 2508 in
714 2439 881 2526 praedicto
908 2442 978 2507 luco
1002 2441 1140 2506 Domino
1166 2441 1245 2507 Jesu

3 2567 10 2606 r
116 2548 248 2614 Christo
258 2548 403 2614 debitum
419 2547 587 2614 servitium
604 2550 767 2634 exhibere,
788 2556 919 2636 propter
939 2551 1064 2617 instans
1090 2548 1242 2632 schisma,

1 2663 9 2716 'r
115 2654 206 2738 qrrod
229 2663 334 2721 ortum
361 2662 411 2720 ert
435 2655 517 2721 inter
543 2666 691 2741 potentes
712 2657 925 2742 Solavoniae,
954 2656 1056 2724 multa
1072 2663 1103 2720 et
1128 2655 1243 2738 gravia

1 2789 6 2796 ·
115 2759 322 2827 incommoda
337 2761 379 2825 ab
396 2761 564 2842 omnibus,
590 2768 735 2846 tempore
755 2763 908 2828 ferventis
925 2762 1123 2844 schismatis,
1143 2763 1242 2842 quoti-

1 2892 6 2907 .
115 2869 170 2934 die
187 2887 362 2953 perpessae
377 2868 517 2950 fuiruus;
543 2879 673 2952 tumque
690 2870 759 2936 sine
777 2873 912 2936 flectcre
937 2889 1084 2950 eramus,
1110 2877 1241 2948 tumque

1 3001 5 3021 =
114 2973 277 3058 usquead
302 2993 400 3040 uuum
416 2996 479 3041 non
495 2983 583 3058 crat,
611 2977 663 3058 qui
681 2975 774 3040 nobis
792 2978 911 3042 faceret
937 2977 1065 3040 borium.
1092 2973 1241 3038 Oetcruuu

1 3115 4 3133 r
113 3083 276 3148 eruciatus
294 3081 426 3148 diurnos
442 3089 475 3148 et
489 3089 662 3150 nocturnos
679 3081 818 3147 evadere
835 3089 995 3166 optantes,
1013 3079 1239 3162 cogitavimus,

1 3220 3 3256 t
113 3201 148 3256 ut
166 3187 399 3274 quoquomodo
415 3197 463 3254 tot
478 3192 649 3273 angustiis,
668 3190 783 3272 quibus
794 3188 1028 3274 premebamur,
1046 3186 1141 3251 finem
1151 3189 1240 3254 Deus

112 3298 328 3382 Omnipotens
345 3315 404 3362 sua
428 3297 628 3381 benignitate
654 3298 853 3382 imponeret,
881 3303 912 3359 ct
928 3293 1067 3359 reversis
1083 3292 1116 3357 in
1134 3297 1238 3360 nobis·

114 3403 275 3489 metipsis,
293 3403 335 3468 ad
353 3405 504 3470 honorem
521 3413 554 3470 et
569 3405 708 3489 gloriam
724 3403 847 3469 domini
867 3401 968 3469 nostri
985 3397 1135 3466 Andreae
1150 3402 1238 3468 almi-

112 3516 166 3580 fici
185 3513 284 3596 Regis
301 3513 500 3596 Hungariae,
520 3515 717 3578 accessimus
734 3521 839 3577 mente
856 3521 888 3579 ct
900 3509 997 3576 corde
1012 3506 1056 3573 ad
1072 3510 1236 3575 venerabi-

111 3622 177 3686 lem
195 3627 320 3706 patrem
336 3616 502 3686 domiuum
514 3620 717 3685 Dominicum
729 3619 889 3686 Abbatem
906 3615 1017 3682 Sancti
1027 3616 1182 3682 Damiani
1197 3617 1238 3681 de

110 3729 221 3794 Monte
231 3778 240 3811 ,
266 3733 298 3792 et
314 3725 357 3791 ad
373 3727 541 3795 universos
564 3728 680 3794 fratres
697 3725 843 3814 eJusdem
862 3725 1071 3809 monasterii,
1098 3727 1237 3792 scientes

108 3858 169 3922 pro
186 3842 284 3914 certo,
301 3835 387 3916 quod
402 3835 492 3902 nullo
508 3833 603 3902 modo
621 3835 652 3902 in
670 3842 848 3902 memorata
863 3833 992 3919 capella
1008 3839 1096 3899 stare
1112 3841 1237 3919 potera-

110 3963 203 4024 mus,
229 3950 383 4025 rogantes
408 3943 581 4028 plurimum
605 3944 829 4030 posteritatem
845 3943 876 4028 (l
886 3941 1130 4028 paternitatem)
1154 3929 1262 4026 ejus,'

109 4049 197 4135 quod
215 4047 266 4114 sui
283 4049 390 4133 gratia
405 4058 437 4116 et
454 4052 547 4118 nobis
567 4051 751 4118 consuleret
767 4049 889 4136 pariter
905 4053 937 4112 et
952 4045 1156 4132 subveniret;
1180 4048 1235 4130 qui

107 4155 221 4223 habito
238 4155 373 4222 fratrum
389 4157 535 4232 consilio,
562 4167 693 4226 nostrae
710 4157 942 4225 mediocritatis
966 4163 997 4223 et
1013 4155 1235 4220 calamitatum

107 4264 246 4330 nimium
272 4265 491 4350 compatiens,
525 4267 669 4352 suscepit
692 4285 753 4332 nos
779 4266 811 4330 in
835 4263 996 4331 consortio
1021 4259 1234 4326 fraternitatis

107 4389 199 4452 suae,
224 4369 360 4437 firmiter
374 4371 469 4439 nobis
486 4371 657 4459 polliciens
673 4372 705 4438 in
722 4371 790 4440 vita
804 4379 927 4456 nostra,
954 4377 1021 4435 tam
1038 4367 1072 4434 in
1091 4367 1235 4434 victuali-

107 4477 178 4560 bus,
205 4495 302 4558 quam
319 4485 350 4543 et
366 4479 574 4564 indumentis,
599 4499 657 4547 seu
673 4479 822 4548 omnibus
840 4475 1045 4558 necessariis,
1074 4482 1169 4560 prout
1184 4493 1233 4540 so-

3 4609 4 4648 :
106 4581 235 4648 roribus
251 4581 331 4667 suis,
349 4573 448 4651 ueluti
465 4587 589 4652 meliori
606 4607 624 4652 e
638 4583 798 4654 fratribus
814 4581 1015 4667 monasterii,
1040 4579 1231 4668 providere,

152 4715 255 4758 nouum
271 4717 354 4758 ms.
368 4719 439 4762 am.
454 4729 488 4745 -·
501 4723 572 4766 orta.
589 4713 623 4760 11.
1028 4695 1073 4766 dd·
