3268 5194
145 1213 176 1286 Δ
193 1215 382 1308 dakenydels‘
390 1221 527 1308 cpdtsdp
541 1216 791 1308 birtakdllupotu
806 1233 890 1288 neat
900 1223 1011 1292 lutecia
1025 1224 1133 1315 ttrclp
1149 1229 1277 1296 adoma-

501 1333 639 1419 ayoedeu
653 1329 801 1418 alupjdc.
826 1333 921 1399 1036.

256 1545 365 1613 Item
397 1545 656 1632 Registrum
678 1565 817 1636 super
847 1553 1174 1636 possessiones
1202 1554 1276 1626 llo·

142 1652 348 1719 casterii
372 1651 529 1721 Sancti
561 1653 775 1724 llanrieii
799 1657 850 1725 de
873 1657 978 1726 Beel
1004 1660 1047 1728 in
1072 1661 1276 1733 Bahonic

144 1762 299 1844 sitam,
338 1767 381 1828 et
419 1762 613 1832 tributis
652 1784 742 1832 eum
766 1765 927 1852 quibus
966 1767 1145 1835 dotauit
1182 1790 1276 1840 eum

143 1869 482 1939 Sanctissimae
505 1873 595 1940 Rex
624 1873 883 1961 Stephanus
906 1874 948 1944 in
981 1876 1024 1943 ia
1047 1876 1275 1964 priuilgio

143 1998 273 2046 manu
296 1997 376 2046 sua
399 1979 628 2066 seriptum.

194 2137 195 2140 ,
253 2087 335 2153 ltem
352 2085 442 2154 dedit
458 2086 615 2156 tributam
629 2088 665 2155 iu
677 2088 750 2159 iuro
765 2088 816 2158 Zil
832 2095 866 2158 et
880 2089 922 2158 de
936 2097 1031 2177 portu
1047 2091 1157 2178 Arpas
1171 2092 1205 2158 in
1215 2093 1275 2158 Ru

143 2193 200 2276 ha,
216 2191 282 2259 hac
295 2193 446 2262 Ecclesia
461 2216 526 2286 npu
541 2195 706 2282 possidet;
733 2197 774 2264 de
789 2197 860 2266 loro
876 2197 965 2264 etde
987 2207 1083 2285 porta
1108 2199 1141 2266 in
1156 2199 1274 2268 Kama-

141 2299 195 2367 rin
212 2299 345 2368 omnino
360 2300 461 2387 dedit,
478 2308 588 2370 tamen
602 2323 688 2370 nune
703 2303 767 2370 uisi
782 2303 918 2372 terciam
933 2311 1061 2390 partem
1077 2306 1166 2373 dant.

256 2411 339 2476 Item
364 2409 453 2477 dedit
476 2411 559 2479 duas
582 2411 727 2498 piscinas
752 2413 785 2478 in
809 2413 923 2480 Drana
950 2434 1021 2481 cum
1045 2415 1274 2501 piscatoribus,

143 2533 230 2601 quas
247 2515 387 2584 ecclesia
401 2517 534 2586 minime
548 2519 705 2604 possidet,
724 2538 785 2586 nec
800 2520 898 2586 estin
914 2520 1069 2589 dominic.

256 2624 340 2690 Item
354 2623 388 2690 in
403 2630 500 2711 portu
514 2624 653 2694 bladasa
678 2625 767 2694 dedit
788 2627 925 2695 liberam
949 2629 1187 2714 piscacionem,
1212 2651 1275 2716 que

144 2730 235 2814 algu
252 2730 346 2798 mnia
359 2731 487 2800 dicitur.
503 2733 659 2802 Preterea
674 2735 807 2821 statuit,
832 2741 868 2802 rt
882 2735 915 2801 in
931 2737 1047 2823 Zelipb
1064 2737 1157 2806 detur
1179 2737 1275 2825 septi-

145 2856 220 2905 mus
235 2836 340 2924 piscis
355 2858 503 2908 vscuum.

256 2947 340 3013 Item
356 2967 396 3016 oe
420 2947 550 3034 piscina
564 2946 700 3017 Nandur
724 2949 758 3014 in
774 2951 877 3036 Tyria
901 2951 1179 3040 deditseptimum
1203 2976 1274 3024 vso-

144 3073 222 3121 nem
239 3061 298 3122 aut
321 3055 494 3143 septimum
519 3075 639 3124 annum
654 3057 699 3124 ad
721 3057 924 3144 piscandum.
949 3063 1000 3129 De
1014 3062 1172 3130 tractibus
1196 3083 1273 3132 vero

145 3165 314 3250 arborum,
331 3185 394 3252 que
410 3165 457 3231 ibi
468 3171 553 3250 sunt,
569 3165 658 3233 dedit
668 3167 841 3252 septimam
851 3175 988 3255 partem.
1001 3170 1150 3240 Piscinas
1165 3179 1273 3238 autem

145 3273 337 3350 'l'hcncrere
353 3272 442 3340 dedit
455 3273 610 3342 totaliter.
635 3273 705 3340 llas
721 3293 833 3342 cmnes
848 3275 994 3361 piscinas
1020 3295 1092 3344 curn
1106 3277 1274 3363 piscatori-

146 3381 209 3447 bus
226 3380 296 3448 sais
311 3379 402 3449 dedit
416 3380 518 3450 Beato
534 3379 701 3450 Mauricio.
728 3383 779 3448 Dc
796 3382 868 3449 istis
884 3382 1034 3452 omnibus
1058 3381 1157 3450 nichil
1172 3385 1273 3470 possi-

146 3487 202 3556 dat
216 3489 379 3558 Ecclesia.

257 3591 340 3665 item
356 3597 446 3666 dedit
459 3597 686 3684 possessiones
710 3596 864 3667 videlicet
877 3601 987 3688 Arpas
1003 3605 1036 3668 et
1049 3600 1175 3688 Meges,
1191 3619 1274 3688 quas

145 3724 212 3772 non
228 3705 379 3792 possidet
392 3707 552 3774 Ecclesia.

257 3815 339 3880 Item
355 3813 597 3898 possessionem
612 3811 723 3899 Nyma
747 3813 877 3882 omnino
893 3813 984 3881 dedit
1002 3834 1074 3882 curn
1100 3817 1274 3900 montibus,

144 3920 245 3988 terris
269 3921 450 3989 arabilibus
467 3927 500 3988 et
514 3919 619 4008 pratis
643 3919 790 4006 setisque
814 3918 899 4006 (Rex
914 3920 996 3988 Rela
1021 3922 1083 3989 tuit
1099 3923 1132 3989 in
1148 3923 1226 3989 Beel
1242 3929 1275 3989 et

144 4028 262 4094 villam
277 4025 378 4113 Nywl
393 4027 541 4094 Eccleeie
558 4027 599 4095 de
614 4025 693 4095 Beel
709 4027 751 4095 de
766 4047 850 4096 nouo
866 4029 1020 4116 restitalt3
1048 4029 1177 4097 litterae
1200 4037 1275 4097 sunt

144 4139 301 4201 emanata
315 4151 415 4221 super
429 4135 491 4202 hcc
504 4135 538 4202 in
553 4136 698 4222 Pcrwa.)

255 4243 339 4308 Item
354 4241 596 4328 possessionem
605 4243 775 4311 Palcnualr
792 4241 940 4311 similiter
956 4243 1086 4310 omuino
1097 4241 1187 4309 dedit
1202 4262 1274 4309 eum

145 4349 332 4433 montibus,
356 4350 454 4416 terris
478 4349 659 4417 arabilibus
675 4355 709 4418 et
723 4349 827 4436 pratis
849 4349 1067 4432 sufficientes,
1093 4349 1134 4415 de
1158 4349 1275 4433 quibus

144 4454 246 4522 nichil
257 4455 408 4542 possidet
416 4456 576 4543 Ecclesia,
594 4455 1275 4545 nisiduascurias(lgy),dcci1nasfrugam

143 4569 178 4630 et
191 4563 366 4633 vinearum
390 4562 527 4652 recipiet
541 4561 726 4652 Capitulum
746 4563 988 4650 Vesprimiense
1011 4562 1115 4630 minus
1137 4563 1226 4649 juste
1242 4569 1274 4629 et

143 4669 302 4744 indebite.
