3202 5190
585 278 743 378 jos-

93 491 168 537 rum
195 473 421 555 sociorumque
446 473 516 538 eius
531 491 634 554 usque
650 471 693 538 ad
709 472 842 539 arbores
862 474 1011 560 ulminas,
1028 463 1088 542 sub
1106 478 1222 560 quibus

92 585 174 645 sunt
191 585 295 665 mete,
322 578 398 645 inde
414 578 446 643 in
463 598 579 664 campo
605 598 664 664 per
690 585 793 648 metas
809 580 901 646 vadit
917 601 1018 664 usque
1044 583 1087 650 ad
1103 585 1220 670 lacum,

91 687 151 772 qui
177 692 313 753 vocatur
329 686 485 770 Eleutou,
514 687 605 753 cuius
631 686 757 752 mencio
784 693 832 753 est
854 688 887 753 in
912 689 1085 775 priuilegio
1109 690 1222 759 Sancti

93 793 246 860 lnadizloi
262 793 382 877 Regis3
406 792 481 858 inde
499 791 541 858 ad
558 793 765 878 sepulchrum
782 814 993 881 paganorum,
1015 804 1047 864 et
1062 799 1107 865 ibi
1124 799 1222 866 habet

94 909 224 984 rnetas;
251 899 327 966 inde
343 921 401 984 per
418 905 520 966 metas
546 901 579 965 in
597 900 786 968 arundineto
804 901 895 968 vadit
910 922 1012 985 usque
1036 904 1079 970 ad
1105 905 1222 990 lacum,

94 1011 153 1093 qui
178 1015 315 1076 uocatur
331 1007 443 1090 Scele,
471 1009 562 1075 cuius
589 1008 696 1074 media
711 1028 789 1093 pars
815 1019 865 1076 est
885 1009 1050 1095 Ecclesie3
1077 1012 1154 1078 inde
1179 1013 1223 1079 ad

94 1117 246 1199 Poenas,
272 1121 304 1180 et
329 1115 375 1180 ibi
401 1121 495 1182 extra
520 1135 634 1182 nemus
659 1116 757 1182 habet
774 1123 898 1203 metas;
926 1117 1000 1185 inde
1026 1118 1068 1184 ud
1085 1119 1222 1185 Pinnam

95 1224 242 1306 fluuium,
260 1223 353 1288 iuxta
369 1241 464 1305 quem
481 1221 580 1288 habet
601 1227 723 1304 metas;
749 1222 826 1289 inde
841 1225 1003 1291 transiens
1020 1225 1153 1292 fluuium
1169 1247 1222 1292 va·

94 1332 145 1397 dit
160 1331 205 1398 ad
221 1331 386 1413 Pereloue,
413 1337 446 1396 et
461 1330 507 1395 ibi
522 1330 622 1396 habet
638 1335 741 1395 metas
755 1353 762 1413 ς
789 1328 865 1397 inde
881 1330 972 1398 irrata
994 1352 1106 1398 nemus
1122 1353 1222 1418 usque

95 1438 140 1504 ad
156 1437 343 1521 Holutwag‚
368 1437 460 1502 iuxta
476 1455 570 1519 quem
587 1435 686 1502 habet
702 1437 832 1503 ultimas
849 1443 962 1504 motas.

205 1545 360 1610 Preterea
390 1543 493 1608 eciam
524 1561 717 1609 renouamus
748 1541 977 1610 confirmantes
1009 1546 1221 1613 donacionem

94 1653 208 1719 Sancti
224 1651 325 1735 Regis
340 1649 500 1734 Stephani
525 1649 721 1716 monasterio
741 1649 853 1717 Sancti
869 1651 1018 1735 Martini,
1044 1653 1224 1719 secundum

95 1758 186 1843 quod
202 1757 402 1844 inspeximus
419 1757 453 1823 in
469 1758 553 1823 serie
569 1755 735 1842 priuilegij
752 1757 851 1842 Regis
868 1757 986 1842 Geyzc,
1015 1779 1077 1842 que
1094 1759 1126 1824 in
1143 1768 1219 1826 tem·

95 1866 231 1953 poribus
248 1864 417 1932 Colomani
434 1873 467 1930 et
482 1864 538 1948 filij
556 1864 607 1930 sui
622 1863 781 1950 Stephani
796 1865 965 1930 subtracta
988 1865 1117 1934 fuerunt
1127 1917 1136 1950 ,
1162 1867 1220 1932 sed

95 1973 211 2058 (layna
227 1973 295 2039 Rex
321 1971 438 2039 intuitu
455 1971 573 2038 Diuine
599 1971 873 2038 remuneracionis
891 1972 1031 2040 restituit
1054 1973 1219 2060 plenarie,

95 2081 251 2148 videlicet
273 2081 408 2146 terciam
434 2085 557 2177 partem
582 2099 738 2162 vacnum,
765 2080 820 2164 qui
844 2080 1015 2166 capiuntur
1032 2079 1165 2146 Geurini
1187 2081 1221 2146 in

95 2189 336 2276 pertinentibus
347 2187 391 2253 ad
401 2188 597 2254 Comitatum
613 2194 645 2253 et
655 2187 791 2271 Regiam
805 2187 1006 2272 dignitat·.·m.
1024 2192 1104 2254 Item
1117 2188 1221 2254 eciam

96 2314 170 2360 cum
187 2295 336 2360 nouimus
353 2298 597 2360 antecessorum
622 2301 805 2361 nostrorum
822 2293 1032 2362 deuocicnem
1053 2294 1084 2360 in
1101 2294 1221 2362 miseri-

97 2402 209 2469 cordie
235 2401 388 2486 operibus
414 2421 542 2486 semper
558 2401 658 2468 fuisse
675 2402 852 2470 sementem
864 2453 872 2486 ‚
898 2423 963 2470 non
980 2404 1084 2469 solum
1111 2423 1222 2469 eorum

96 2510 306 2594 elemosynas
332 2509 401 2574 Deo
427 2509 565 2574 collatas
592 2509 759 2576 obseruari
788 2511 955 2595 volumus,
984 2530 1094 2576 verum
1119 2511 1222 2576 eciarn

96 2617 223 2704 proprij
240 2616 347 2702 operis
363 2615 431 2680 nelo
448 2615 585 2682 feruenti
602 2617 761 2702 annpliare
771 2668 779 2702 ,
806 2617 964 2684 donantes
981 2616 1099 2683 intuitu
1123 2619 1222 2684 serui·

96 2725 221 2792 ciorum
237 2723 375 2789 Abbatis
385 2723 480 2805 Vros,
500 2729 532 2788 et
548 2723 688 2790 maxime
703 2730 836 2810 propter
846 2725 1088 2792 edificacionem
1098 2723 1221 2791 fabrice

96 2830 308 2916 monasterij,
334 2829 386 2895 cui
401 2849 460 2896 nos
478 2829 663 2916 specialiter
677 2836 841 2917 tenemur,
868 2831 1093 2900 confirmamus
1118 2829 1220 2896 nostri

96 2937 263 3024 priuilegij
280 2935 482 3020 auctoritate,
510 2937 646 3004 consilio
663 2945 695 3003 et
711 2958 870 3005 consensu
890 2938 1031 3006 omnium
1046 2937 1221 3023 primatum

4 3117 7 3123 ,
96 3046 202 3130 Regni
217 3045 320 3112 nostri
334 3044 470 3111 terciam
486 3053 611 3130 partem
622 3046 766 3128 Danubii
784 3052 816 3110 et
833 3047 997 3130 piscature
1008 3041 1217 3127 integraliter,

95 3173 159 3239 que
176 3161 278 3240 tanya
294 3153 411 3220 dicitur
420 3203 429 3237 ,
457 3173 520 3236 que
537 3154 756 3220 castrensibus
777 3151 1093 3237 Zulgageurensibus
1118 3155 1150 3216 et
1167 3149 1220 3216 vd·

95 3265 239 3331 uomicis
263 3264 362 3349 Regis
388 3263 430 3330 de
455 3264 536 3329 uilla
552 3266 666 3348 Geney
692 3263 897 3346 contigebat,
927 3280 999 3326 cum
1024 3265 1095 3326 tota
1118 3259 1220 3324 tercia

95 3381 191 3458 parte
206 3371 392 3456 voraginis,
418 3371 506 3454 quod
521 3372 606 3456 wlgo
624 3391 725 3438 euren
741 3369 865 3453 dicitur,
883 3367 969 3435 infra
985 3387 1095 3436 omnes
1111 3365 1218 3432 termi-

96 3499 156 3548 nos
174 3479 320 3546 eiusdem
335 3478 431 3563 ville,
453 3487 485 3546 et
500 3481 655 3565 precipue
671 3497 830 3547 consensu
848 3476 976 3544 Nicolai
993 3469 1127 3542 Comitis
1143 3481 1218 3544 tunc

95 3587 255 3675 temporis
264 3586 407 3654 Palatini
423 3589 536 3672 nostri,
553 3587 645 3654 cuius
661 3589 851 3673 terciapars
867 3584 909 3652 ad
920 3583 1140 3652 Palatinatum
1150 3602 1219 3669 per-

95 3696 233 3762 tinebat.
259 3694 302 3761 Vt
318 3700 425 3760 sutem
441 3694 639 3761 donaciones
655 3701 899 3761 antecessorum
916 3696 1099 3759 nostrorum
1115 3697 1148 3757 et
1163 3710 1216 3759 no·

97 3811 174 3886 stre,
191 3820 255 3884 que
271 3801 305 3867 in
319 3801 381 3868 hoc
392 3799 566 3887 priuilegio
577 3799 764 3868 confirmate
781 3805 865 3885 sunt,
877 3799 971 3866 salue
986 3817 1112 3884 semper
1129 3800 1216 3866 etin-

95 3927 254 3977 concusse
270 3913 493 3995 permaneant,
517 3912 701 3992 presentem
716 3905 929 3974 concedentes
945 3905 1101 3990 paginam
1117 3923 1218 3972 secre-

95 4017 190 4083 tioris
207 4011 309 4100 sigilli
323 4014 436 4098 nostri,
452 4013 604 4080 videlicet
625 4031 722 4079 auree
740 4011 828 4079 bulle
844 4017 1008 4078 caractere
1031 4009 1166 4075 fecimus
1182 4011 1216 4075 in

97 4129 289 4210 perpetuum
298 4119 583 4189 roborariDatum
593 4139 653 4205 per
662 4116 867 4186 manusoleti
878 4115 952 4182 aule
964 4111 1213 4182 nostreOancel-

96 4229 173 4315 larij
189 4235 222 4296 et
237 4227 406 4314 Agriensis
421 4228 584 4313 Prepositi
604 4246 690 4294 auno
707 4225 798 4292 verbi
813 4223 974 4290 incarnati
987 4223 1031 4288 M⁰
1042 4217 1107 4285 00⁰
1117 4217 1213 4286 XiII?

92 4352 232 4424 (Eredetu'c
246 4371 264 4406 a
275 4353 467 4422 pannonhalmi
480 4335 885 4420 ldapdtsdgnak'lsvtlttrdban.
898 4351 972 4401 Eaen
982 4344 1099 4411 okmtny
1113 4348 1167 4398 sok·
1176 4353 1213 4399 te·

92 4443 242 4497 klntetban·
255 4459 401 4512 megegyes
423 4446 459 4496 11.
478 4443 568 4495 Eudre
587 4440 732 4508 kirtlynak
750 4453 910 4506 ugyanason
933 4435 1031 4504 tdrgyd
1050 4451 1103 4502 egy
1122 4431 1209 4486 mdsik

94 4535 205 4586 rara-ur
218 4529 409 4599 olumdnydval,
421 4534 439 4588 l.
451 4531 602 4599 Arpddlrcri
614 4531 650 4596 uj
664 4525 833 4594 Okmtnydr
845 4528 901 4580 elsd
914 4527 1013 4592 folyam
1026 4526 1048 4576 1.
1063 4525 1088 4576 k.
1105 4527 1163 4575 tae.
1176 4524 1205 4594 l.)
