3202 5190
594 365 752 465 -s-ae-

103 557 145 624 de
170 558 299 626 1161666
314 577 387 623 666
402 556 502 641 villa,
522 558 692 624 ecclesiam
709 561 852 624 Sanctae
870 558 1047 626 Columbae
1066 557 1241 644 1606616-

103 691 166 754 go,
194 667 367 734 eeclesiam
386 665 499 733 Sancti
516 666 647 750 Aegidii
673 666 712 732 de
728 666 908 750 Padernis,
934 666 1105 732 ecclesiam
1126 667 1238 732 Sancti

105 774 242 844 Maximi
268 774 309 841 de
323 771 491 858 Medenis,
519 773 692 848 eeclesiam
708 773 819 841 Sancti
836 773 925 840 Petri
950 773 992 840 de
1007 775 1238 842 Inter-Montes

104 903 179 950 cum
194 881 269 968 ipsa
283 879 383 963 villa,
410 881 584 948 ecclesiam
600 881 712 948 Sancti
727 881 814 949 Petri
831 882 872 948 de
888 881 1108 968 Trincatallis,
1134 883 1236 948 ecclc·

107 992 193 1058 siam
209 989 322 1058 Sancti
337 989 475 1056 1666616
501 988 543 1056 16
558 991 705 1073 Melane,
732 990 904 1058 ecclesiam
920 990 1031 1058 Sancti
1049 989 1236 1059 Sebastiani

105 1099 148 1164 de
157 1099 396 1183 Montepesato,
414 1097 1046 1182 66616616686611Ρ61111616661666,
1063 1097 1236 1166 ecclesiam

105 1207 219 1275 Sancti
234 1206 417 1274 Salvatoris
437 1206 478 1273 de
494 1204 677 1291 Gaisanigls
686 1260 695 1293 ,
724 1207 894 1274 ecclesiam
910 1207 1022 1276 Sancti
1037 1207 1177 1291 Eugenii
1195 1209 1237 1275 16

110 1317 255 1384 Orbesat
269 1335 341 1383 cum
359 1317 497 1402 capella,
516 1316 686 1383 eeclesiam
698 1315 1236 1400 8666166666ἰί1611611666666,

111 1425 286 1493 ecclesiam
302 1423 500 1508 16161666,
526 1425 697 1492 eeclesiam
713 1426 754 1492 de
770 1425 916 1493 Maibosc
939 1445 1010 1493 cum
1025 1445 1085 1492 sua
1098 1425 1237 1511 capella,

106 1532 283 1600 ecelesiam
309 1531 350 1598 de
365 1533 492 1610 116666,
518 1532 689 1599 666166166
713 1529 754 1596 16
769 1531 973 1618 (lampenae,
1002 1531 1174 1599 ecclesiam
1195 1532 1237 1600 de

109 1640 277 1723 hardario,
290 1658 362 1705 cum
373 1638 534 1706 ecclesiiia
544 1645 576 1706 et
586 1639 735 1706 omnibus
744 1659 854 1706 earum
865 1639 1077 1724 pertinentiis,
1094 1644 1236 1706 castrum

110 1751 152 1817 de
164 1747 329 1832 Montiort,
348 1752 489 1814 castrum
506 1747 548 1814 de
558 1747 726 1831 bennatio,
744 1744 1102 1831 61661666666116166
1117 1755 1234 1831 terrae,

108 1879 148 1924 ac
165 1864 306 1939 quatuor
328 1855 739 1941 66616116666611116666,
763 1874 847 1938 6666
863 1854 1025 1940 quondam
1044 1854 1085 1921 (16
1100 1856 1236 1940 Berjaco

110 1963 308 2031 monasterio
324 1963 437 2030 Sancti
453 1961 584 2047 Aegidii
608 1968 802 2031 testamento
819 1963 958 2047 reliquit.
984 1963 1237 2031 Transactiones

112 2080 283 2162 practerea
293 2125 301 2158 ,
329 2091 414 2156 quae
438 2071 597 2141 intervos
616 2072 823 2139 611666666
842 2072 1114 2150 Nemausenrem,
1140 2077 1238 2157 atque

111 2179 329 2248 Raimundum
346 2179 572 2246 Uaeticensem
588 2181 770 2268 Episcopos
787 2179 827 2247 16
840 2181 1059 2247 Ecclesiarum
1075 2179 1238 2266 quartoni-

112 2289 174 2354 bus
191 2287 299 2354 166166
315 2293 400 2372 6661,
417 2296 449 2354 61
466 2287 651 2357 authentico
662 2288 785 2375 scripto
800 2286 957 2372 firmatae,
978 2286 1237 2354 vobisnibilomi-

109 2415 171 2463 666
188 2393 428 2462 confirmamus.
449 2395 535 2462 Illud
551 2403 659 2462 66166
676 2395 868 2462 auctoritate
885 2395 1075 2482 Apostolica
1090 2393 1238 2480 prohibe-

110 2523 204 2588 mus,
228 2510 265 2569 61
280 2503 389 2569 661166
404 2502 518 2571 Abbas
534 2504 587 2570 661
603 2505 781 2574 66666166
797 2505 1004 2588 thesaurum,
1027 2505 1167 2570 honores
1183 2501 1237 2568 vel

111 2610 338 2698 possessiones
353 2608 491 2694 praelati
508 2613 706 2694 monasterii,
723 2631 780 2678 seu
792 2613 945 2678 cellarum
962 2611 1126 2698 adipsum
1142 2608 1239 2696 perti·

112 2717 278 2800 nentium,
305 2735 389 2800 quae
405 2723 462 2782 aut
476 2716 572 2784 6616
588 2717 768 2801 habentur,
795 2719 899 2784 autin
915 2719 1057 2786 futurum
1080 2716 1239 2803 largiente

113 2826 254 2895 Domino
272 2825 490 2911 acquirentur,
507 2829 660 2911 alienare,
678 2827 870 2912 distrahere,
890 2829 1120 2914 impignorare,
1137 2825 1189 2893 vel
1204 2824 1238 2890 in

112 2933 256 3016 166166,
274 2953 416 3018 666666,
441 2954 498 3000 666
515 2933 704 3001 beneficium
720 2935 819 3000 611661
835 2935 930 3002 611111
947 2935 1026 3001 dare
1041 2939 1236 3020 praesumat,

112 3041 176 3108 6161
191 3041 275 3108 forte
293 3059 351 3126 pro
366 3039 588 3126 redemptione
604 3041 757 3108 videlicet
770 3043 981 3128 captivorum,
1002 3061 1060 3127 pro
1077 3040 1238 3107 communi

114 3161 146 3218 et
162 3149 306 3235 graviori
323 3148 418 3216 16616
434 3150 554 3236 inopia,
575 3157 606 3216 61
622 3170 680 3236 pro
694 3151 857 3236 emptione
867 3169 924 3216 seu
941 3170 1000 3235 pro
1016 3148 1238 3234 redemptione

114 3257 370 3344 possessionum.
394 3257 433 3324 11
449 3257 555 3344 16666
571 3265 680 3324 66166
704 3257 733 3323 61
749 3257 939 3342 eontigerit,
965 3257 1066 3324 totius
1082 3255 1139 3322 dat
1155 3274 1237 3324 com-

113 3367 202 3433 6661
218 3365 452 3435 deliberatione
469 3365 629 3453 (lapituli3
654 3373 689 3433 ut
703 3366 784 3434 nihil
800 3366 874 3435 dolo
891 3368 942 3432 vel
959 3365 1168 3451 subreptione
1183 3363 1238 3429 ali·

113 3493 198 3558 qua,
225 3473 284 3540 sed
309 3472 548 3559 praedictarum
573 3475 803 3542 necessitatum
829 3475 984 3542 instantia
1009 3472 1236 3540 committatur.

113 3580 227 3648 Abbas
243 3599 320 3648 vero
335 3584 387 3648 661
405 3582 601 3668 monachus,
627 3583 682 3667 661
699 3584 759 3651 boc
775 3583 992 3666 attentaverit,
1013 3581 1125 3648 Abbas
1142 3579 1239 3664 siqui-

114 3691 188 3757 dem
205 3690 368 3758 Abbatiae
385 3692 541 3776 regimine
557 3697 664 3758 careat
681 3702 713 3758 et
723 3693 1064 3761 excommunicationis
1080 3691 1240 3759 sententia

114 3797 322 3885 percellatur,
348 3799 527 3866 monachus
542 3806 649 3866 autem
666 3820 686 3864 a
705 3801 900 3866 monasterio
921 3800 1049 3885 penitus
1065 3800 1153 3866 6161)
1170 3800 1240 3884 ejus

112 3905 289 3974 bonoribus
299 3905 501 3991 excludatur,
518 3915 550 3972 et
566 3907 711 3989 ejusdem
724 3907 1064 3972 excommunicationis
1080 3907 1240 3972 sententia
1316 3945 1323 3958 ·

113 4019 272 4096 teneatur,
285 4013 349 4079 6161
365 4013 660 4099 praesumptionem
677 4033 769 4078 suam
785 4011 885 4097 digna
901 4013 1123 4079 satisfactione
1139 4033 1239 4079 corre-

115 4120 209 4188 nerii.
220 4119 435 4188 Prohibemus
447 4122 555 4206 etiam,
573 4125 607 4186 ut
619 4119 702 4186 infra
712 4121 823 4186 villam
838 4121 949 4186 Sancti
958 4119 1101 4204 Aegidii,
1112 4126 1144 4185 et
1154 4118 1241 4183 circa

115 4226 264 4294 eamdem
279 4227 391 4294 villam
406 4245 509 4312 66666
525 4228 569 4293 61
585 4246 681 4294 6666
696 4226 837 4310 leugam,
850 4225 929 4291 nulli
946 4224 1240 4309 Hospitalariorum

115 4355 174 4402 seu
190 4335 328 4402 militum
344 4337 481 4422 Templi,
499 4336 551 4402 vel
562 4335 693 4402 cuilibet
709 4335 765 4402 alii
781 4352 952 4420 personae,
963 4335 1087 4416 absque
1104 4331 1241 4397 Abbatis

115 4449 148 4510 et
163 4441 308 4529 Capituli
324 4463 482 4512 66666666
498 4445 596 4512 116661
614 4444 801 4530 religiosam
818 4443 956 4525 domum,
974 4441 1154 4519 ecclesiam,
1172 4457 1241 4504 ora·

117 4549 244 4635 lorium,
270 4567 328 4616 666
344 4550 555 4619 munitionem
574 4559 770 4635 construere,
796 4549 1023 4618 coemeterium
1039 4547 1168 4628 babere,
1186 4544 1241 4610 Di-

118 4655 318 4726 6166611616
333 4659 454 4746 populo
471 4659 639 4728 celebrare
655 4679 728 4728 cum
746 4659 824 4729 villa
840 4659 913 4746 ipsa
927 4653 1104 4727 cessaverit
1113 4705 1121 4741 ,
1147 4653 1241 4738 signa
