3164 5192
838 357 988 458 „aa

356 553 451 619 tertio
467 551 511 617 ad
527 573 586 619 nos
610 551 740 617 nuntios
767 553 908 635 dirigere
926 553 1162 639 temptavisset,
1186 573 1250 619 non
1267 561 1421 638 potueras
1435 561 1478 618 ta-

353 681 438 746 men,
454 661 541 744 quod
557 660 806 728 desideraveras
823 662 1021 748 adimplere:
1039 661 1097 728 sed
1112 681 1198 726 nunc
1213 680 1272 747 per
1287 667 1417 728 nostras
1432 660 1479 726 lit-

354 779 442 838 teras
468 768 668 836 confortatus
684 769 720 834 B.
738 769 955 854 presbiterum
970 768 1309 836 Brundihurznensem
1325 769 1479 852 Electum,

354 899 427 945 cnm
442 883 554 944 nostro
578 876 691 944 nuntio
708 875 919 962 destinabas,
947 877 1096 962 quamvis
1112 877 1198 944 idem
1217 879 1349 944 Electus
1365 877 1409 942 ad
1423 895 1481 942 nos

354 993 490 1075 propter
504 987 632 1053 viarum
643 985 833 1051 discrimina
848 1007 913 1053 non
924 987 1065 1072 potuerit
1076 988 1255 1072 pervenire.
1272 987 1388 1052 Petisti
1404 1003 1481 1051 vere

354 1095 528 1180 humiliter,
553 1101 589 1160 ut
604 1113 755 1162 coronam
771 1093 832 1162 tibi
847 1095 997 1162 Ecclesia
1012 1098 1161 1164 Romana
1178 1095 1376 1178 concederet,
1402 1094 1483 1160 sieut

355 1205 491 1270 illustris
507 1203 661 1270 memorie
677 1203 794 1288 Petro,
812 1205 977 1288 Samueli,
996 1209 1028 1268 et
1045 1204 1120 1270 aliis
1137 1201 1402 1290 progenitoribus
1421 1201 1483 1267 tuis

355 1313 389 1378 in
406 1311 497 1378 libris
512 1311 577 1376 tuis
593 1309 713 1395 legitur
728 1311 940 1378 concessisse.
968 1311 1036 1377 Nos
1053 1329 1150 1394 ergo,
1176 1315 1212 1376 ut
1228 1329 1327 1396 super
1341 1310 1405 1378 hoo
1421 1328 1482 1374 ma·

356 1419 457 1486 iorem
474 1415 698 1484 certitudinem
713 1418 917 1502 haberemus,
935 1424 1067 1503 regesta
1077 1426 1190 1484 nostra
1205 1417 1333 1503 perlegi
1349 1416 1483 1482 fecimus

356 1527 548 1611 diligenter,
576 1524 750 1607 exquibus
778 1525 946 1592 evidenter
970 1525 1206 1609 comperimus,
1235 1523 1323 1609 quod
1337 1523 1372 1588 in
1398 1529 1484 1590 terra

354 1633 414 1699 tibi
430 1633 576 1700 subiecta
599 1631 692 1698 multi
708 1633 815 1715 Reges
831 1631 960 1700 fuerunt
983 1634 1139 1700 coronati.
1165 1633 1319 1698 Preterea
1345 1630 1483 1698 contine

355 1741 451 1807 batur
465 1740 499 1806 in
516 1740 583 1824 eis,
610 1741 698 1824 quod
712 1748 858 1826 tempore
880 1743 965 1810 bone
982 1743 1136 1809 memorie
1152 1741 1281 1808 Nieolai
1296 1740 1399 1826 Pape,
1419 1759 1484 1826 pre

358 1849 542 1916 decessoris
557 1850 669 1933 nostri,
685 1850 755 1916 Rex
768 1851 995 1936 Bulgarorum,
1014 1851 1057 1917 ad
1074 1871 1208 1934 quorum
1224 1848 1372 1916 consulta
1388 1847 1485 1934 sepis-

355 1957 437 2024 sime
452 1955 681 2042 respondebat,
698 1977 771 2024 oum
786 1963 854 2026 toto
869 1959 983 2044 Regno
1000 1957 1062 2026 sibi
1082 1958 1255 2025 commisso
1278 1957 1322 2022 ad
1339 1955 1485 2041 predica-

357 2063 479 2131 tionem
495 2063 564 2128 eius
580 2061 688 2128 fuerat
702 2063 899 2150 baptizatus,
925 2071 957 2130 et
972 2067 1042 2132 Rex
1059 2065 1131 2150 ipse
1148 2066 1192 2130 ab
1208 2083 1247 2130 eo
1263 2062 1485 2148 Arohiepisco-

356 2191 433 2257 pum
457 2171 651 2256 postularat.
677 2171 820 2255 Legatus
847 2191 982 2258 qnoque,
1003 2171 1171 2238 Michaelis
1197 2171 1297 2253 Regis
1322 2169 1487 2255 Bnlgariei

357 2298 430 2344 eum
456 2277 550 2346 donis
575 2277 756 2359 Regalibus
772 2277 918 2346 Adriano
934 2281 1024 2364 Pape
1049 2278 1275 2366 predecessori
1301 2283 1414 2344 nostro
1431 2279 1486 2344 Re·

358 2386 432 2470 gias
448 2387 575 2452 litteras
590 2392 799 2471 presentarat
808 2437 817 2472 ,
844 2396 876 2454 et
891 2389 1075 2473 postulerat
1098 2388 1142 2454 ab
1158 2407 1207 2471 eo,
1234 2396 1270 2454 ut
1286 2387 1432 2470 aliquem
1448 2407 1485 2452 ex

357 2490 589 2558 Cardinalibns
614 2492 647 2558 in
663 2493 952 2581 Archiepisoopum
978 2495 1163 2580 eligendum
1189 2494 1364 2579 dirigeret,
1391 2514 1485 2579 quem

356 2607 433 2686 post
448 2599 719 2685 approbationem
735 2621 845 2670 eorum
863 2603 906 2670 ad
921 2604 1038 2671 Sedem
1049 2603 1273 2689 Apostoheam
1288 2608 1486 2669 remeantem

356 2709 429 2792 ipse
453 2707 659 2791 postmodum
685 2718 900 2776 consecraret.
933 2710 1078 2796 Cumque
1107 2711 1194 2778 idem
1217 2710 1383 2777 Adrianus
1410 2710 1487 2776 illue

357 2833 430 2878 enm
446 2812 756 2900 dnobusEpiscopis
775 2816 937 2900 quendam
953 2817 1196 2884 Subdiaoonnm
1210 2816 1396 2900 direxisset,
1415 2815 1486 2881 Bul·

358 2920 429 3004 gari
445 2919 589 3005 corrupti
613 2921 708 2988 donis
724 2919 902 2990 Greeornm
921 2932 953 2992 et
968 2925 1241 3010 promissionibus
1265 2923 1485 3004 circumventi,

358 3029 514 3096 Romanis
531 3028 660 3114 eiectis,
690 3027 813 3100 Grecos
829 3031 1031 3100 Presbiteros
1056 3037 1256 3117 receperunt.
1282 3031 1374 3098 Licet
1389 3029 1486 3115 igitur

360 3141 451 3202 tante
479 3136 633 3204 memorie
658 3137 802 3206 levitatis
826 3161 886 3208 nos
910 3159 1012 3226 usqne
1037 3140 1121 3207 adeo
1142 3139 1306 3207 induxerit
1320 3140 1363 3206 ad
1379 3146 1484 3205 caute

361 3241 438 3325 lam,
456 3245 491 3308 ut
505 3243 629 3309 nullum
646 3263 687 3309 ex
702 3243 859 3312 fnanibus
875 3247 1005 3330 nostris,
1023 3244 1254 3314 Gardinalibus
1265 3245 1400 3329 seilicet,
1417 3264 1485 3331 pre-

359 3346 540 3414 sentialiter
556 3347 599 3414 ad
615 3366 709 3416 suam
724 3351 928 3435 presenciam
947 3353 1165 3434 mitteremus,
1194 3350 1425 3418 nichilominus
1443 3356 1485 3416 ta·

359 3475 432 3521 men
458 3455 611 3522 dilectum
635 3455 737 3524 filium
760 3458 792 3524 J.
818 3457 1031 3546 capellanum
1058 3467 1090 3526 et
1114 3459 1310 3528 familiarem
1341 3466 1485 3527 nostrum

357 3564 547 3648 Apostoliee
556 3566 651 3634 Sedis
661 3569 830 3655 Legatum,
847 3571 952 3638 virum
961 3570 1134 3657 providum
1149 3577 1183 3638 et
1192 3570 1377 3654 discretum,
1392 3591 1486 3655 quem

358 3689 419 3737 nos
435 3677 468 3736 et
481 3670 601 3738 iratres
616 3675 729 3759 nostri,
746 3696 805 3744 sue
820 3677 990 3764 religionis
1005 3685 1038 3744 et
1055 3679 1229 3764 probitatis
1239 3679 1385 3763 obtentu,
1405 3679 1486 3744 inter

358 3781 483 3844 ceteros
514 3779 705 3864 capellanos
732 3790 862 3852 nostros
893 3785 1048 3870 specialis
1075 3785 1259 3853 dilectionis
1287 3785 1323 3852 in
1346 3786 1484 3852 Domino

358 3883 502 3952 brachiis
519 3887 751 3974 amplexamur,
770 3890 814 3956 ad
828 3896 862 3957 te
878 3892 1029 3959 duximus
1046 3892 1299 3962 destinandum:
1319 3895 1371 3960 eui
1386 3893 1484 3962 suam

359 3993 578 4061 commisimus
594 3996 682 4062 vices
697 4005 847 4082 nostras,
875 4007 909 4068 ut
923 3998 957 4064 in
971 4005 1041 4068 tota
1065 4006 1154 4068 terra
1176 4006 1235 4067 tua
1259 4003 1367 4087 quoad
1393 4003 1485 4089 spiri·

357 4100 461 4167 tualia
477 4101 630 4187 corrigat,
648 4121 710 4187 que
726 4105 921 4188 corrigenda
937 4107 1136 4193 cognoverit,
1157 4115 1191 4175 et
1205 4115 1339 4194 statuat,
1361 4129 1425 4194 que
1440 4129 1484 4177 se

358 4207 497 4274 eundum
513 4211 618 4276 Deum
644 4210 765 4278 luerint
790 4214 974 4280 statuenda.
1000 4217 1063 4282 Per
1088 4216 1195 4302 ipsum
1220 4236 1349 4302 quoque
1374 4217 1484 4286 Archi·

358 4315 512 4402 episeopo
527 4323 613 4384 terre
626 4323 680 4384 tus
696 4320 844 4405 pallium,
861 4321 991 4406 insigne
1006 4323 1160 4394 videlieet
1175 4323 1388 4412 plenitudinis
1404 4327 1484 4393 Pon·

356 4420 486 4490 tifiealis
503 4422 611 4509 officii,
627 4423 847 4513 destinamus,
874 4435 907 4494 et
921 4430 1015 4498 iuxta
1030 4431 1178 4516 formam,
1202 4452 1300 4516 quam
1318 4435 1379 4500 snb
1395 4433 1484 4500 bulla

356 4536 470 4597 nostra
486 4531 667 4619 dirigimus,
685 4535 926 4605 conferendum.
953 4539 1068 4606 Eidem
1084 4557 1212 4626 quoque
1228 4542 1355 4626 Legato
1374 4547 1483 4610 nostro

359 4635 507 4705 dedimus
523 4639 742 4729 immundatis,
761 4653 795 4712 ut
810 4645 905 4734 siqui
921 4647 1032 4716 forsan
1048 4647 1081 4714 in
1096 4655 1186 4716 terra
1204 4657 1262 4716 tua
1271 4650 1482 4736 promovendi
