3218 5192
838 306 993 409 „no--

456 505 578 572 Datum
593 505 769 573 Beneventi
786 525 844 590 per
870 525 1000 572 manum
1022 501 1154 570 Girardi
1172 501 1293 570 Sacrae
1310 503 1482 571 Romanae

349 613 519 678 Ecclesiae
534 614 664 681 Notarii
680 613 735 680 IV.
750 613 912 678 kalendas
928 611 1088 697 Januarii,
1105 612 1285 680 Indictione
1301 612 1410 698 prima
1428 611 1486 676 In·

350 718 549 786 carnationis
574 719 766 787 Dominiuae
783 739 869 784 anno
885 718 1077 786 MOLXVII.
1102 720 1312 786 Pontificatus
1328 737 1407 785 vero
1423 717 1483 784 do-

351 825 429 892 mini
445 826 625 892 Alexandri
642 829 754 912 Papae
770 827 828 893 III.
847 847 932 894 anno
949 846 1045 894 nono.

602 1024 726 1091 (Parlati‚
740 1028 878 1093 Illyricum
892 1027 1005 1079 Sacrum
1017 1027 1065 1080 VI.
1079 1028 1135 1078 kur.
1149 1025 1192 1079 80.
1207 1026 1237 1091 l.)

783 1320 1046 1332 n-—a-—A-——n-n

891 1868 947 1938 64.

355 2051 419 2118 III.
437 2051 565 2118 Sdudor
575 2055 668 2141 pulpa
685 2051 872 2138 meplruppja
889 2074 909 2114 α
919 2051 1093 2138 politauui,
1115 2052 1264 2116 masenot
1279 2051 1311 2112 da
1326 2047 1488 2114 driuoattu'

352 2159 597 2247 pttapdlab'knek,
622 2163 653 2224 Aa
668 2159 851 2240 bivaiknelr,
880 2159 961 2246 bopy
976 2181 998 2222 a
1012 2161 1146 2244 sapaudi
1171 2158 1318 2223 deamat
1345 2156 1488 2243 enpedel·

746 2265 967 2352 merkedjeuek.
984 2267 1084 2330 1167.

465 2460 652 2526 Alexander
668 2480 781 2528 servus
807 2481 974 2529 servorum
990 2461 1052 2527 Dei
1068 2461 1307 2528 venerabilibus
1327 2447 1489 2527 fratribus

358 2567 579 2652 Politanensi,
604 2568 761 2636 Suaeensi
787 2576 818 2634 et
833 2569 1038 2636 Drivastensi
1062 2565 1285 2657 (Episcopis)‚
1310 2573 1342 2633 et
1357 2567 1488 2636 dilectis

357 2675 434 2742 filiis
459 2677 621 2742 universis
646 2677 774 2742 oleriois
798 2677 988 2762 Suaeensis,
1013 2677 1216 2744 Seutarensis
1242 2681 1274 2742 et
1300 2675 1489 2743 Polinensis

358 2784 580 2852 Eoelesiarum
596 2785 736 2850 salntem
752 2792 784 2851 et
798 2781 1022 2871 Apostolioam
1034 2783 1301 2851 benedictionem.
1318 2783 1354 2849 Si
1364 2791 1490 2870 quanta

359 2892 402 2958 sit
418 2892 521 2960 virtus
537 2892 743 2960 obedientiae
767 2891 881 2960 humili
904 2899 1010 2959 mente
1026 2899 1058 2960 et
1074 2892 1201 2959 sincera
1226 2889 1397 2958 devotione
1413 2912 1489 2958 oon·

359 2998 504 3067 siderare
529 3001 675 3086 velletis;
707 3008 740 3067 et
762 3007 916 3085 quantum
944 3001 1063 3068 bonum
1092 2999 1133 3066 de
1157 2997 1247 3065 illius
1276 2999 1490 3066 observantia

359 3108 526 3194 procedat,
543 3109 587 3174 ad
604 3129 659 3176 eor
674 3109 877 3195 reduceritis,
894 3107 1054 3176 Praelatis
1070 3107 1188 3175 vestris
1204 3109 1238 3173 in
1253 3107 1341 3174 omni
1356 3108 1490 3176 debere-

359 3215 401 3282 tis
427 3215 610 3282 humilitate
635 3217 817 3300 substerni,
841 3223 999 3284 eteorum
1028 3215 1214 3283 salubribus
1239 3215 1371 3282 monitis
1387 3223 1489 3299 atque

358 3323 543 3410 praeseptis
571 3330 638 3391 toto
664 3325 771 3391 cordis
804 3323 921 3390 affeetu
947 3323 1104 3388 curaretis
1134 3341 1258 3408 parere.
1292 3321 1490 3390 Obedientia

360 3431 446 3496 enim
462 3431 535 3497 sola
549 3429 653 3495 virtus
669 3436 729 3515 est,
747 3451 831 3514 quae
847 3431 1049 3498 transcendit
1061 3431 1226 3514 meritum3
1248 3429 1334 3495 unde
1349 3429 1489 3496 dieitur:

364 3536 500 3620 „Melius
516 3543 566 3604 est
582 3537 723 3621 obedire,
742 3559 840 3622 quarn
857 3537 1073 3622 sacrificare“;
1091 3537 1246 3622 quoniam
1262 3537 1356 3622 quasi
1375 3557 1491 3622 peeca-

360 3649 428 3707 tum
444 3680 489 3690 -
503 3679 548 3689 -
563 3681 607 3690 -
622 3681 666 3693 -
682 3653 732 3711 est
756 3665 959 3732 repugnare,
985 3652 1018 3710 et
1041 3647 1136 3728 quasi
1161 3647 1288 3730 scelus,
1314 3645 1491 3712 idolatriae

360 3750 447 3816 nolle
463 3751 678 3834 acquiescere.
707 3754 769 3818 Per
785 3749 1039 3820 inobedientiam
1055 3753 1142 3818 enirn
1165 3753 1290 3836 primus
1306 3753 1404 3821 homo
1422 3774 1492 3821 eor·

362 3857 444 3942 ruit3
471 3865 604 3942 propter
629 3858 846 3924 obedientiam
862 3859 946 3926 filius
962 3859 1025 3925 Dei
1047 3878 1164 3925 nomen
1175 3909 1183 3942 ‚
1212 3859 1299 3944 quod
1324 3865 1491 3946 estsuper

361 3983 456 4030 omne
472 3983 607 4048 nomen,
633 3965 750 4032 meruit
766 3966 921 4032 obtinere.
938 3967 1028 4032 Haeo
1046 3965 1140 4051 ideo,
1167 3965 1278 4032 dilecti
1294 3967 1328 4032 in
1347 3967 1491 4034 Domino

361 4069 430 4156 filii,
457 4071 550 4138 vobis
575 4073 822 4158 proposuimus;
849 4073 1022 4156 quoniam,
1050 4073 1134 4140 sieut
1158 4075 1364 4160 accepimus,
1384 4077 1492 4143 bonae

362 4177 539 4244 memoriae
563 4177 728 4245 Adrianus
755 4182 849 4263 Papa
873 4188 1061 4247 anteeessor
1086 4187 1198 4247 noster
1223 4181 1316 4248 vobis
1346 4201 1406 4268 per
1432 4203 1492 4248 sua

362 4284 484 4366 scripta
500 4283 687 4368 mandavit,
714 4289 748 4348 ut
763 4284 942 4350 venerabili
964 4284 1058 4352 fratri
1083 4292 1195 4353 nostro
1220 4287 1366 4353 Tribuno
1383 4289 1492 4373 Ragn-

363 4389 433 4453 sino
444 4389 709 4474 Arehiepiseopo,
725 4397 879 4473 tanquam
890 4393 977 4476 patri
993 4399 1025 4458 et
1040 4394 1158 4458 reatori
1168 4395 1351 4460 animarum
1367 4403 1492 4461 vestra-

279 4559 285 4566 ,
362 4515 432 4560 rum
457 4497 599 4562 debitam
624 4499 842 4564 obedientiam
858 4506 889 4564 et
912 4501 1127 4566 reverentiam
1152 4501 1397 4587 impenderetis.
1425 4503 1492 4570 Vos

363 4607 481 4688 autem,
499 4611 593 4688 prout
608 4606 703 4671 nobis
719 4613 909 4692 suggestum
925 4613 995 4691 est,
1024 4609 1067 4672 ad
1083 4609 1145 4674 hoe
1162 4607 1377 4692 efficiendum,
1405 4609 1493 4674 unde
