3202 5190
616 366 773 466 221..

125 554 303 624 luntariam
321 559 537 645 suscipientes
553 561 690 628 tutelam
708 561 947 646 sepedictorum
957 563 1081 632 Thome
1097 573 1130 630 et
1141 565 1258 632 Ywan·

124 687 186 752 ca,
213 672 245 734 et
270 671 426 751 tanquam
452 669 617 753 propriam
641 669 793 736 iniuriam
818 677 1024 756 reputantes,
1052 669 1257 757 supradictos

124 776 236 842 Tubul
261 782 294 842 et
319 775 449 842 Petrum
473 783 507 842 et
531 776 615 844 alios
647 775 856 844 aduersarios
879 798 956 846 suos
987 800 1098 846 coram
1126 777 1257 849 domino

126 884 219 968 Rege
236 890 465 967 conuenerunt,
483 885 553 950 Rex
568 903 645 952 vero
662 904 796 952 cansam
813 884 981 971 delegauit
992 888 1149 970 Magistro
1165 888 1257 956 Salo-

124 990 227 1072 moni,
253 995 287 1056 et
303 989 398 1055 Letro
414 989 531 1058 Comiti
549 991 641 1057 sratri
657 990 804 1058 Marcelli
823 993 1095 1078 cognoscendam.
1121 993 1257 1060 ludices

123 1105 237 1164 antem
248 1096 326 1164 dato
342 1097 503 1184 pristaldo
520 1099 648 1165 nomine
659 1099 763 1165 Panlo
778 1100 819 1167 de
830 1101 957 1167 Zundia
974 1107 1085 1187 partes
1101 1101 1144 1168 ad
1160 1123 1256 1168 suam

125 1207 333 1291 presenciam
358 1207 507 1272 citarent.
534 1207 607 1273 Lite
623 1227 700 1276 vero
717 1229 824 1274 coram
845 1209 970 1276 eisdem
992 1209 1157 1296 judicibus
1183 1231 1256 1278 con·

122 1321 267 1398 testata,
294 1319 326 1379 et
342 1313 386 1380 ad
402 1315 597 1400 peticionem
623 1316 726 1402 partis
742 1317 898 1402 impetite,
920 1337 958 1385 eo
974 1317 1061 1401 quod
1076 1317 1255 1403 supradicti

118 1423 251 1508 jndices
269 1419 394 1488 eisdem
419 1423 562 1508 suspecti
578 1422 780 1511 uidebantur,
798 1425 870 1511 ipse
886 1424 1036 1494 dominns
1055 1427 1125 1492 Rex
1140 1427 1252 1514 priori·

123 1532 186 1598 bus
201 1529 329 1597 duobus
348 1529 515 1614 jndicibus
531 1531 615 1599 alios
640 1531 721 1600 duos
748 1532 915 1618 adjunxit,
943 1533 1067 1600 scilicet
1091 1534 1254 1600 Kalannm

122 1635 528 1722 Quinque-Ecclesiensem
555 1644 588 1704 et
611 1638 786 1707 Rnbcrtum
809 1640 1095 1724 Wesprimiensem
1121 1641 1253 1726 Episco-

124 1767 197 1834 pos,
215 1746 270 1830 qui
286 1745 382 1811 simul
398 1763 472 1810 cnm
487 1745 613 1813 duobus
629 1747 791 1832 prioribus
811 1747 845 1812 in
861 1767 960 1813 cause
976 1747 1168 1829 cognicione
1183 1769 1253 1833 pro·

121 1852 288 1936 cedentes,
315 1849 359 1922 ad
374 1853 568 1938 peticionem
582 1853 703 1920 actoris
719 1855 911 1922 estimarunt
934 1853 1110 1940 dampnum
1128 1856 1252 1920 uniuer-

122 1981 197 2028 sum
222 1958 346 2028 eisdem
372 1961 500 2026 illatum
527 1981 584 2047 pro
609 1963 761 2028 trecentis
782 1968 814 2028 et
838 1961 1074 2045 quinquaginta
1100 1962 1250 2026 marchis.

122 2069 195 2148 Que
211 2087 284 2134 cum
299 2087 410 2134 eoram
429 2065 597 2151 judicibus
615 2065 791 2154 sepedictis
807 2087 908 2134 eausa
932 2066 1056 2134 diucius
1073 2075 1161 2134 esset
1176 2088 1251 2134 uen-

120 2177 250 2260 tillata;
278 2171 409 2242 tandem
425 2183 501 2261 post
516 2176 617 2243 multa
642 2175 818 2242 hincinde
843 2175 1029 2262 proposita,
1055 2175 1102 2241 rei
1127 2176 1250 2242 meritis

121 2303 296 2353 censesne
312 2282 516 2368 diffidentes,
543 2283 720 2351 secundum
736 2285 823 2369 quod
847 2283 1049 2352 consciencia
1076 2283 1250 2350 eorundem

121 2392 281 2478 dictabat,
298 2400 495 2475 rogauerunt
511 2390 632 2458 dietum
649 2394 771 2477 Regem
787 2401 820 2458 et
835 2391 978 2477 ludices,
1001 2400 1035 2458 ut
1052 2393 1250 2457 remitterent
1321 2435 1324 2442 -

119 2508 272 2590 partesa
287 2519 350 2568 sua
365 2519 506 2586 persona
523 2501 565 2568 ad
580 2501 747 2586 propriam
762 2501 972 2588 prouinciam,
992 2501 1161 2586 cupientes
1177 2519 1249 2566 oau-

120 2631 193 2677 sam
210 2611 316 2694 magis
332 2607 496 2675 amicabili
512 2608 568 2673 uia
583 2609 704 2694 sopiri,
730 2629 828 2693 quam
844 2607 991 2676 iudiciali
1007 2609 1175 2674 sentencia
1196 2608 1249 2673 de-

119 2718 198 2788 cidi.
226 2719 291 2798 Qui
306 2718 351 2786 ad
367 2717 569 2806 prouinciam
594 2737 687 2784 snam
711 2716 892 2802 redientes,
921 2717 996 2784 boni
1017 2716 1078 2782 uiri
1102 2714 1247 2781 eiusdem

119 2828 289 2916 pronineie
304 2827 414 2895 taliter
429 2826 512 2892 inter
528 2834 639 2913 partes
655 2832 914 2912 composuerunt,
931 2833 965 2892 ut
981 2832 1114 2910 propter
1129 2825 1248 2890 bonum

117 2939 214 3025 pacis
230 2935 277 3003 rei
287 2935 511 3022 persoluercnt
522 2933 687 3001 actoribus
704 2943 772 3002 tam
788 2953 846 3018 pro
860 2931 1010 3018 dampnis
1021 2931 1133 3015 illatis,
1151 2950 1248 3014 quarn

118 3041 352 3110 interiecoione
367 3040 509 3109 hominis
525 3042 594 3125 sui,
619 3061 680 3107 neo
696 3061 761 3108 nou
777 3046 809 3106 et
825 3040 898 3105 aliis
924 3039 1049 3104 iniuriis
1073 3038 1248 3124 sexaginta

118 3157 153 3217 et
170 3152 253 3218 duas
268 3150 428 3235 marchas,
453 3154 574 3215 terrem
590 3169 666 3216 uero
683 3147 716 3214 in
732 3147 836 3230 litigio
864 3147 1004 3232 positam
1027 3144 1248 3228 relinquerent

117 3258 238 3326 iisdem
265 3257 427 3326 actoribus
443 3256 515 3323 sine
539 3257 627 3323 omni
645 3256 701 3323 lite
718 3255 751 3322 iu
776 3273 857 3340 pace
874 3253 907 3318 in
931 3259 1120 3338 perpetuum
1145 3251 1246 3337 possi-

117 3365 280 3450 dendam,
307 3361 483 3434 secundum
509 3361 596 3450 qnod
612 3365 726 3430 Petrus
743 3360 860 3428 Comes
885 3367 1018 3445 patruus
1042 3379 1153 3425 eorum
1169 3357 1246 3422 olim

118 3473 331 3562 possederat;
349 3471 578 3558 promiserunt,
594 3468 681 3554 quod
698 3487 758 3536 nec
773 3488 831 3555 per
847 3488 882 3534 se
898 3486 958 3534 nec
973 3488 1032 3552 per
1042 3486 1118 3534 suos
1134 3466 1244 3548 aliquo

116 3600 262 3666 unquam
286 3585 431 3668 tempore
456 3575 497 3645 de
520 3585 608 3644 terra
629 3576 818 3664 supradicto
843 3582 1009 3642 mouerent
1034 3575 1245 3660 questionem,

116 3712 178 3760 nec
193 3691 298 3758 eciam
313 3694 424 3756 essent
438 3687 575 3754 consilio
592 3687 644 3752 uel
668 3688 790 3754 auxilio
807 3685 890 3771 hijs,
915 3685 972 3770 qui
989 3685 1029 3752 de
1055 3684 1246 3750 multociens

117 3801 289 3868 nominata
303 3803 391 3864 terra
414 3797 480 3862 iam
499 3795 594 3863 dictis
611 3796 733 3862 Thome
750 3800 781 3861 et
797 3793 942 3862 Ywanca
962 3794 1015 3862 vel
1031 3813 1142 3860 eorum
1158 3793 1246 3858 herc·

116 3910 213 3976 dibus
230 3907 431 3992 questionem
447 3909 558 3974 essent
572 3904 707 3988 moturi,
734 3903 951 3989 promiserunt
967 3902 1072 3968 eciam
1081 3952 1090 3985 ,
1115 3900 1201 3984 quod
1217 3901 1246 3964 si

115 4019 228 4102 aliquo
244 4037 388 4104 unquam
411 4021 556 4100 tempore
573 4033 651 4100 sepe
667 4012 756 4080 diota
770 4021 857 4080 terra
874 4013 917 4078 ab
937 4012 1017 4097 ipsis
1044 4010 1246 4094 contingeret

115 4127 236 4210 eninci,
253 4130 288 4191 nt
303 4144 324 4191 a
340 4122 546 4211 possessione
562 4119 718 4188 caderent
741 4126 827 4189 terre
842 4124 1035 4204 memorate,
1063 4117 1098 4184 id
1113 4118 1159 4183 rei
1176 4137 1245 4201 pre-

115 4235 214 4302 dictis
231 4231 398 4300 actoribns
423 4229 623 4315 inrequisitis
638 4229 690 4296 rel
716 4228 829 4295 inuitis
850 4247 913 4292 uon
938 4226 1092 4292 deberent
1115 4244 1242 4308 emere;

116 4352 151 4410 et
167 4344 232 4410 ista
242 4340 351 4407 omnia
367 4344 490 4426 aparte
503 4339 550 4404 rei
560 4342 766 4404 sacramento
776 4333 987 4420 corporaliter
996 4333 1140 4418 prestito,
1158 4331 1245 4414 quod

116 4453 245 4537 omnia,
272 4456 307 4516 ut
323 4445 546 4536 supradictum
562 4452 631 4530 est,
657 4445 699 4511 ab
716 4445 797 4531 ipsis
817 4449 1087 4510 conservarentur
1112 4441 1243 4506 interue-

114 4568 198 4626 rata.
224 4558 294 4624 lieo
307 4555 502 4642 composicio
527 4555 614 4621 iacta
630 4563 680 4620 est
703 4573 812 4619 coram
836 4550 982 4637 predicto
998 4553 1034 4616 Ρ.
1061 4548 1102 4615 de
1118 4547 1245 4615 Zundia

1 4667 2 4670 ’
115 4665 276 4754 pristaldo
293 4663 441 4748 Magistri
457 4662 654 4746 Salomonis,
672 4669 704 4728 et
722 4681 830 4727 eoram
847 4659 967 4750 multis.
983 4659 1058 4724 aliis
1078 4655 1245 4742 prouinoie

1025 4775 1083 4834 24*
