3268 5194
823 283 980 390 „cc-

330 515 351 559 a
375 512 433 560 suo
450 489 607 576 genitore,
626 508 723 572 quem
740 485 847 553 studio
863 484 1045 550 litterarum
1061 481 1180 548 cundici
1202 479 1346 564 lecimus,
1364 501 1473 566 quern·

333 621 397 688 que
413 598 655 680 libertarimue,
681 603 714 662 et
729 612 832 679 usque
848 592 890 658 ad
906 592 1092 678 presbiterii
1116 593 1240 659 honore
1264 589 1464 656 subleeimus

335 709 378 776 ad
396 707 539 774 ciusdem
557 703 696 770 ecclesie
712 721 804 788 opus,
823 701 868 766 ibi
885 700 974 766 illum
991 706 1148 786 perpetuo
1170 718 1301 766 manere
1315 699 1463 766 fecimus.

333 820 375 884 Et
392 817 540 883 dedimus
557 816 689 880 Petrum
705 811 912 892 Dracculum‚
929 829 1024 894 quem
1050 809 1239 895 comparant
1256 829 1277 874 a
1297 808 1465 875 Catarinis

334 947 394 1013 pro
412 927 462 990 III
488 924 548 992 sol.
566 919 762 1007 Comparari
782 917 880 1002 Zorgi
905 917 1101 982 Draconlum
1117 936 1139 982 a
1153 917 1288 984 Barthol
1290 937 1313 1002 y
1337 917 1465 983 setnico

333 1055 394 1122 pro
411 1034 490 1098 VIII
508 1034 566 1100 sol.
585 1049 694 1096 coram
711 1027 967 1114 Arc-hicpiscopo
984 1033 1017 1092 et
1032 1025 1183 1092 Iohanne
1208 1025 1379 1111 capellano
1403 1045 1466 1110 pro

334 1145 408 1210 line.
436 1137 633 1226 Comparari
650 1156 779 1202 serrum
795 1133 989 1200 Andriulnm
1008 1134 1158 1217 nomine,
1183 1133 1270 1218 quod
1286 1133 1360 1200 dedi
1377 1133 1466 1219 patri

335 1271 393 1317 suo
409 1249 469 1314 XL
496 1247 555 1313 sol.
573 1244 617 1310 ad
632 1244 791 1328 laborem,
818 1249 850 1308 et
865 1262 929 1309 non
955 1241 1088 1307 habenti
1114 1241 1200 1306 unde
1224 1240 1379 1324 reddere,
1405 1240 1466 1306 tuli

335 1355 597 1443 prenominatum
621 1351 722 1419 filium
738 1371 798 1436 pro
814 1351 874 1418 sol.
892 1350 1055 1436 Compara
1070 1385 1113 1396 -
1129 1385 1173 1396 -
1188 1385 1232 1396 -
1247 1369 1307 1434 pro
1324 1349 1339 1413 I
1355 1349 1414 1415 sol.
1431 1353 1468 1412 et

337 1465 353 1529 I
369 1471 458 1530 staro
475 1463 516 1528 de
532 1482 634 1546 grano
652 1479 712 1546 pro
729 1461 791 1524 line
808 1459 840 1522 in
856 1457 916 1524 toli
932 1462 1047 1542 pacto;
1074 1465 1109 1522 ut
1124 1457 1152 1522 si
1169 1457 1262 1523 daret
1278 1475 1408 1524 servum
1424 1456 1468 1520 si-

337 1573 447 1638 milem
463 1569 531 1652 sui,
558 1569 641 1635 liber
658 1566 870 1648 abscedet-cu
897 1564 948 1630 sin
964 1570 1082 1648 antem,
1110 1564 1142 1629 in
1167 1571 1359 1649 perpetuum
1374 1564 1470 1629 fieret

338 1678 475 1744 ecclesie
500 1695 635 1761 serrus;
665 1695 775 1742 coram
800 1692 913 1740 omues
929 1672 1065 1758 fratres,
1091 1681 1125 1739 et
1140 1692 1249 1738 coram
1276 1691 1387 1738 sorore
1406 1691 1471 1736 sna

338 1788 399 1852 hoc
424 1787 586 1852 firmatum
603 1791 663 1850 cst.
691 1783 840 1866 Denique
855 1780 1044 1868 comparari
1056 1800 1185 1846 serrum
1209 1779 1340 1848 nomine
1364 1779 1470 1845 Prihi-

340 1895 405 1958 lum
422 1913 462 1956 ex
480 1891 656 1958 Olmisanis
673 1912 732 1977 pro
748 1890 816 1954 IlII
833 1889 892 1956 sol.
909 1887 1067 1974 depretia
1083 1887 1304 1972 etgradinna.
1332 1887 1470 1974 Compa-

339 2000 410 2065 rari
428 2019 557 2065 serrum
574 1999 704 2066 nomine
720 1999 855 2066 Bolezzo
871 1997 938 2064 lilio
955 1997 1087 2064 Ulasizo
1105 1997 1146 2064 de
1164 1997 1266 2084 preda
1282 2003 1315 2062 et
1330 2015 1370 2060 ex
1388 1995 1472 2059 desa
1577 2014 1585 2027 ·

340 2126 400 2192 pro
416 2105 477 2170 Vll
494 2105 553 2171 sol.
583 2125 691 2171 coram
708 2123 820 2172 omnes
845 2102 1030 2170 monachos.
1057 2103 1109 2168 Ad
1125 2104 1186 2169 hee
1201 2101 1388 2188 comparari
1404 2121 1471 2166 scr-

341 2233 416 2277 rum
440 2212 570 2277 nomine
595 2213 764 2297 Dragadet
789 2211 830 2276 de
848 2211 949 2295 Gargi
976 2211 1041 2277 filio
1057 2210 1199 2297 Beriroy
1224 2231 1283 2298 pro
1299 2229 1364 2276 uno
1388 2229 1470 2276 mer-

342 2319 426 2402 nico,
445 2319 498 2402 qni
515 2318 576 2384 fnit
591 2338 804 2405 manupresso
820 2319 862 2386 de
877 2319 1014 2403 Ludino,
1031 2327 1063 2386 et
1079 2321 1150 2404 ipso
1171 2319 1331 2384 mediator
1348 2339 1389 2384 ex
1405 2337 1471 2382 aer-

342 2448 394 2492 ro.
412 2426 560 2510 Denique
586 2425 774 2511 comparari
798 2447 928 2492 serrum
943 2428 1072 2495 nomine
1095 2427 1234 2496 Dedona
1258 2447 1331 2492 cum
1347 2425 1412 2492 lilio
1429 2426 1472 2490 de

344 2531 460 2599 mulier
480 2532 596 2598 Casari
612 2541 644 2598 et
660 2532 701 2598 de
717 2534 793 2598 liliis
813 2533 881 2600 suis
898 2555 957 2620 pro
973 2535 1024 2599 111
1041 2533 1156 2601 solidis
1175 2555 1235 2620 pro
1250 2535 1313 2600 fine
1330 2543 1406 2600 aute
1423 2554 1472 2599 ec·

345 2639 497 2724 clesiam‚
525 2649 557 2707 et
572 2661 681 2707 coram
697 2660 810 2707 omnes
826 2641 976 2708 monachi
991 2649 1024 2708 et
1039 2661 1150 2708 omnes
1166 2641 1336 2727 Tagarini.
1355 2639 1474 2708 Adhuc

346 2765 473 2831 quoqne
498 2746 686 2832 comparari
702 2765 831 2812 serrum
855 2748 986 2814 nomine
1001 2747 1152 2815 Maraous
1171 2749 1212 2815 de
1228 2749 1413 2816 Radaslaro
1431 2748 1475 2814 dc

345 2853 492 2920 Narento
517 2854 609 2938 prol
627 2851 790 2917 caballum
806 2873 865 2936 pro
880 2852 953 2918 line.
980 2853 1176 2940 Comparari
1199 2875 1327 2921 serrum
1342 2855 1475 2922 nomine

346 2961 484 3045 Vilcota,
502 2961 588 3046 quod
614 2960 703 3026 dedit
727 2958 806 3024 mihi
820 2960 976 3026 Tollanus
993 2979 1051 3044 pro
1067 2980 1195 3027 serrum
1204 3013 1212 3046 ‚
1240 2983 1334 3047 quem
1352 2963 1476 3030 iurarit

347 3068 544 3136 Mirusclaro
560 3077 655 3154 pater
670 3067 799 3135 Tollani
815 3087 874 3153 per
890 3067 1087 3153 manupriso,
1114 3089 1224 3136 coram
1239 3070 1396 3156 Bartholy
1412 3079 1474 3139 set-

349 3177 457 3261 niquo.
485 3174 681 3262 Comparari
697 3194 826 3242 serrum
846 3174 1025 3242 Radorano
1043 3175 1190 3258 nomine,
1218 3183 1250 3242 et
1266 3179 1474 3263 campisonis,

349 3307 408 3372 pro
424 3287 455 3351 X
472 3287 563 3371 soli,
590 3293 623 3352 et
638 3284 814 3351 Dedullum
830 3303 888 3370 per
904 3303 1034 3348 manum
1050 3283 1094 3348 ad
1113 3284 1276 3350 Ursanum
1291 3286 1332 3352 de
1346 3289 1475 3354 Sirnon-

349 3415 440 3478 nyze.
456 3393 605 3477 Denique
622 3392 807 3479 comparari
823 3409 952 3457 serrum
968 3391 1054 3456 lilius
1070 3392 1203 3476 hlirane,
1224 3398 1257 3458 et
1272 3393 1362 3460 dedit
1376 3395 1475 3462 michi

349 3521 408 3585 per
437 3521 474 3566 sc
499 3501 669 3586 puerulum
693 3501 823 3568 nomine
847 3499 1003 3565 Bratessa
1027 3518 1136 3566 coram
1161 3500 1270 3568 Brano
1295 3503 1417 3588 iupano
1444 3512 1478 3569 et

350 3609 418 3674 lilio
436 3609 524 3690 cius,
550 3615 583 3674 et
597 3610 842 3694 prenominatus
866 3607 953 3673 iilius
976 3606 1103 3672 Mirans
1127 3626 1185 3692 per
1211 3611 1409 3696 manupriso.
1435 3611 1477 3677 Et

352 3713 416 3780 emi
432 3734 560 3781 sernum
575 3717 706 3783 nomine
721 3715 868 3802 Nycola,
894 3722 927 3782 et
939 3735 1034 3782 soror
1051 3716 1120 3782 eius
1136 3717 1266 3784 nornine
1281 3718 1417 3802 Mariua,
1444 3727 1477 3785 ct

351 3821 510 3890 monacho
526 3824 637 3890 Sancti
651 3824 872 3892 Bartholomei
888 3845 947 3910 pro
962 3824 1013 3888 Ill
1029 3823 1089 3892 sol.
1106 3845 1164 3911 pro
1180 3826 1255 3891 fine.
1282 3827 1479 3914 Comparari

351 3948 481 3998 serrum
507 3931 636 3996 nomine
660 3931 807 3998 Desinna
832 3931 874 3998 dc
901 3931 1009 3996 Micha
1023 3931 1144 4017 Tigala
1167 3953 1226 4018 pro
1250 3933 1312 3998 VH
1338 3933 1396 4000 sol.
1418 3955 1478 4020 pro

351 4039 416 4104 fine
430 4057 489 4123 per
504 4039 691 4125 manupriso
706 4046 801 4126 pater
817 4059 894 4105 suus
911 4038 1079 4107 Vilconiza
1094 4061 1204 4108 coram
1223 4043 1374 4109 Sarubba
1387 4044 1479 4128 iupa·

352 4168 406 4232 no,
423 4153 456 4212 et
466 4148 625 4230 Gregorio
641 4149 784 4232 scatiule,
802 4145 999 4232 ctNyciforo
1015 4149 1081 4216 filio
1093 4149 1218 4216 Telina.
1237 4149 1385 4235 Denique
1395 4172 1480 4218 com-

352 4255 470 4339 paravi
486 4275 615 4322 serrum
640 4256 771 4322 nomine
786 4255 909 4322 Lubizo
935 4255 976 4322 de
993 4257 1104 4322 Gruha
1119 4255 1185 4324 filio
1202 4258 1297 4322 Puroi
1317 4278 1377 4344 pro
1393 4259 1409 4323 Ι
1425 4279 1481 4325 an-

354 4362 431 4428 cilla
446 4370 478 4428 et
492 4363 508 4426 Ι
524 4362 699 4430 serriolum
715 4371 853 4448 rogante
868 4385 919 4431 mc
934 4372 1028 4450 patre
1045 4385 1103 4434 sno
1120 4365 1261 4433 utillum
1277 4367 1480 4450 redimerem,

354 4489 464 4536 coram
480 4470 634 4539 Marslieo
650 4472 773 4541 Rusino
789 4481 822 4540 et
839 4474 980 4540 Crubizo
995 4493 1054 4540 suo
1070 4475 1275 4558 consobrino,
1294 4483 1388 4562 pater
1402 4493 1480 4542 vcro

355 4595 433 4644 enus
447 4597 506 4664 per
521 4583 707 4666 manupriro
724 4589 756 4649 ct
771 4587 884 4666 mater,
901 4589 977 4648 ante
992 4581 1189 4666 presentiam
1206 4581 1318 4648 horum
1334 4583 1481 4651 testimo·
