3238 5184
852 322 1012 422 Qu„

368 518 574 602 inspecturis,
591 515 678 602 qnod
694 515 885 583 Leonardus
902 517 1015 583 libbas
1032 515 1073 582 de
1089 518 1195 602 Lybin
1211 516 1354 600 litigauit
1373 516 1407 581 in
1423 534 1494 601 pre-

370 626 481 692 rencia
495 631 609 693 nostra
624 645 696 691 eum
712 625 856 709 quodum
879 625 1009 692 bomine
1034 625 1163 692 nomine
1179 625 1260 692 Potlu
1276 644 1334 710 pro
1350 622 1494 706 quadam

369 732 461 798 curia
475 733 508 798 iu
524 733 673 800 Musonio
699 752 802 820 prope
817 731 923 800 iorum
938 731 1125 816 constituta,
1149 751 1313 816 asserens,
1333 729 1421 816 quod
1435 748 1495 814 per

370 839 468 907 trium
494 860 650 907 annorum
675 841 790 926 spacia
813 839 879 906 iam
904 837 1020 925 elapsa
1043 858 1186 923 censum,
1217 858 1313 924 quem
1336 836 1378 902 de
1402 839 1496 903 curia

368 949 455 1016 idem
471 949 554 1015 Poth
570 949 632 1015 sibi
648 947 728 1014 dare
744 947 919 1033 debuisset,
943 967 1007 1014 nou
1023 946 1245 1034 persoluisset.
1270 945 1371 1012 (luins
1391 963 1496 1010 asser-

365 1056 451 1124 oioui
466 1055 614 1142 prefatus
630 1057 666 1122 P.
683 1055 814 1136 obiecit,
841 1054 929 1138 quod
946 1055 1075 1140 prefata
1099 1055 1190 1120 curia
1205 1059 1292 1120 essct
1314 1053 1380 1120 sita
1395 1071 1496 1138 snper

364 1171 483 1230 terram
499 1165 684 1248 cantualem,
711 1169 744 1230 et
760 1164 811 1229 ius
829 1162 927 1229 ciuile
942 1169 1029 1229 esset
1050 1183 1152 1246 suum,
1170 1167 1202 1228 et
1216 1161 1248 1227 in
1264 1160 1354 1228 nullo
1371 1168 1495 1227 tenere

363 1275 416 1336 tur
431 1269 629 1355 respondere
644 1269 774 1337 domino
791 1268 914 1336 Abbati
930 1269 971 1336 de
986 1289 1047 1336 usu
1060 1270 1157 1336 curie.
1174 1270 1295 1336 Contra
1310 1287 1408 1354 qneru
1424 1287 1494 1352 pre·

366 1385 564 1446 memoratus
579 1371 692 1446 Abbas
708 1377 757 1442 sic
774 1377 944 1463 respondit
957 1377 1090 1462 dicens;
1116 1397 1181 1443 non
1197 1377 1257 1443 hoc
1273 1394 1386 1442 rerum
1406 1393 1492 1458 esse,

363 1482 423 1549 ssd
438 1483 575 1551 eandem
600 1483 725 1550 curiam
741 1503 763 1550 a
778 1481 904 1552 comite
922 1485 1069 1552 Pothone
1092 1485 1147 1570 pie
1162 1483 1326 1570 memorie,
1351 1481 1419 1548 filio
1435 1482 1494 1546 Ec-

364 1591 462 1658 clesie
484 1591 596 1658 Sancti
615 1590 731 1658 Jacobi
748 1590 790 1658 de
809 1591 930 1676 Lybin,
957 1593 1062 1659 eidem
1087 1593 1233 1658 Ecclesic
1260 1591 1434 1671 collatam,
1460 1595 1493 1652 et

362 1717 421 1783 per
437 1697 570 1764 multum
594 1704 722 1784 tempus
737 1698 782 1764 ab
799 1697 915 1764 endem
931 1699 1083 1766 Ecclesia
1099 1719 1288 1786 possessam
1303 1695 1490 1763 affirmauit

361 1802 443 1870 Cum
459 1821 538 1889 ergo
553 1823 686 1870 cauum
711 1803 879 1885 utriusque
901 1803 1007 1890 partis
1024 1804 1208 1890 audissem
1231 1801 1385 1884 indicaui,
1402 1801 1490 1885 qnod

361 1909 548 1979 iamdictus
564 1911 675 1979 Abbas
700 1911 855 1998 probaret
870 1932 943 1978 cum
970 1913 1102 1980 domino
1118 1913 1262 1980 Pothoue
1278 1911 1344 1978 lilio
1364 1929 1490 1996 preme

361 2019 476 2086 morati
494 2017 629 2086 Comitis
646 2019 812 2104 Potbonis,
839 2019 948 2106 ipsam
973 2021 1096 2085 curiam
1113 2025 1243 2105 epatre
1267 2037 1326 2083 suo
1342 2017 1490 2083 Ecclesie

360 2127 523 2194 antedicte
538 2127 607 2194 fore
622 2127 787 2194 collatam.
813 2127 877 2206 Qui
894 2129 927 2194 iu
943 2129 1068 2215 prefiro
1083 2128 1221 2194 termino
1248 2126 1414 2193 dominum
1430 2127 1488 2192 Po-

358 2234 492 2302 tbouem
509 2235 552 2302 ad
566 2233 771 2321 presenciam
788 2255 894 2302 meam
909 2235 1104 2321 producens,
1121 2243 1154 2302 et
1166 2234 1262 2301 nimis
1277 2234 1401 2300 utiliter
1415 2254 1487 2300 oum

360 2363 399 2408 eo
415 2341 553 2410 eandem
579 2343 702 2410 curiam
719 2363 741 2408 a
756 2350 850 2429 patre
865 2362 925 2409 suo
940 2343 1087 2410 Ecclesie
1112 2341 1276 2428 sepedicte
1298 2341 1369 2409 fore
1388 2341 1486 2408 colla-

358 2458 426 2517 tam
442 2451 677 2535 comprobauit.
692 2449 841 2518 (landem
850 2451 921 2534 Ego
937 2447 1049 2515 habita
1065 2451 1234 2517 sentencia
1243 2450 1423 2534 judiciaria
1438 2449 1486 2516 sie

359 2574 493 2622 causam
509 2563 691 2640 pretactam
706 2556 864 2643 diffiniui3
884 2562 919 2623 ut
935 2557 1151 2625 dictusPotbo
1167 2577 1240 2624 cum
1250 2559 1379 2625 Abbate
1396 2577 1484 2645 sepe-

358 2662 456 2748 dicto,
473 2663 559 2730 lacto
570 2664 763 2750 iuramento,
773 2665 907 2749 curiam,
925 2685 988 2748 que
999 2665 1033 2730 in
1048 2684 1150 2731 causa
1160 2667 1357 2750 nectebatur,
1374 2667 1484 2733 Eccle-

357 2770 406 2836 sie
430 2771 574 2855 predicte
598 2771 812 2838 confirmaret.
839 2771 919 2838 Cum
935 2771 1034 2856 igitur
1051 2771 1198 2858 prefatus
1217 2773 1300 2839 Poth
1329 2775 1483 2841 aduersa·

357 2877 423 2945 rius
439 2877 579 2946 Abbatis
594 2879 812 2964 conspiceret,
838 2878 923 2945 sein
940 2897 1040 2945 causa
1056 2881 1237 2947 conuictum
1257 2879 1407 2966 delicere,
1424 2901 1483 2947 uec

356 2984 521 3052 domiuum
536 2987 727 3072 Pothoncm,
752 3005 812 3052 uec
827 2987 989 3080 Abbatem
1011 2988 1225 3056 iuramentum
1245 2988 1354 3056 lacere
1370 2989 1485 3074 permi-

357 3093 418 3179 sit;
444 3095 503 3162 sed
519 3115 554 3161 se
572 3095 780 3183 culpabilem,
807 3104 840 3162 et
855 3094 938 3163 false
963 3103 1076 3164 contra
1096 3097 1260 3166 Abbatem
1285 3099 1421 3184 dixisse,
1438 3101 1484 3165 in-

357 3201 562 3286 dulgenciam
588 3203 630 3268 ab
655 3203 770 3268 rodem
794 3202 992 3289 postulando
1016 3203 1182 3289 professus
1208 3211 1268 3270 ost.
1285 3205 1327 3270 ut
1351 3207 1401 3271 sic
1425 3225 1485 3292 per

356 3327 460 3374 meum
476 3309 670 3395 pristaldum
686 3310 935 3377 nomineThene
951 3311 1115 3378 dominnm
1128 3311 1290 3378 Abbatom
1305 3311 1338 3376 iu
1355 3331 1484 3396 posses-

356 3415 479 3480 sionem
496 3417 585 3483 curie
595 3417 770 3503 sepedicto,
788 3417 874 3484 datis
889 3418 953 3484 sibi
964 3420 1113 3486 clauibus
1130 3420 1272 3495 omnium
1281 3419 1482 3487 edificiorum

355 3521 389 3586 in
405 3523 479 3608 ipsa
503 3527 594 3591 curia
609 3533 876 3612 constructorum,
902 3525 965 3592 leci
983 3526 1156 3595 introduci.
1181 3529 1222 3593 Et
1238 3529 1299 3595 hoc
1323 3530 1481 3614 scriptum

355 3647 452 3714 super
467 3630 550 3698 hano
565 3653 700 3700 causam
716 3635 749 3700 in
766 3635 954 3700 memoriam
970 3655 1192 3703 successorum
1215 3635 1325 3720 sigillo
1341 3655 1414 3702 meo
1434 3655 1481 3702 re-

353 3735 433 3820 liqui
448 3737 636 3822 sigillatum.

356 3917 474 3982 Kim'tl:
491 3916 612 3984 Littere
628 3920 739 3988 ltekcu
759 3918 894 3988 Comitis
911 3941 969 4007 pro
986 3941 1051 3988 una
1070 3921 1161 3990 curia
1177 3921 1311 3990 Comitis
1326 3926 1363 3989 P.
1382 3942 1481 4009 quam

492 4026 654 4094 habuitiu
669 4028 794 4094 Musuu.

354 4240 491 4304 (Bredatic
513 4237 696 4310 bdrhdrtplm
715 4243 820 4296 alrivlll
844 4247 894 4297 ode
916 4253 1038 4313 nyomott
1059 4243 1150 4314 peccet
1168 4249 1254 4300 eltllnt
1275 4244 1349 4308 mir,
1370 4267 1387 4300 a
1409 4255 1480 4308 mitt.

687 4335 712 4384 b.
726 4333 819 4401 Rcray
832 4334 924 4386 csaltd
939 4336 1146 4407 levdltdrdban.)

786 4615 1049 4634 d———h-——n--unn
