3202 5190
598 329 749 430 „3-1L-

104 527 262 594 doctrina.
280 526 364 604 Quia
382 547 458 607 ergo
476 531 570 610 pater
586 527 686 592 lilium
703 548 797 610 quem
815 529 921 614 diligit
939 532 1080 619 corripit,
1099 541 1130 600 et
1148 535 1234 602 Deus

105 655 188 720 quos
199 641 288 700 amat
299 635 407 717 arguit
418 640 449 699 et
460 633 611 718 castigat,
619 634 748 721 idcirco,
756 636 892 706 dilectos
903 618 1233 731 filios,nobilesviros,

103 746 142 810 n.
153 744 289 810 Permar
302 781 342 791 -
354 777 396 789 —
408 749 440 809 et
450 741 573 820 RQuir
583 779 625 790 -
636 783 671 792 -·
686 744 817 812 nuntios
828 752 964 832 uestros,
977 747 1144 816 adSedem
1151 725 1233 836 Apo-

102 851 253 918 stolicam
270 851 472 933 accedentes,
488 856 625 937 paterno
647 851 861 938 corripuimus
877 853 1006 939 affectu,
1027 876 1085 924 ros
1102 857 1135 922 in
1150 835 1240 944 ipsis¹

104 958 213 1042 potius
230 959 434 1044 increpantes
451 979 549 1046 super
574 959 684 1026 multis
701 969 732 1027 et
749 963 876 1046 magnis
894 963 1045 1048 offensis,
1072 984 1152 1047 quas
1169 986 1233 1054 ηομ

103 1069 209 1136 solnm
227 1070 260 1134 in
277 1070 382 1134 Deum
408 1077 440 1134 et
456 1069 636 1136 Romanam
650 1070 851 1154 Ecclesiam,
879 1091 990 1138 rerum
1007 1067 1104 1140 etiam
1131 1075 1163 1139 in
1179 1093 1233 1158 po·

105 1178 216 1262 polum
228 1175 459 1258 Christianum,
472 1183 510 1243 ct
525 1198 593 1260 vos,
611 1197 649 1243 ac
667 1178 834 1262 proximos
845 1185 970 1246 vestros
987 1181 1136 1264 nequiter
1152 1200 1234 1248 com-

104 1283 252 1366 misistis,
269 1282 463 1370 praesertim
480 1283 511 1348 in
530 1284 721 1350 ladertinae
737 1283 878 1352 civitatis
896 1287 1032 1370 excidio,
1055 1289 1109 1353 ubi
1127 1295 1159 1353 et
1174 1308 1233 1356 vos

103 1391 282 1473 deviastis,
307 1396 340 1458 et
356 1391 534 1456 exercitum
550 1391 680 1457 Domini
707 1392 840 1458 deviare
863 1393 986 1460 fecistis
1009 1415 1031 1460 a
1047 1395 1183 1462 dextera
1200 1393 1232 1460 in

104 1499 289 1583 sinistram,
305 1500 535 1584 impugnantes
551 1503 691 1586 populos
708 1499 920 1584 Christianos,
947 1522 1018 1567 cum
1036 1501 1232 1569 debuissetis

104 1626 293 1692 expugnare
318 1605 459 1692 perfidos
475 1607 679 1688 Saracenos,
705 1606 893 1692 repellendo
908 1608 1118 1692 Apostolicae
1138 1605 1232 1674 Sedis

104 1716 276 1798 Legatum,
295 1723 327 1782 et
343 1715 686 1781 excommunicationis
702 1715 894 1780 sententiam
906 1713 1148 1796 contemnendo,
1167 1715 1232 1780 vio

107 1825 176 1890 lato
188 1824 292 1888 crucis
309 1831 384 1890 roto
395 1824 428 1888 in
445 1823 595 1907 injuriam
613 1823 765 1890 crucifixi.
787 1823 829 1888 Ut
847 1822 931 1886 eninr
942 1821 981 1886 de
994 1821 1103 1886 multis
1112 1821 1231 1904 iniquis

105 1933 262 2018 operibus
276 1937 450 2016 taceamus,
470 1952 552 2016 quac
570 1933 658 2018 apud
676 1929 989 2015 Constantinopolim
1006 1931 1229 2014 perpetrastis,

105 2039 289 2126 diripiendo
306 2039 528 2106 Ecclesiarum
545 2041 728 2123 thesauros,
747 2047 778 2104 et
794 2038 1019 2124 possessiones
1037 2037 1230 2104 ecelesiasti-

105 2168 162 2214 cas
180 2147 385 2232 invadendo,
412 2151 558 2217 uolentes
575 2149 668 2234 quasi
686 2145 902 2214 haereditario
914 2147 988 2229 jure
1009 2146 1230 2211 sanctuarium

103 2256 236 2324 Domini
252 2256 440 2342 possidere,
469 2263 601 2342 propter
619 2253 819 2341 quodetiam
846 2252 1014 2337 pactiones
1032 2251 1162 2320 illicitas
1179 2273 1230 2320 ex-

102 2364 257 2447 torsistis,
286 2365 383 2430 dicite
400 2364 495 2430 uobis
512 2365 641 2450 quando
659 2382 716 2426 ros
735 2366 857 2426 tautum
874 2359 1027 2426 damnum
1047 2367 1230 2428 restaurare

102 2471 252 2556 poteritis
276 2478 380 2538 terrae
398 2471 566 2538 Sanctae?
584 2490 655 2536 curn
673 2467 856 2536 averteritis
881 2467 1057 2534 exereitum
1076 2467 1230 2536 Christia·

100 2598 180 2654 num
196 2584 263 2643 tam
279 2579 446 2662 grandem,
463 2585 531 2644 tam
547 2577 697 2658 nobilem,
717 2585 782 2642 tam
800 2581 982 2661 potentem,
1001 2575 1177 2644 adductum
1198 2585 1230 2642 et

103 2683 347 2769 congregatum,
365 2692 431 2752 tam
442 2704 560 2768 magno
577 2683 683 2749 studio
701 2689 733 2748 et
750 2684 871 2765 labore,
893 2688 959 2748 tam
977 2683 1086 2750 multis
1098 2671 1229 2770 sumpti·

103 2795 164 2860 bus
182 2800 214 2861 et
231 2795 394 2879 expensis,
412 2813 470 2878 per
486 2812 581 2876 quem
591 2791 705 2876 procul
722 2791 820 2857 dubie
837 2792 1041 2878 sperabatur,
1059 2791 1146 2876 quod
1163 2779 1227 2860 non

101 2903 207 2969 solum
222 2901 521 2986 Hierosolymitana
547 2898 715 2984 prouincia
740 2900 925 2984 recuperari
950 2897 1091 2978 deberet,
1116 2916 1227 2964 verum

102 3012 203 3078 etiarn
228 3029 348 3093 magna
371 3028 448 3094 pars
467 3007 571 3089 Regni
588 3005 781 3091 Babylonici
807 3007 968 3092 occupari.
994 3007 1028 3072 Si
1053 3006 1138 3071 enim
1164 3005 1227 3072 sibi

101 3120 208 3206 potnit
224 3111 518 3202 contantinopolim
536 3123 568 3181 et
585 3117 756 3183 Graeciam
774 3117 960 3199 subjugare,
980 3120 1101 3197 quanto
1119 3114 1227 3199 potius
1335 3155 1337 3163 ,

101 3226 263 3312 potuisset
278 3223 513 3290 Alexandriam
530 3229 561 3288 et
577 3223 782 3308 Aegyptum,
810 3244 848 3288 ac
865 3241 923 3308 per
939 3220 1000 3288 hoc
1019 3223 1143 3306 cripere
1167 3228 1228 3286 ter-

102 3355 172 3400 ram
183 3336 336 3402 Sanctam
353 3332 393 3398 de
409 3332 559 3398 manibus
577 3331 807 3418 paganorum?
829 3328 933 3410 Certe,
950 3331 1026 3396 licet
1042 3338 1170 3414 gratum
1186 3327 1228 3395 sit

102 3443 216 3525 nobis,
244 3439 332 3524 quod
358 3437 656 3525 Constantinopolis
683 3439 777 3506 rediit
803 3439 844 3505 ad
870 3437 1088 3506 obedientiam
1114 3439 1230 3522 Sacro3

103 3556 239 3618 sanctae
255 3549 423 3615 Romanae
440 3546 610 3613 Ecclesiae
627 3545 739 3612 matris
756 3564 846 3628 suae,
867 3545 992 3628 gratius
1008 3553 1118 3610 tamen
1133 3543 1228 3610 nobis
1248 3625 1252 3631 .

103 3658 230 3738 luisset,
248 3654 277 3720 si
288 3653 494 3722 Hierusalem
511 3653 645 3720 redacta
654 3658 741 3719 esset
756 3652 789 3716 in
805 3657 1000 3737 potestatem
1016 3651 1129 3738 populi
1140 3649 1227 3741 Chri·
1245 3731 1247 3736 ι
1296 3709 1298 3712 .

102 3764 213 3834 stiani.
232 3763 346 3847 Neque
370 3762 511 3848 putetis,
538 3761 623 3845 quod
640 3761 712 3828 ideo
730 3761 861 3826 minime
884 3759 1115 3846 peccaveritis,
1141 3759 1228 3844 quod

102 3875 220 3940 ciuitas
237 3891 311 3955 uua,
327 3872 379 3938 rel
396 3872 502 3938 altera
517 3868 639 3936 tradita
655 3868 696 3934 sit
715 3868 818 3950 vobis,
834 3874 866 3932 ct
882 3869 957 3950 illis,
985 3867 1090 3951 magis
1109 3867 1227 3954 Divino

99 3979 235 4067 Judicio,
250 3998 348 4062 quarn
357 3984 529 4064 potentatu
540 3977 722 4058 mundan03
740 3975 819 4059 quia
834 3993 933 4058 saepe
949 3973 1057 4057 placet
1067 3973 1137 4036 Deo
1154 3991 1239 4060 pas-¹

104 4089 151 4158 sio
168 4087 339 4174 flagellati,
357 4087 488 4172 quando
505 4085 657 4171 displicet
673 4083 703 4150 ei
720 4083 804 4150 actio
821 4079 1040 4164 flagellantis,
1065 4079 1148 4144 sicut
1164 4077 1227 4143 evi-

102 4198 219 4266 denter
244 4195 424 4264 ostenditur
450 4193 698 4262 auctoritatibus
723 4199 793 4258 tam
808 4187 893 4255 Noni
914 4205 1010 4271 quam
1027 4183 1154 4250 Veteris
1169 4183 1228 4250 Te

103 4305 266 4374 stamenti.
292 4305 366 4372 Non
382 4324 461 4389 crgo
486 4309 615 4370 nostrae
641 4299 780 4366 duritiae
805 4293 991 4382 imputetis,
1017 4291 1076 4359 sed
1100 4297 1251 4374 vestrae

105 4413 280 4482 ascribatis
296 4413 460 4495 offensae,
488 4408 575 4494 quod
590 4427 712 4494 preces,
728 4425 810 4490 quas
827 4424 885 4489 pro
907 4401 1015 4486 palleo
1032 4394 1226 4465 destinando

175 4519 298 4588 Abbati
323 4517 435 4585 Sancti
457 4514 596 4600 Felicis,
624 4533 719 4597 quern
741 4531 798 4579 ros
824 4508 1027 4576 Jadertinum
1047 4502 1248 4594 appellatis,

104 4627 271 4711 Electum,
297 4645 356 4712 per
372 4622 558 4712 praedictos
583 4620 679 4689 nobis
701 4618 832 4688 nuntios
849 4611 1058 4702 porrexistis,
1087 4607 1228 4678 noudum
