3202 5190
404 1039 467 1105 III.
487 1041 574 1105 Incze
588 1039 743 1126 pdpdnnk
758 1039 862 1105 tulere
878 1063 898 1103 a
914 1041 1032 1124 ccpliot'
1054 1042 1177 1126 pltoplik
1194 1045 1224 1104 cle
1242 1043 1439 1106 oruacmodrc'
1452 1065 1527 1130 pup-

756 1151 814 1232 adq
829 1147 913 1211 lebeti
927 1147 1054 1232 tlpyben.
1076 1151 1171 1212 1213.

512 1343 720 1408 Innocentius
736 1341 916 1427 Episcopus
934 1351 993 1407 etc.
1012 1343 1192 1410 venerabili
1208 1343 1301 1410 lralri
1316 1395 1322 1409 .
1336 1395 1342 1409 .
1356 1395 1363 1410 .
1377 1345 1527 1428 veglensi

403 1449 566 1536 Episcopo
583 1449 721 1516 salutem
738 1455 797 1516 etc.
816 1447 895 1515 (lum
906 1450 983 1516 olim
1000 1471 1143 1536 causam,
1161 1471 1222 1535 que
1240 1451 1366 1518 interte
1382 1471 1425 1518 ex
1437 1460 1527 1538 purte

401 1576 487 1639 une,
516 1567 548 1622 et
562 1557 697 1623 clericos
723 1559 821 1623 castri
839 1559 976 1624 Musonli
993 1559 1164 1643 Veglensis
1181 1560 1330 1626 Diocesis
1356 1580 1399 1626 ex
1425 1560 1525 1626 altera

401 1665 588 1732 vertebatur
605 1683 769 1750 supereo,
795 1665 883 1748 quod
899 1668 1071 1733 asserebas
1098 1669 1201 1733 dictos
1222 1669 1358 1735 clericos
1374 1677 1408 1734 te
1418 1718 1427 1752 ,
1455 1687 1524 1750 quo·

400 1773 489 1836 ciens
507 1770 550 1836 ad
566 1772 657 1857 ipsos
674 1772 825 1853 accedis,
851 1779 945 1838 extra
961 1780 1089 1858 portam
1106 1775 1204 1840 castri
1229 1774 1348 1841 debere
1367 1795 1442 1841 cum
1458 1795 1523 1858 pro·

400 1878 547 1946 cessione
564 1879 716 1964 recipere,
734 1897 772 1942 ac
789 1885 856 1944 tam
873 1880 947 1961 tuis,
965 1899 1062 1962 quam
1078 1881 1237 1946 sociomm
1253 1881 1345 1963 equis
1362 1899 1521 1946 annonam

401 1985 587 2052 ministrare
603 1986 636 2051 in
653 1985 767 2068 domo,
795 1993 828 2051 et
843 1986 933 2072 ipsos
946 1986 980 2051 in
997 1986 1128 2070 pascuis
1145 1987 1317 2071 custodire,
1339 1988 1521 2054 emendatu-

399 2113 462 2176 ros,
480 2093 508 2158 si
525 2112 635 2160 eorum
652 2093 793 2176 aliquem
810 2111 939 2176 quoquo
956 2095 1052 2160 modo
1068 2093 1161 2190 perdi
1176 2094 1390 2179 contingeret,
1418 2103 1451 2162 et
1466 2095 1519 2160 tibi

399 2220 438 2265 ac
454 2201 539 2284 tuis,
566 2202 594 2266 si
610 2200 695 2266 ultra
710 2217 810 2266 unum
827 2200 933 2284 diem,
959 2201 992 2265 in
1009 2221 1072 2282 quo
1087 2207 1119 2266 te
1136 2201 1253 2268 debent
1272 2201 1400 2287 integre
1417 2221 1519 2287 procu·

398 2327 481 2390 rare,
498 2327 621 2373 morem
637 2306 756 2372 ibidem
773 2306 903 2372 dureris
919 2307 1124 2392 faciendam,
1149 2329 1250 2392 usque
1266 2309 1309 2374 ad
1326 2309 1414 2375 diem
1434 2327 1517 2391 qucr-

398 2421 464 2478 tum
481 2431 600 2497 panem
617 2412 776 2476 ebrinum
792 2413 1031 2496 procurationis
1048 2415 1177 2480 nominc
1193 2413 1409 2498 prestituros3
1439 2434 1516 2480 asse-

399 2537 475 2584 rens
490 2517 719 2584 nichilominus
745 2519 876 2584 eosdem
892 2519 953 2586 tibi
969 2521 1050 2586 sicut
1065 2520 1167 2588 laicos
1194 2522 1414 2606 potestatibus
1436 2541 1515 2586 secu-

396 2627 522 2692 laribus
539 2627 582 2692 ad
598 2627 709 2694 banna
725 2628 836 2710 teneri,
855 2637 887 2693 ct
902 2635 934 2694 te
951 2650 972 2695 a
987 2631 1122 2713 Spalato
1140 2651 1241 2714 usque
1258 2632 1425 2714 Venetiae,
1451 2650 1515 2696 curu

395 2733 472 2798 illue
488 2735 535 2800 ire
550 2734 714 2817 volueris,
742 2735 883 2820 propriis
901 2736 1019 2803 debere
1043 2738 1227 2823 sumptibus
1250 2739 1384 2822 navigio
1410 2738 1514 2822 depor-

395 2849 475 2925 tare,
495 2891 542 2907 ...
559 2842 681 2909 Abbati
697 2842 737 2908 de
754 2843 871 2927 Melta,
889 2851 922 2908 et
939 2893 986 2910 ...
1005 2845 1147 2912 Plebano
1165 2845 1284 2912 Sancte
1299 2847 1406 2912 blarie
1423 2845 1511 2912 Maio·

397 2949 440 3014 ris
457 2949 647 3031 labamine,
673 2957 706 3014 et
788 2951 1027 3018 Archidiacono
1044 2953 1196 3037 Veglensi
1221 2954 1282 3018 sub
1299 2959 1391 3020 certa
1414 2952 1511 3020 forma

395 3057 581 3124 duxerimus
597 3059 861 3124 committendam
880 3082 887 3122 τ
905 3060 1013 3142 iidem,
1030 3062 1169 3144 cognitis
1187 3080 1284 3126 cause
1302 3061 1439 3140 meritis,
1456 3059 1511 3124 die·

393 3171 444 3230 tos
471 3163 605 3230 clericos
623 3165 665 3229 ad
689 3155 836 3249 predicta
864 3166 972 3230 omnia
991 3165 1174 3232 exolvendo
1197 3167 1256 3232 tibi
1282 3165 1512 3232 sententialiter

394 3273 693 3356 condempnarunt;
721 3293 856 3356 quornm
880 3275 1042 3340 sententia
1065 3295 1122 3359 per
1138 3275 1359 3356 venerabilem
1388 3275 1511 3339 fratrem

392 3387 533 3446 nostrum
552 3429 598 3444 ...
616 3379 825 3467 Episcopum,
842 3385 874 3446 ct
890 3379 1044 3446 dilectum
1061 3381 1158 3446 lilium
1178 3429 1224 3445 ...
1243 3381 1510 3448 Archidiaconuur

396 3486 552 3554 Palenses
577 3486 662 3574 (lgy)
685 3487 880 3555 auctoritate
905 3495 1015 3553 nostra
1035 3487 1241 3573 postmodnm
1268 3488 1376 3552 extitit
1403 3507 1509 3573 appro-

393 3594 481 3659 bata.
502 3596 618 3660 Verum
635 3596 717 3681 ipsis
733 3596 859 3662 clericis
877 3596 918 3661 ad
937 3594 1054 3661 Sedem
1072 3595 1294 3681 Apostolicam
1314 3593 1509 3680 provocanti·

392 3699 462 3784 bus,
478 3709 511 3767 et
526 3702 666 3786 partium
691 3703 954 3788 procuratoribus
974 3703 1103 3770 demum
1121 3709 1252 3788 propter
1268 3703 1328 3770 boc
1354 3704 1388 3768 in
1406 3708 1508 3769 nostra

389 3811 557 3893 presentia
572 3811 775 3896 constitutis,
802 3831 862 3878 nos
879 3810 1018 3893 auditis,
1045 3830 1108 3893 que
1124 3809 1253 3876 luerunt
1272 3813 1441 3895 proposita
1456 3828 1507 3894 per

390 3917 532 4001 eosdem,
558 3916 800 3983 venerabilibus
814 3917 968 3984 fratribus
987 3918 1108 3984 nostris
1125 3967 1172 3984 ...
1189 3917 1405 4000 'lbuguricnsi
1420 3924 1471 3982 et·
1482 3963 1505 3978 ..

390 4025 535 4091 Nouensi
552 4023 736 4108 Episcopis‚
762 4033 795 4091 et
810 4024 927 4092 dilecto
944 4025 1009 4090 lilio
1027 4075 1074 4091 ...
1093 4025 1215 4091 Abbati
1231 4025 1342 4091 Sancti
1361 4023 1506 4092 Danimi

389 4131 716 4200 JadertineDlocesis
732 4133 862 4200 dedisse
882 4135 1052 4199 recolimus
1068 4133 1286 4216 inmensitatis,
1306 4133 1505 4217 utinquiren-

388 4247 438 4307 tes
463 4259 563 4325 super
588 4239 686 4306 totius
712 4259 810 4305 cause
836 4259 989 4325 processu
1016 4240 1048 4305 in
1072 4241 1189 4306 littoris
1214 4251 1290 4308 tuno
1314 4241 1445 4308 directis
1467 4235 1503 4306 sd

389 4348 478 4433 ipsos
505 4347 633 4432 plenius
660 4348 913 4432 comprehenso,
941 4347 1130 4430 diligentius
1155 4347 1346 4430 veritatem,
1378 4361 1501 4414 causam

387 4455 493 4540 ipsam
510 4453 553 4519 ad
569 4453 767 4540 presentiam
783 4461 928 4520 nostram
945 4455 1144 4520 remitterent
1164 4453 1363 4521 sufficienter
1380 4457 1500 4520 instruc·

386 4567 464 4655 tam,
480 4563 676 4665 prefigentes
691 4563 841 4650 partibus
857 4563 1028 4630 terminum
1050 4569 1296 4652 competentem,
1324 4581 1387 4648 qno
1403 4578 1437 4630 se
1451 4579 1499 4626 uu·
