3200 5182
582 316 742 416 joo-

96 514 185 579 iusto
202 513 280 578 iuris
305 513 398 579 titulo
415 513 458 578 ab
475 513 606 596 antiquo
623 513 853 599 possidebant,
880 521 1004 599 partem
1021 537 1107 601 vero,
1125 537 1220 601 quem

98 642 119 686 a
139 623 258 688 eastris
284 620 439 688 Blendieb
466 627 498 686 et
517 623 605 688 Hunt
629 628 819 708 exeeptam,
846 641 887 688 er
912 621 1091 689 donacione
1116 623 1225 690 fratris

97 732 203 797 nostri
219 731 303 798 bone
328 730 482 797 memorie
497 731 597 816 Regis
613 729 797 815 Heymerioi
816 729 1020 814 Ludugerius
1046 731 1162 799 Gomes
1179 731 1224 798 in-

97 839 437 924 reeompensaoionem
462 859 592 907 suorum
618 837 827 906 seruioiorum
847 838 878 904 ei
894 839 1045 908 eollatam
1071 839 1220 924 possede-

97 952 163 1031 rat,
182 967 219 1013 eo
236 944 397 1031 defuneto,
423 967 445 1012 a
461 946 526 1014 lilio
543 946 687 1013 eiusdem
703 945 876 1030 Lndegerii
895 943 1064 1030 Horruino,
1081 955 1113 1014 et
1128 947 1224 1013 Herr-

95 1053 168 1122 uini
193 1075 304 1124 sooero
320 1055 451 1122 Detrioo
468 1076 508 1122 er
525 1053 730 1141 beneplaoito
755 1054 898 1140 ipsorum
925 1054 1067 1122 uendere
1091 1057 1225 1125 uolenti-

97 1165 173 1248 bus,
188 1184 230 1229 ne
245 1163 364 1248 aliquis
379 1163 506 1230 alienus
522 1162 739 1230 interueniens
749 1167 861 1248 posset
877 1181 933 1228 eos
949 1162 1145 1250 disturbare,
1162 1185 1225 1231 mo-

98 1273 220 1336 morati
237 1269 363 1356 fratres,
388 1269 482 1338 nobis
498 1269 674 1336 scientibus
690 1277 724 1336 et
738 1290 905 1337 assensum
924 1271 1144 1360 prebentibus,
1173 1295 1227 1340 no-

97 1379 241 1464 naginta
266 1379 383 1447 merois
399 1385 636 1466 compararunt.
663 1378 762 1446 Guius
779 1385 863 1446 terre
878 1379 985 1465 prima
1001 1391 1089 1450 meta
1113 1383 1229 1470 inoipit

97 1507 216 1555 uersus
230 1489 340 1554 brana
355 1489 500 1575 potb0k‚
527 1487 616 1554 eadit
631 1487 664 1552 in
681 1487 797 1553 flumen
818 1486 946 1560 bubus:
975 1477 1051 1557 inde
1067 1491 1171 1558 tendit
1186 1491 1229 1556 ad

95 1606 204 1664 ortum
229 1597 386 1681 fluminis,
413 1596 501 1682 quod
525 1597 611 1680 wlgo
637 1596 753 1662 dieitur
778 1598 891 1680 Meges
916 1598 1063 1683 poth0k3
1098 1607 1132 1665 et
1156 1597 1230 1665 inde

96 1705 236 1790 langiu,
255 1705 472 1772 deindeiuxta
488 1711 630 1773 montem
640 1705 756 1771 Plesoa
771 1704 980 1789 transeundo,
1000 1705 1090 1772 venit
1106 1705 1150 1772 ad
1166 1707 1227 1770 Lu-

96 1816 162 1881 bus
176 1813 320 1901 potbolr,
347 1819 378 1880 et
393 1813 442 1880 sio
456 1831 516 1898 per
530 1811 648 1878 flumen
665 1811 750 1878 redit
764 1812 807 1878 ad
822 1811 962 1897 priorem
979 1817 1108 1879 metam.
1128 1813 1225 1880 Nolu-

97 1943 173 1990 mus
188 1921 292 1990 eeiam
317 1919 450 1988 silencio
466 1919 640 2006 preterire,
667 1919 754 2003 quod
770 1918 813 1985 ad
837 1938 951 2004 preees
977 1927 1225 1988 memoratorum

97 2033 212 2119 sepius
227 2031 372 2115 fratrum,
389 2029 584 2112 bominibus,
612 2049 710 2114 snper
726 2025 847 2095 dietum
863 2035 987 2095 terrem
1004 2027 1227 2097 commoranti-

96 2143 171 2226 bus,
189 2141 287 2208 talem
302 2141 521 2208 eoneessimus
538 2137 732 2222 libertatem,
750 2145 962 2224 utnusquam
978 2158 1036 2225 per
1050 2143 1153 2205 totum
1169 2135 1228 2204 Go-

96 2251 246 2317 mitatum
265 2249 363 2334 liunt,
392 2245 517 2314 scilieet
542 2265 602 2312 neo
627 2247 660 2312 in
677 2244 776 2330 loris,
804 2265 864 2313 nee
880 2247 914 2312 in
931 2248 1096 2335 pontibus,
1119 2247 1227 2314 neuin

97 2359 176 2425 aliis
191 2357 273 2426 loeis
288 2357 443 2423 tributum
468 2355 597 2422 soluere
612 2359 792 2420 teneantur.
817 2355 861 2421 Vt
878 2362 989 2422 autem
1014 2355 1121 2424 etheo
1137 2377 1159 2422 a
1173 2375 1227 2420 no-

95 2465 148 2532 bis
164 2463 254 2532 tuoto
277 2463 453 2548 ooneessio,
471 2469 504 2528 et
519 2465 696 2528 memorate
712 2461 759 2526 rei
777 2461 900 2546 series,
928 2469 1038 2531 nostro
1063 2463 1229 2531 mediante

97 2591 258 2641 eonsensu
274 2579 369 2658 gesta
384 2570 539 2655 legitime,
556 2589 616 2635 neo
631 2571 761 2650 nosuis,
785 2591 845 2636 nee
860 2577 1048 2640 nostrorum
1065 2591 1227 2640 sueoesso-

96 2701 168 2750 rum
180 2681 381 2768 temporibus
392 2678 504 2744 ualeat
519 2679 709 2762 retraetari,
728 2678 770 2745 ad
787 2680 970 2764 peticiones
979 2682 1228 2768 utriusquepar-

96 2793 141 2859 tis
157 2788 433 2876 supranominate,
459 2786 596 2853 ementis
613 2786 738 2852 seilicet
754 2794 786 2853 st
802 2787 985 2874 uendentis,
1009 2793 1153 2875 presenti
1171 2811 1228 2858 eas

95 2899 221 2985 pagine
235 2897 268 2964 in
295 2895 449 2963 noticiam
474 2893 591 2960 deduei
609 2901 810 2980 posterorum
827 2901 860 2960 et
878 2895 979 2982 sigilli
1004 2900 1105 2965 nostri
1125 2901 1225 2966 muni-

96 3007 186 3074 mine
202 3007 235 3072 in
252 3008 444 3092 perpetuum
454 2999 608 3068 iussimus
624 3001 782 3069 roborari.
799 3001 923 3068 Datum
933 3023 991 3089 per
1008 3027 1123 3074 manus
1133 3007 1227 3094 Gloty

96 3116 172 3183 anle
188 3114 291 3199 Regie
307 3109 504 3179 Ganoellarii
521 3115 554 3174 et
569 3109 740 3194 Agriensis
756 3111 939 3198 Prepositi;
958 3133 1044 3182 anno
1058 3115 1227 3186 Dominioe

96 3221 340 3291 lnearnaoionis
356 3221 399 3287 ll.
410 3217 471 3286 GG.
482 3219 555 3286 XX.
567 3217 613 3286 II?
633 3219 819 3286 Venerabili
834 3219 985 3288 Johanne
1001 3221 1225 3312 Strigoniensi,

98 3329 290 3399 Reuerendo
305 3329 428 3413 Vgrino
457 3325 626 3395 Goloeensi
643 3325 907 3414 Arebiepiseopis
926 3329 1149 3418 existentibus,
1167 3335 1226 3400 De-

98 3441 222 3508 siderio
248 3435 456 3518 Genadiensi,
483 3437 624 3503 Roberto
642 3434 887 3520 vesprimiensi,
915 3437 1041 3508 Thema
1066 3441 1226 3526 Agriensi,

102 3548 268 3636 Stephano
281 3543 506 3629 Zagrabiensi,
523 3541 752 3609 Bartholomeo
763 3541 1134 3632 Quinque-Euelesiensi,
1151 3549 1227 3619 Gos-

102 3677 156 3723 ma
172 3654 356 3740 Geuriensi,
372 3649 558 3718 Alexandro
569 3648 785 3733 Waradiensi,
802 3650 930 3720 Brieeio
941 3653 1104 3723 Waoiensi
1119 3659 1227 3724 Euole-

99 3767 167 3832 sias
181 3747 599 3846 'felicitergubernantibus
619 3757 755 3826 Niooluo
767 3759 918 3829 Palatino
929 3767 961 3828 et
971 3761 1094 3832 Gemite
1110 3767 1226 3853 Supru-

100 3871 217 3956 niensi,
244 3871 352 3938 Oehuz
368 3869 469 3954 Bane,
487 3865 591 3933 Paulo
606 3865 807 3952 Woiawoda,
825 3869 972 3937 Dionisio
991 3873 1149 3959 Magistro
1165 3877 1225 3942 Te-

99 3981 311 4049 warnioorum
328 3983 360 4044 ot
376 3975 500 4044 Gemite
515 3972 697 4060 Baebionsi,
715 3973 869 4042 Banoone
889 3975 1011 4044 Guriali
1027 3980 1150 4048 Gemite
1167 3985 1223 4049 Re-

100 4091 151 4176 gis
168 4096 201 4156 et
227 4087 350 4154 Gemite
366 4083 593 4170 Budrugiensi,
618 4083 783 4150 Demetrio
807 4086 1082 4153 Senesoaloo
1110 4097 1142 4156 et
1165 4087 1223 4157 Go-

101 4199 178 4267 mite
195 4195 426 4264 Woswariensi
443 4193 667 4260 existentibus.
683 4193 788 4277 Regni
805 4193 906 4260 nostri
921 4213 1006 4260 anno
1022 4195 1115 4262 XlX?

201 4397 251 4462 (Aa
264 4397 364 4448 eredeti
378 4391 442 4447 utin
455 4395 550 4446 Knauz
565 4391 673 4446 Nindor
687 4393 801 4458 Magyar
814 4393 878 4444 Sion
892 4395 927 4446 ll.
942 4394 998 4445 kot.
1013 4395 1074 4446 210.
1088 4393 1117 4458 1.)

530 4683 788 4696 Μ
