3268 5194
844 299 1003 405 ju-

361 495 479 565 iratum
495 497 616 566 habeat
632 497 750 566 trinum
767 507 800 566 ct
816 520 913 566 unum
929 501 1054 584 Deum,
1081 503 1113 566 o't
1128 509 1273 568 nostram
1289 499 1489 568 maledictio

361 626 435 674 nem
450 615 676 692 consequatur.
703 607 771 673 Hec
788 609 899 676 oblata
925 617 1000 676 sunt
1024 629 1133 675 coram
1150 611 1279 695 Duymo
1296 611 1426 692 Priore,
1453 619 1488 676 et

361 713 502 801 Georgia
534 715 716 800 Uadischa,
755 723 788 784 ct
818 737 930 784 omnes
963 716 1136 784 monachas
1167 714 1253 806 (tgy)
1283 718 1394 785 Sancti
1425 719 1485 785 Be·

360 825 490 894 nedioti.

466 932 491 1022 †
507 935 642 1001 Brevem
659 934 915 1001 recordationem
931 933 1016 1001 racio
1033 953 1095 1018 ego
1106 935 1257 1020 Rusinus,
1272 937 1328 1019 qui
1344 938 1489 1002 ctMors-

359 1041 414 1107 lici
431 1042 471 1107 dc
487 1043 593 1127 terris,
611 1062 694 1127 quae
706 1051 780 1109 sunt
797 1041 1042 1127 inTristenico;
1062 1063 1149 1128 paro,
1166 1063 1229 1127 quo
1245 1043 1323 1108 mihi
1340 1044 1489 1126 contigit,

360 1149 435 1215 volo
451 1160 484 1216 ct
495 1149 606 1234 jubeo,
634 1157 670 1217 ut
685 1151 750 1217 sint
766 1151 800 1216 in
817 1152 1014 1217 monasterio
1038 1151 1149 1218 Sancti
1165 1151 1251 1217 Petri
1266 1171 1325 1236 pro
1342 1151 1488 1218 remedio

362 1258 478 1324 animo.
497 1259 582 1325 Nam
599 1260 626 1325 si
643 1261 715 1343 quis
732 1279 804 1326 carn
822 1258 1022 1342 subtrahere,
1049 1261 1165 1325 iratum
1182 1260 1302 1326 habeat
1317 1260 1436 1325 trinum
1452 1265 1489 1324 et

361 1367 476 1452 Deum,
493 1375 525 1433 ot
542 1389 646 1435 meam
663 1369 934 1435 maledictionem.
952 1368 1072 1436 Oblata
1082 1375 1157 1434 sunt
1173 1377 1281 1434 autem
1301 1369 1360 1433 hee
1375 1386 1488 1434 eoram

360 1474 466 1542 Preda
481 1476 547 1543 filio
563 1477 724 1563 Stcpaniti
741 1483 774 1544 ct
787 1478 956 1560 Dragisse.

467 1587 615 1670 Denique
631 1593 705 1672 post
722 1593 856 1652 mortem
873 1585 991 1674 prefati
1002 1585 1146 1653 Marslici
1162 1589 1250 1653 venit
1269 1606 1350 1652 uxor
1367 1587 1436 1651 eius
1450 1590 1489 1649 ct

361 1691 534 1760 affirmavit
545 1744 554 1776 ,
581 1695 726 1779 prefatas
742 1703 846 1760 terras
872 1714 980 1761 coram
1005 1695 1187 1780 presbitero
1206 1695 1345 1759 Vileana
1371 1701 1403 1758 ot
1418 1693 1488 1758 filio

360 1798 483 1883 Milone,
501 1807 534 1866 ot
549 1803 681 1870 Rusello
697 1803 764 1868 filio
781 1803 911 1887 Sovine,
930 1809 963 1868 et
978 1803 1129 1871 Desmiro
1149 1803 1216 1871 filio
1232 1803 1398 1884 Brevem,
1424 1821 1489 1867 nce

251 1947 263 1958 -
360 1927 424 1972 non
441 1907 598 1976 Deciano.

467 2018 587 2084 Postea
603 2017 691 2083 venit
714 2017 866 2085 Slaviz
890 2021 998 2101 Rex,
1025 2027 1057 2085 et
1082 2018 1302 2086 corroboravit
1325 2017 1490 2102 prenomi·

361 2131 458 2188 natas
485 2131 588 2190 ten-as
614 2145 724 2191 coram
739 2128 836 2192 Petro
852 2126 961 2210 Bane,
987 2134 1020 2193 et
1034 2127 1183 2193 Sarubba
1194 2126 1339 2212 jupano,
1361 2131 1394 2190 et
1409 2124 1487 2189 Ded

359 2228 426 2295 filio
442 2231 593 2315 Elimini,
621 2241 653 2299 et
668 2234 816 2298 Vulcano
833 2235 976 2318 sctnioo,
1000 2241 1033 2301 ct
1049 2235 1179 2300 Lucano
1204 2234 1270 2299 filio
1286 2233 1425 2316 Bavaro,
1451 2239 1488 2296 ct

361 2336 463 2402 Zurra
478 2339 545 2405 filio
563 2339 692 2424 tripuni‚
709 2342 869 2426 presbiter
879 2341 1018 2424 Pancsa,
1030 2341 1176 2407 Budimir
1190 2341 1328 2426 tarpeiae,
1349 2346 1382 2404 et
1396 2358 1489 2424 preo-

360 2445 444 2510 biter
459 2445 606 2514 Viloano.
623 2447 749 2514 Ibidem
766 2449 875 2515 Slaviz
892 2457 967 2516 ante
983 2450 1113 2516 cosdem
1130 2456 1241 2533 tostos,
1258 2450 1341 2514 sicut
1356 2454 1489 2532 partem

359 2551 468 2618 fratris
485 2556 534 2620 sui
551 2555 735 2640 affirmavit,
753 2557 801 2622 sic
817 2577 908 2624 suum
926 2563 1061 2644 partem,
1083 2577 1146 2641 que
1162 2558 1207 2623 ibi
1222 2556 1367 2623 habebat
1381 2554 1415 2619 in
1432 2571 1489 2618 ca-

360 2659 433 2725 dem
444 2662 593 2729 Ecclesia
608 2684 667 2749 pro
684 2664 826 2731 remedio
843 2665 951 2732 animo
969 2685 1037 2751 sue,
1053 2685 1113 2732 nco
1128 2686 1192 2732 non
1206 2666 1273 2733 suis
1288 2664 1399 2730 fratris
1414 2678 1488 2747 pcr-

358 2769 533 2853 petualitcr
548 2772 693 2838 contulit.

465 2880 612 2964 Denique
628 2901 690 2964 ego
707 2881 772 2948 [ilio
782 2883 979 2968 Draganego
995 2884 1145 2950 Prodano
1162 2882 1261 2949 offero
1279 2887 1368 2945 terra
1384 2896 1490 2961 supra

362 2985 466 3054 saline
482 2989 515 3054 in
533 2990 731 3056 monasterio
747 2991 859 3056 Sancti
872 2990 970 3073 Petri,
989 2989 1076 3073 quod
1091 2989 1170 3054 milri
1185 2988 1329 3074 precepit
1340 2985 1412 3051 dari
1428 3003 1488 3071 pa-

358 3103 407 3162 ter
422 3115 513 3162 meus
539 3117 598 3181 pro
613 3095 757 3164 remedio
784 3095 891 3162 anime
907 3116 965 3162 suc
990 3116 1099 3162 coram
1125 3095 1284 3160 avunculo
1301 3112 1360 3158 suo
1375 3090 1486 3174 Nida,

358 3221 497 3270 necnon
515 3202 659 3269 eiusdem
675 3204 822 3271 Ecclesie
836 3203 975 3269 Abbato.

464 3308 490 3398 †
504 3313 584 3379 Post
599 3312 659 3378 hec
674 3333 751 3379 vcro
767 3314 800 3378 in
815 3313 922 3398 ipsum
935 3311 1166 3377 monasterium
1182 3309 1303 3375 Paulus
1320 3317 1352 3374 ct
1368 3311 1487 3374 Petrus

357 3417 416 3484 filii
432 3419 680 3505 Palundunzuli,
706 3420 864 3504 fratrique
878 3419 982 3484 nostri
999 3419 1112 3485 abbati
1128 3417 1286 3483 dederunt
1301 3425 1405 3482 terras
1423 3435 1487 3500 pro

357 3525 535 3590 remedium
551 3527 659 3591 anime
675 3545 743 3592 suc.
770 3525 933 3612 Imprimis
949 3525 1105 3592 Azunano
1121 3525 1261 3608 vineam,
1286 3529 1319 3588 et
1333 3523 1435 3589 aliam
1449 3522 1486 3586 in

358 3631 497 3697 Calmito
514 3651 614 3718 supra
630 3633 742 3699 vincas
762 3635 929 3717 Petracea,
949 3639 981 3698 et
997 3635 1126 3699 vineam
1143 3653 1163 3697 a
1180 3635 1301 3698 Sancto
1322 3629 1485 3715 Ysydoro,

358 3743 390 3803 ct
405 3737 533 3804 vineam
550 3759 571 3804 a
586 3737 679 3805 Ballo
697 3747 729 3805 et
745 3761 766 3805 a
781 3741 899 3805 Sancto
916 3737 1058 3804 Oasiano
1078 3741 1227 3822 vineam,
1255 3757 1352 3822 quam
1368 3738 1487 3804 habuit

357 3847 573 3931 impignatam
590 3845 712 3912 Susazo
728 3865 786 3931 pro
802 3844 869 3911 IIII
886 3845 956 3930 sol„
977 3854 1009 3912 et
1025 3867 1046 3910 a
1061 3845 1182 3911 Sancto
1198 3843 1341 3910 basiano
1357 3861 1485 3927 agrum,

357 3957 390 4020 in
401 3954 663 4040 Spalazulovero
680 3954 712 4020 ΙΙ
728 3955 824 4040 petie,
842 3953 1164 4040 deterraAspiuunti
1179 3971 1308 4036 qnoque
1323 3951 1340 4015 Ι
1356 3971 1485 4034 agrum,

357 4069 390 4129 ct
414 4063 622 4130 medietatem
639 4063 679 4128 de
705 4061 800 4130 domo
825 4063 858 4127 in
875 4061 1010 4147 Spalato
1027 4081 1089 4145 que
1105 4062 1167 4127 fuit
1192 4061 1233 4125 de
1253 4058 1388 4124 Annulo.
1414 4060 1488 4126 Ista

357 4174 466 4239 omnia
482 4174 703 4259 suprascripta
713 4171 872 4240 dederunt
887 4193 946 4257 pro
959 4173 1065 4239 medio
1082 4173 1190 4238 anime
1207 4189 1274 4255 sue,
1292 4177 1487 4252 etquenam

356 4286 482 4366 partem
499 4281 539 4347 dc
557 4288 644 4347 terra
663 4300 784 4346 corum.

463 4387 488 4477 †
504 4390 699 4477 Comparari
715 4399 836 4457 euntem
846 4392 880 4458 in
890 4390 1012 4457 Brazza
1022 4391 1192 4475 Detessen,
1203 4392 1386 4476 Pupazuso‚
1398 4389 1487 4472 Ago-

358 4497 446 4564 milic
463 4519 575 4565 omnes
591 4520 689 4582 agros
705 4505 737 4565 ct
749 4501 862 4566 vineas
879 4521 988 4566 coram
1005 4499 1152 4567 omnibus
1168 4499 1328 4564 insilania

465 4605 660 4696 comparavi
675 4609 789 4676 vineas
804 4611 838 4676 in
854 4609 976 4677 Tonieo
993 4609 1033 4677 de
1049 4608 1214 4695 Cipriano,
1236 4615 1268 4674 et
1285 4607 1384 4676 aliam
1402 4627 1488 4675 com-
