<?xml version="1.0" encoding="UTF-8"?>
<!DOCTYPE html PUBLIC "-//W3C//DTD XHTML 1.0 Transitional//EN"
    "http://www.w3.org/TR/xhtml1/DTD/xhtml1-transitional.dtd">
<html xmlns="http://www.w3.org/1999/xhtml" xml:lang="en" lang="en">
 <head>
  <title>
</title>
<meta http-equiv="Content-Type" content="text/html;charset=utf-8" />
  <meta name='ocr-system' content='tesseract 3.04.00' />
  <meta name='ocr-capabilities' content='ocr_page ocr_carea ocr_par ocr_line ocrx_word'/>
</head>
<body>
  <div class='ocr_page' id='page_1' title='image "./codexdiplomatic05wenzgoog_0073.png"; bbox 0 0 3268 5194; ppageno 0'>
   <div class='ocr_carea' id='block_1_1' title="bbox 635 327 790 446">
    <p class='ocr_par' dir='ltr' id='par_1_1' title="bbox 635 327 790 446">
     <span class='ocr_line' id='line_1_1' title="bbox 635 327 790 446; baseline 0 -36"><span class='ocrx_word' id='word_1_1' title='bbox 635 327 790 446; x_wconf 24' lang='grc' dir='ltr'>Λικ-</span> 
     </span>
    </p>
   </div>
   <div class='ocr_carea' id='block_1_2' title="bbox 109 523 1273 4682">
    <p class='ocr_par' dir='ltr' id='par_1_2' title="bbox 134 523 1273 1482">
     <span class='ocr_line' id='line_1_2' title="bbox 141 523 1270 633; baseline 0.007 -29"><span class='ocrx_word' id='word_1_2' title='bbox 141 536 219 604; x_wconf 86' lang='lat' dir='ltr'><strong>tuuc</strong></span> <span class='ocrx_word' id='word_1_3' title='bbox 233 523 279 605; x_wconf 86' lang='lat' dir='ltr'><strong>sit</strong></span> <span class='ocrx_word' id='word_1_4' title='bbox 294 525 481 624; x_wconf 86' lang='lat' dir='ltr'><strong>subiectus,</strong></span> <span class='ocrx_word' id='word_1_5' title='bbox 506 542 538 606; x_wconf 90' lang='lat' dir='ltr'><strong>et</strong></span> <span class='ocrx_word' id='word_1_6' title='bbox 553 538 596 607; x_wconf 93' lang='lat' dir='ltr'><strong>ob</strong></span> <span class='ocrx_word' id='word_1_7' title='bbox 610 537 645 606; x_wconf 89' lang='lat' dir='ltr'><strong>id</strong></span> <span class='ocrx_word' id='word_1_8' title='bbox 660 539 765 608; x_wconf 86' lang='lat' dir='ltr'><strong>onmis</strong></span> <span class='ocrx_word' id='word_1_9' title='bbox 781 535 929 609; x_wconf 86' lang='lat' dir='ltr'><strong>mortalis</strong></span> <span class='ocrx_word' id='word_1_10' title='bbox 947 535 1044 611; x_wconf 86' lang='lat' dir='ltr'><strong>horno</strong></span> <span class='ocrx_word' id='word_1_11' title='bbox 1068 533 1270 633; x_wconf 73' lang='lat' dir='ltr'><strong>repentinam</strong></span> 
     </span>
     <span class='ocr_line' id='line_1_3' title="bbox 139 645 1273 734; baseline 0.007 -24"><span class='ocrx_word' id='word_1_12' title='bbox 139 645 294 713; x_wconf 84' lang='lat' dir='ltr'><strong>formidet</strong></span> <span class='ocrx_word' id='word_1_13' title='bbox 309 653 456 730; x_wconf 88' lang='lat' dir='ltr'><strong>mortem,</strong></span> <span class='ocrx_word' id='word_1_14' title='bbox 471 652 504 715; x_wconf 89' lang='lat' dir='ltr'><strong>et</strong></span> <span class='ocrx_word' id='word_1_15' title='bbox 518 647 763 733; x_wconf 87' lang='lat' dir='ltr'><strong>accidentalem,</strong></span> <span class='ocrx_word' id='word_1_16' title='bbox 779 668 820 714; x_wconf 93' lang='lat' dir='ltr'><strong>ne</strong></span> <span class='ocrx_word' id='word_1_17' title='bbox 835 648 1015 734; x_wconf 87' lang='lat' dir='ltr'><strong>imparatus</strong></span> <span class='ocrx_word' id='word_1_18' title='bbox 1025 649 1167 718; x_wconf 77' lang='lat' dir='ltr'>existens</span> <span class='ocrx_word' id='word_1_19' title='bbox 1177 651 1273 720; x_wconf 88' lang='lat' dir='ltr'><strong>morti</strong></span> 
     </span>
     <span class='ocr_line' id='line_1_4' title="bbox 139 755 1272 844; baseline 0.006 -25"><span class='ocrx_word' id='word_1_20' title='bbox 139 759 321 838; x_wconf 77' lang='lat' dir='ltr'>perpetuae</span> <span class='ocrx_word' id='word_1_21' title='bbox 346 755 381 820; x_wconf 92' lang='lat' dir='ltr'><strong>in</strong></span> <span class='ocrx_word' id='word_1_22' title='bbox 407 761 572 822; x_wconf 82' lang='lat' dir='ltr'><strong>aeternam</strong></span> <span class='ocrx_word' id='word_1_23' title='bbox 597 756 754 822; x_wconf 83' lang='lat' dir='ltr'><strong>incideret</strong></span> <span class='ocrx_word' id='word_1_24' title='bbox 777 777 926 844; x_wconf 88' lang='lat' dir='ltr'><strong>poenam.</strong></span> <span class='ocrx_word' id='word_1_25' title='bbox 953 757 1046 824; x_wconf 89' lang='lat' dir='ltr'><strong>Hanc</strong></span> <span class='ocrx_word' id='word_1_26' title='bbox 1071 759 1113 827; x_wconf 89' lang='lat' dir='ltr'><strong>ob</strong></span> <span class='ocrx_word' id='word_1_27' title='bbox 1139 779 1272 828; x_wconf 89' lang='lat' dir='ltr'><strong>causam</strong></span> 
     </span>
     <span class='ocr_line' id='line_1_5' title="bbox 139 860 1270 950; baseline 0.006 -26"><span class='ocrx_word' id='word_1_28' title='bbox 139 860 353 946; x_wconf 76' lang='lat' dir='ltr'><strong>ruminantes,</strong></span> <span class='ocrx_word' id='word_1_29' title='bbox 370 869 403 928; x_wconf 88' lang='lat' dir='ltr'><strong>et</strong></span> <span class='ocrx_word' id='word_1_30' title='bbox 413 861 657 929; x_wconf 88' lang='lat' dir='ltr'><strong>considerantes</strong></span> <span class='ocrx_word' id='word_1_31' title='bbox 667 862 882 947; x_wconf 78' lang='lat' dir='ltr'><strong>cogitavimus</strong></span> <span class='ocrx_word' id='word_1_32' title='bbox 897 884 957 930; x_wconf 88' lang='lat' dir='ltr'><strong>nos</strong></span> <span class='ocrx_word' id='word_1_33' title='bbox 976 865 1156 950; x_wconf 89' lang='lat' dir='ltr'><strong>supradicti</strong></span> <span class='ocrx_word' id='word_1_34' title='bbox 1165 865 1270 950; x_wconf 88' lang='lat' dir='ltr'><strong>simul,</strong></span> 
     </span>
     <span class='ocr_line' id='line_1_6' title="bbox 139 968 1271 1056; baseline 0.004 -23"><span class='ocrx_word' id='word_1_35' title='bbox 139 975 172 1033; x_wconf 89' lang='lat' dir='ltr'><strong>et</strong></span> <span class='ocrx_word' id='word_1_36' title='bbox 188 969 401 1052; x_wconf 89' lang='lat' dir='ltr'><strong>concorditer,</strong></span> <span class='ocrx_word' id='word_1_37' title='bbox 417 968 597 1053; x_wconf 86' lang='lat' dir='ltr'><strong>inspirante</strong></span> <span class='ocrx_word' id='word_1_38' title='bbox 612 989 673 1038; x_wconf 87' lang='lat' dir='ltr'><strong>nos</strong></span> <span class='ocrx_word' id='word_1_39' title='bbox 688 969 810 1054; x_wconf 88' lang='lat' dir='ltr'><strong>Spiritu</strong></span> <span class='ocrx_word' id='word_1_40' title='bbox 827 969 957 1054; x_wconf 86' lang='lat' dir='ltr'><strong>Sancto,</strong></span> <span class='ocrx_word' id='word_1_41' title='bbox 974 991 1033 1056; x_wconf 91' lang='lat' dir='ltr'><strong>pro</strong></span> <span class='ocrx_word' id='word_1_42' title='bbox 1050 972 1271 1056; x_wconf 87' lang='lat' dir='ltr'><strong>redemptione</strong></span> 
     </span>
     <span class='ocr_line' id='line_1_7' title="bbox 138 1075 1270 1163; baseline 0.005 -24"><span class='ocrx_word' id='word_1_43' title='bbox 138 1075 324 1140; x_wconf 88' lang='lat' dir='ltr'><strong>animarum</strong></span> <span class='ocrx_word' id='word_1_44' title='bbox 339 1081 544 1163; x_wconf 89' lang='lat' dir='ltr'><strong>nostrarum,</strong></span> <span class='ocrx_word' id='word_1_45' title='bbox 558 1081 806 1158; x_wconf 89' lang='lat' dir='ltr'><strong>nostrorumque</strong></span> <span class='ocrx_word' id='word_1_46' title='bbox 824 1081 1013 1160; x_wconf 87' lang='lat' dir='ltr'><strong>parentum,</strong></span> <span class='ocrx_word' id='word_1_47' title='bbox 1040 1098 1079 1143; x_wconf 92' lang='lat' dir='ltr'><strong>ac</strong></span> <span class='ocrx_word' id='word_1_48' title='bbox 1094 1078 1270 1145; x_wconf 86' lang='lat' dir='ltr'><strong>haeredum</strong></span> 
     </span>
     <span class='ocr_line' id='line_1_8' title="bbox 136 1182 1270 1266; baseline 0.004 -20"><span class='ocrx_word' id='word_1_49' title='bbox 136 1191 324 1248; x_wconf 85' lang='lat' dir='ltr'><strong>nostrornm</strong></span> <span class='ocrx_word' id='word_1_50' title='bbox 348 1202 450 1266; x_wconf 87' lang='lat' dir='ltr'><strong>usqne</strong></span> <span class='ocrx_word' id='word_1_51' title='bbox 466 1183 510 1248; x_wconf 90' lang='lat' dir='ltr'><strong>ad</strong></span> <span class='ocrx_word' id='word_1_52' title='bbox 524 1183 620 1248; x_wconf 84' lang='lat' dir='ltr'><strong>linem</strong></span> <span class='ocrx_word' id='word_1_53' title='bbox 636 1183 767 1262; x_wconf 82' lang='lat' dir='ltr'><strong>mundi,</strong></span> <span class='ocrx_word' id='word_1_54' title='bbox 792 1182 927 1248; x_wconf 86' lang='lat' dir='ltr'><strong>fecimus</strong></span> <span class='ocrx_word' id='word_1_55' title='bbox 944 1183 1116 1250; x_wconf 90' lang='lat' dir='ltr'><strong>aedificare</strong></span> <span class='ocrx_word' id='word_1_56' title='bbox 1140 1184 1270 1252; x_wconf 86' lang='lat' dir='ltr'><strong>domum</strong></span> 
     </span>
     <span class='ocr_line' id='line_1_9' title="bbox 136 1289 1268 1376; baseline 0.003 -21"><span class='ocrx_word' id='word_1_57' title='bbox 136 1289 203 1356; x_wconf 88' lang='lat' dir='ltr'><strong>Dei</strong></span> <span class='ocrx_word' id='word_1_58' title='bbox 220 1291 263 1355; x_wconf 87' lang='lat' dir='ltr'><strong>ad</strong></span> <span class='ocrx_word' id='word_1_59' title='bbox 279 1291 434 1357; x_wconf 88' lang='lat' dir='ltr'><strong>honorem</strong></span> <span class='ocrx_word' id='word_1_60' title='bbox 449 1290 640 1356; x_wconf 86' lang='lat' dir='ltr'><strong>Sanctorum</strong></span> <span class='ocrx_word' id='word_1_61' title='bbox 657 1291 720 1355; x_wconf 90' lang='lat' dir='ltr'><strong>Dei</strong></span> <span class='ocrx_word' id='word_1_62' title='bbox 736 1291 1039 1376; x_wconf 86' lang='lat' dir='ltr'><strong>suprascriptorum,</strong></span> <span class='ocrx_word' id='word_1_63' title='bbox 1057 1293 1090 1356; x_wconf 93' lang='lat' dir='ltr'><strong>in</strong></span> <span class='ocrx_word' id='word_1_64' title='bbox 1107 1293 1179 1358; x_wconf 92' lang='lat' dir='ltr'><strong>loco</strong></span> <span class='ocrx_word' id='word_1_65' title='bbox 1196 1313 1268 1376; x_wconf 92' lang='lat' dir='ltr'><strong>pro-</strong></span> 
     </span>
     <span class='ocr_line' id='line_1_10' title="bbox 134 1395 757 1482; baseline 0.003 -22"><span class='ocrx_word' id='word_1_66' title='bbox 134 1416 179 1482; x_wconf 92' lang='lat' dir='ltr'><strong>pe</strong></span> <span class='ocrx_word' id='word_1_67' title='bbox 194 1397 273 1463; x_wconf 87' lang='lat' dir='ltr'><strong>litus</strong></span> <span class='ocrx_word' id='word_1_68' title='bbox 288 1397 389 1463; x_wconf 88' lang='lat' dir='ltr'><strong>maris</strong></span> <span class='ocrx_word' id='word_1_69' title='bbox 405 1395 474 1462; x_wconf 81' lang='lat' dir='ltr'><strong>sire</strong></span> <span class='ocrx_word' id='word_1_70' title='bbox 491 1417 594 1482; x_wconf 91' lang='lat' dir='ltr'><strong>prope</strong></span> <span class='ocrx_word' id='word_1_71' title='bbox 614 1416 757 1462; x_wconf 90' lang='lat' dir='ltr'><strong>arenam.</strong></span> 
     </span>
    </p>

    <p class='ocr_par' dir='ltr' id='par_1_3' title="bbox 132 1492 1268 1911">
     <span class='ocr_line' id='line_1_11' title="bbox 245 1492 1268 1591; baseline 0.002 -21"><span class='ocrx_word' id='word_1_72' title='bbox 245 1492 390 1570; x_wconf 83' lang='lat' dir='ltr'><strong>Primum</strong></span> <span class='ocrx_word' id='word_1_73' title='bbox 406 1525 502 1591; x_wconf 90' lang='lat' dir='ltr'><strong>prece</strong></span> <span class='ocrx_word' id='word_1_74' title='bbox 525 1505 724 1570; x_wconf 80' lang='lat' dir='ltr'><strong>obtinuimus</strong></span> <span class='ocrx_word' id='word_1_75' title='bbox 741 1524 763 1569; x_wconf 85' lang='lat' dir='ltr'><strong>a</strong></span> <span class='ocrx_word' id='word_1_76' title='bbox 774 1505 863 1588; x_wconf 83' lang='lat' dir='ltr'><strong>Rege</strong></span> <span class='ocrx_word' id='word_1_77' title='bbox 878 1523 962 1570; x_wconf 87' lang='lat' dir='ltr'><strong>saxa</strong></span> <span class='ocrx_word' id='word_1_78' title='bbox 973 1505 1117 1589; x_wconf 84' lang='lat' dir='ltr'><strong>Theatri,</strong></span> <span class='ocrx_word' id='word_1_79' title='bbox 1144 1525 1185 1572; x_wconf 89' lang='lat' dir='ltr'><strong>ex</strong></span> <span class='ocrx_word' id='word_1_80' title='bbox 1201 1507 1268 1591; x_wconf 85' lang='lat' dir='ltr'><strong>qni-</strong></span> 
     </span>
     <span class='ocr_line' id='line_1_12' title="bbox 133 1611 1266 1696; baseline 0.004 -20"><span class='ocrx_word' id='word_1_81' title='bbox 133 1611 196 1677; x_wconf 87' lang='lat' dir='ltr'><strong>bus</strong></span> <span class='ocrx_word' id='word_1_82' title='bbox 222 1613 407 1678; x_wconf 90' lang='lat' dir='ltr'><strong>Ecclesiam</strong></span> <span class='ocrx_word' id='word_1_83' title='bbox 431 1611 684 1696; x_wconf 74' lang='lat' dir='ltr'><strong>fabricaremus,</strong></span> <span class='ocrx_word' id='word_1_84' title='bbox 716 1619 748 1678; x_wconf 89' lang='lat' dir='ltr'><strong>ct</strong></span> <span class='ocrx_word' id='word_1_85' title='bbox 763 1613 820 1678; x_wconf 90' lang='lat' dir='ltr'><strong>ille</strong></span> <span class='ocrx_word' id='word_1_86' title='bbox 842 1613 931 1678; x_wconf 88' lang='lat' dir='ltr'><strong>dedit</strong></span> <span class='ocrx_word' id='word_1_87' title='bbox 956 1613 1051 1680; x_wconf 90' lang='lat' dir='ltr'><strong>nobis</strong></span> <span class='ocrx_word' id='word_1_88' title='bbox 1076 1619 1108 1678; x_wconf 90' lang='lat' dir='ltr'><strong>ct</strong></span> <span class='ocrx_word' id='word_1_89' title='bbox 1132 1633 1216 1680; x_wconf 84' lang='lat' dir='ltr'><strong>saxa</strong></span> <span class='ocrx_word' id='word_1_90' title='bbox 1235 1622 1266 1680; x_wconf 91' lang='lat' dir='ltr'><strong>et</strong></span> 
     </span>
     <span class='ocr_line' id='line_1_13' title="bbox 133 1719 1265 1804; baseline 0.004 -20"><span class='ocrx_word' id='word_1_91' title='bbox 133 1739 265 1786; x_wconf 87' lang='lat' dir='ltr'><strong>omnem</strong></span> <span class='ocrx_word' id='word_1_92' title='bbox 281 1719 450 1786; x_wconf 91' lang='lat' dir='ltr'><strong>circuitum</strong></span> <span class='ocrx_word' id='word_1_93' title='bbox 464 1726 571 1786; x_wconf 87' lang='lat' dir='ltr'><strong>terrae</strong></span> <span class='ocrx_word' id='word_1_94' title='bbox 586 1720 719 1786; x_wconf 72' lang='lat' dir='ltr'><strong>&#39;l‘heatri</strong></span> <span class='ocrx_word' id='word_1_95' title='bbox 736 1720 780 1786; x_wconf 85' lang='lat' dir='ltr'><strong>ad</strong></span> <span class='ocrx_word' id='word_1_96' title='bbox 795 1721 948 1788; x_wconf 88' lang='lat' dir='ltr'><strong>honorem</strong></span> <span class='ocrx_word' id='word_1_97' title='bbox 963 1720 1035 1804; x_wconf 90' lang='lat' dir='ltr'><strong>Dei,</strong></span> <span class='ocrx_word' id='word_1_98' title='bbox 1052 1725 1084 1786; x_wconf 91' lang='lat' dir='ltr'><strong>et</strong></span> <span class='ocrx_word' id='word_1_99' title='bbox 1096 1721 1265 1788; x_wconf 84' lang='lat' dir='ltr'><strong>Ecclesiae</strong></span> 
     </span>
     <span class='ocr_line' id='line_1_14' title="bbox 132 1825 640 1911; baseline 0.002 -19"><span class='ocrx_word' id='word_1_100' title='bbox 132 1825 230 1893; x_wconf 85' lang='lat' dir='ltr'><strong>Beati</strong></span> <span class='ocrx_word' id='word_1_101' title='bbox 245 1826 416 1893; x_wconf 80' lang='lat' dir='ltr'><strong>Michaelis</strong></span> <span class='ocrx_word' id='word_1_102' title='bbox 432 1827 640 1911; x_wconf 78' lang='lat' dir='ltr'><strong>Archangeli.</strong></span> 
     </span>
    </p>

    <p class='ocr_par' dir='ltr' id='par_1_4' title="bbox 127 1932 1264 2452">
     <span class='ocr_line' id='line_1_15' title="bbox 241 1932 1264 2020; baseline -0.002 -18"><span class='ocrx_word' id='word_1_103' title='bbox 241 1935 313 2019; x_wconf 82' lang='lat' dir='ltr'><strong>Ego</strong></span> <span class='ocrx_word' id='word_1_104' title='bbox 328 1935 444 2002; x_wconf 89' lang='lat' dir='ltr'><strong>Plesus</strong></span> <span class='ocrx_word' id='word_1_105' title='bbox 459 1935 493 2000; x_wconf 92' lang='lat' dir='ltr'><strong>in</strong></span> <span class='ocrx_word' id='word_1_106' title='bbox 509 1935 623 2020; x_wconf 87' lang='lat' dir='ltr'><strong>primis</strong></span> <span class='ocrx_word' id='word_1_107' title='bbox 645 1935 708 2001; x_wconf 91' lang='lat' dir='ltr'><strong>erni</strong></span> <span class='ocrx_word' id='word_1_108' title='bbox 723 1939 903 2018; x_wconf 88' lang='lat' dir='ltr'><strong>terrenum,</strong></span> <span class='ocrx_word' id='word_1_109' title='bbox 929 1954 1027 2020; x_wconf 89' lang='lat' dir='ltr'><strong>super</strong></span> <span class='ocrx_word' id='word_1_110' title='bbox 1043 1932 1130 2017; x_wconf 89' lang='lat' dir='ltr'><strong>qnod</strong></span> <span class='ocrx_word' id='word_1_111' title='bbox 1156 1933 1264 2000; x_wconf 87' lang='lat' dir='ltr'><strong>aedili-</strong></span> 
     </span>
     <span class='ocr_line' id='line_1_16' title="bbox 130 2041 1261 2125; baseline -0.001 -18"><span class='ocrx_word' id='word_1_112' title='bbox 130 2042 280 2108; x_wconf 83' lang='lat' dir='ltr'><strong>cavimus</strong></span> <span class='ocrx_word' id='word_1_113' title='bbox 296 2042 477 2108; x_wconf 87' lang='lat' dir='ltr'><strong>Ecclcsiam</strong></span> <span class='ocrx_word' id='word_1_114' title='bbox 495 2063 516 2106; x_wconf 89' lang='lat' dir='ltr'><strong>a</strong></span> <span class='ocrx_word' id='word_1_115' title='bbox 531 2041 673 2125; x_wconf 88' lang='lat' dir='ltr'><strong>quodam</strong></span> <span class='ocrx_word' id='word_1_116' title='bbox 688 2041 817 2108; x_wconf 91' lang='lat' dir='ltr'><strong>homine</strong></span> <span class='ocrx_word' id='word_1_117' title='bbox 834 2041 1008 2110; x_wconf 86' lang='lat' dir='ltr'><strong>Slavonico</strong></span> <span class='ocrx_word' id='word_1_118' title='bbox 1031 2041 1161 2106; x_wconf 91' lang='lat' dir='ltr'><strong>nomine</strong></span> <span class='ocrx_word' id='word_1_119' title='bbox 1176 2041 1261 2108; x_wconf 92' lang='lat' dir='ltr'><strong>Sidi-</strong></span> 
     </span>
     <span class='ocr_line' id='line_1_17' title="bbox 129 2147 1260 2236; baseline 0 -20"><span class='ocrx_word' id='word_1_120' title='bbox 129 2171 181 2234; x_wconf 87' lang='lat' dir='ltr'><strong>ca,</strong></span> <span class='ocrx_word' id='word_1_121' title='bbox 199 2151 256 2233; x_wconf 90' lang='lat' dir='ltr'><strong>qui</strong></span> <span class='ocrx_word' id='word_1_122' title='bbox 270 2149 331 2215; x_wconf 82' lang='lat' dir='ltr'><strong>fuit</strong></span> <span class='ocrx_word' id='word_1_123' title='bbox 356 2149 484 2217; x_wconf 91' lang='lat' dir='ltr'><strong>deloco</strong></span> <span class='ocrx_word' id='word_1_124' title='bbox 510 2156 696 2236; x_wconf 89' lang='lat' dir='ltr'><strong>nuncupato</strong></span> <span class='ocrx_word' id='word_1_125' title='bbox 713 2148 869 2234; x_wconf 76' lang='lat' dir='ltr'><strong>(thesica,</strong></span> <span class='ocrx_word' id='word_1_126' title='bbox 896 2157 927 2215; x_wconf 89' lang='lat' dir='ltr'><strong>et</strong></span> <span class='ocrx_word' id='word_1_127' title='bbox 942 2171 963 2216; x_wconf 93' lang='lat' dir='ltr'><strong>a</strong></span> <span class='ocrx_word' id='word_1_128' title='bbox 978 2149 1078 2216; x_wconf 80' lang='lat' dir='ltr'><strong>fratrc</strong></span> <span class='ocrx_word' id='word_1_129' title='bbox 1103 2168 1161 2217; x_wconf 92' lang='lat' dir='ltr'><strong>suc</strong></span> <span class='ocrx_word' id='word_1_130' title='bbox 1178 2147 1260 2216; x_wconf 75' lang='lat' dir='ltr'><strong>(lero</strong></span> 
     </span>
     <span class='ocr_line' id='line_1_18' title="bbox 128 2257 1261 2344; baseline -0.002 -20"><span class='ocrx_word' id='word_1_131' title='bbox 128 2263 204 2326; x_wconf 88' lang='lat' dir='ltr'><strong>octo</strong></span> <span class='ocrx_word' id='word_1_132' title='bbox 220 2257 375 2340; x_wconf 86' lang='lat' dir='ltr'><strong>denariis,</strong></span> <span class='ocrx_word' id='word_1_133' title='bbox 392 2257 479 2341; x_wconf 87' lang='lat' dir='ltr'><strong>qnod</strong></span> <span class='ocrx_word' id='word_1_134' title='bbox 494 2258 625 2343; x_wconf 89' lang='lat' dir='ltr'><strong>babere,</strong></span> <span class='ocrx_word' id='word_1_135' title='bbox 641 2277 705 2340; x_wconf 90' lang='lat' dir='ltr'><strong>quo</strong></span> <span class='ocrx_word' id='word_1_136' title='bbox 721 2257 875 2342; x_wconf 81' lang='lat' dir='ltr'><strong>gaudere,</strong></span> <span class='ocrx_word' id='word_1_137' title='bbox 890 2257 961 2342; x_wconf 84' lang='lat' dir='ltr'><strong>frui,</strong></span> <span class='ocrx_word' id='word_1_138' title='bbox 979 2257 1212 2344; x_wconf 82' lang='lat' dir='ltr'><strong>usufructuare,</strong></span> <span class='ocrx_word' id='word_1_139' title='bbox 1229 2263 1261 2322; x_wconf 91' lang='lat' dir='ltr'><strong>et</strong></span> 
     </span>
     <span class='ocr_line' id='line_1_19' title="bbox 127 2345 851 2452; baseline 0.001 -22"><span class='ocrx_word' id='word_1_140' title='bbox 127 2365 241 2431; x_wconf 82' lang='lat' dir='ltr'><strong>iacere</strong></span> <span class='ocrx_word' id='word_1_141' title='bbox 256 2365 296 2430; x_wconf 90' lang='lat' dir='ltr'><strong>de</strong></span> <span class='ocrx_word' id='word_1_142' title='bbox 312 2366 385 2452; x_wconf 92' lang='lat' dir='ltr'><strong>ipsc</strong></span> <span class='ocrx_word' id='word_1_143' title='bbox 401 2345 558 2448; x_wconf 71' lang='lat' dir='ltr'><strong>unidquid</strong></span> <span class='ocrx_word' id='word_1_144' title='bbox 572 2365 667 2433; x_wconf 93' lang='lat' dir='ltr'><strong>nobis</strong></span> <span class='ocrx_word' id='word_1_145' title='bbox 683 2366 851 2451; x_wconf 88' lang='lat' dir='ltr'><strong>placuerit.</strong></span> 
     </span>
    </p>

    <p class='ocr_par' dir='ltr' id='par_1_5' title="bbox 120 2471 1260 2769">
     <span class='ocr_line' id='line_1_20' title="bbox 239 2471 1259 2558; baseline 0.002 -22"><span class='ocrx_word' id='word_1_146' title='bbox 239 2472 340 2537; x_wconf 86' lang='lat' dir='ltr'><strong>Aliud</strong></span> <span class='ocrx_word' id='word_1_147' title='bbox 356 2471 441 2538; x_wconf 91' lang='lat' dir='ltr'><strong>enim</strong></span> <span class='ocrx_word' id='word_1_148' title='bbox 457 2471 520 2539; x_wconf 90' lang='lat' dir='ltr'><strong>cmi</strong></span> <span class='ocrx_word' id='word_1_149' title='bbox 535 2479 698 2539; x_wconf 87' lang='lat' dir='ltr'><strong>terrenum</strong></span> <span class='ocrx_word' id='word_1_150' title='bbox 717 2475 815 2558; x_wconf 84' lang='lat' dir='ltr'><strong>juxta</strong></span> <span class='ocrx_word' id='word_1_151' title='bbox 831 2474 1011 2540; x_wconf 82' lang='lat' dir='ltr'><strong>Ecclesiam</strong></span> <span class='ocrx_word' id='word_1_152' title='bbox 1035 2475 1077 2541; x_wconf 89' lang='lat' dir='ltr'><strong>ab</strong></span> <span class='ocrx_word' id='word_1_153' title='bbox 1094 2475 1259 2541; x_wconf 88' lang='lat' dir='ltr'><strong>occidente</strong></span> 
     </span>
     <span class='ocr_line' id='line_1_21' title="bbox 126 2578 1260 2666; baseline 0.003 -23"><span class='ocrx_word' id='word_1_154' title='bbox 126 2599 148 2643; x_wconf 91' lang='lat' dir='ltr'><strong>a</strong></span> <span class='ocrx_word' id='word_1_155' title='bbox 164 2578 363 2646; x_wconf 77' lang='lat' dir='ltr'><strong>Eirmarisco</strong></span> <span class='ocrx_word' id='word_1_156' title='bbox 380 2579 504 2645; x_wconf 87' lang='lat' dir='ltr'><strong>Obirini</strong></span> <span class='ocrx_word' id='word_1_157' title='bbox 526 2580 623 2646; x_wconf 89' lang='lat' dir='ltr'><strong>trium</strong></span> <span class='ocrx_word' id='word_1_158' title='bbox 639 2586 861 2665; x_wconf 87' lang='lat' dir='ltr'><strong>wrctcuorum,</strong></span> <span class='ocrx_word' id='word_1_159' title='bbox 891 2581 1035 2648; x_wconf 88' lang='lat' dir='ltr'><strong>denariis</strong></span> <span class='ocrx_word' id='word_1_160' title='bbox 1050 2582 1099 2666; x_wconf 89' lang='lat' dir='ltr'><strong>X;</strong></span> <span class='ocrx_word' id='word_1_161' title='bbox 1126 2582 1210 2665; x_wconf 87' lang='lat' dir='ltr'><strong>volo,</strong></span> <span class='ocrx_word' id='word_1_162' title='bbox 1227 2587 1260 2646; x_wconf 89' lang='lat' dir='ltr'><strong>et</strong></span> 
     </span>
     <span class='ocr_line' id='line_1_22' title="bbox 120 2686 667 2769; baseline 0.004 -19"><span class='ocrx_word' id='word_1_163' title='bbox 120 2686 236 2769; x_wconf 86' lang='lat' dir='ltr'><strong>jubeo,</strong></span> <span class='ocrx_word' id='word_1_164' title='bbox 256 2693 290 2750; x_wconf 98' lang='grc' dir='ltr'><strong>ιιι</strong></span> <span class='ocrx_word' id='word_1_165' title='bbox 305 2687 348 2752; x_wconf 90' lang='lat' dir='ltr'><strong>sit</strong></span> <span class='ocrx_word' id='word_1_166' title='bbox 363 2687 469 2753; x_wconf 89' lang='lat' dir='ltr'><strong>dictae</strong></span> <span class='ocrx_word' id='word_1_167' title='bbox 489 2688 667 2754; x_wconf 83' lang='lat' dir='ltr'><strong>Ecclesiae.</strong></span> 
     </span>
    </p>

    <p class='ocr_par' dir='ltr' id='par_1_6' title="bbox 120 2793 1256 2986">
     <span class='ocr_line' id='line_1_23' title="bbox 234 2793 1256 2880; baseline 0.003 -23"><span class='ocrx_word' id='word_1_168' title='bbox 234 2793 276 2857; x_wconf 91' lang='lat' dir='ltr'><strong>Et</strong></span> <span class='ocrx_word' id='word_1_169' title='bbox 286 2794 385 2876; x_wconf 86' lang='lat' dir='ltr'><strong>juxta</strong></span> <span class='ocrx_word' id='word_1_170' title='bbox 400 2794 519 2861; x_wconf 89' lang='lat' dir='ltr'><strong>dictum</strong></span> <span class='ocrx_word' id='word_1_171' title='bbox 533 2802 697 2862; x_wconf 88' lang='lat' dir='ltr'><strong>terrenum</strong></span> <span class='ocrx_word' id='word_1_172' title='bbox 713 2797 776 2862; x_wconf 93' lang='lat' dir='ltr'><strong>emi</strong></span> <span class='ocrx_word' id='word_1_173' title='bbox 793 2797 882 2862; x_wconf 89' lang='lat' dir='ltr'><strong>aliud</strong></span> <span class='ocrx_word' id='word_1_174' title='bbox 904 2803 1098 2863; x_wconf 80' lang='lat' dir='ltr'><strong>terrcnmna</strong></span> <span class='ocrx_word' id='word_1_175' title='bbox 1114 2796 1256 2880; x_wconf 87' lang='lat' dir='ltr'><strong>quodam</strong></span> 
     </span>
     <span class='ocr_line' id='line_1_24' title="bbox 120 2899 1254 2986; baseline 0.001 -21"><span class='ocrx_word' id='word_1_176' title='bbox 120 2899 448 2966; x_wconf 85' lang='lat' dir='ltr'><strong>StrioZaiiliichici</strong></span> <span class='ocrx_word' id='word_1_177' title='bbox 460 2901 603 2968; x_wconf 91' lang='lat' dir='ltr'><strong>denariis</strong></span> <span class='ocrx_word' id='word_1_178' title='bbox 614 2903 771 2986; x_wconf 83' lang='lat' dir='ltr'><strong>quinque;</strong></span> <span class='ocrx_word' id='word_1_179' title='bbox 790 2903 864 2970; x_wconf 86' lang='lat' dir='ltr'><strong>volo</strong></span> <span class='ocrx_word' id='word_1_180' title='bbox 875 2910 910 2968; x_wconf 92' lang='grc' dir='ltr'><strong>ιιι</strong></span> <span class='ocrx_word' id='word_1_181' title='bbox 920 2903 1065 2968; x_wconf 88' lang='lat' dir='ltr'><strong>sitistius</strong></span> <span class='ocrx_word' id='word_1_182' title='bbox 1075 2901 1254 2968; x_wconf 90' lang='lat' dir='ltr'><strong>Ecclesiae.</strong></span> 
     </span>
    </p>

    <p class='ocr_par' dir='ltr' id='par_1_7' title="bbox 122 3006 1255 3412">
     <span class='ocr_line' id='line_1_25' title="bbox 232 3006 1255 3094; baseline 0.001 -24"><span class='ocrx_word' id='word_1_183' title='bbox 232 3006 314 3070; x_wconf 89' lang='lat' dir='ltr'><strong>Item</strong></span> <span class='ocrx_word' id='word_1_184' title='bbox 331 3007 394 3071; x_wconf 90' lang='lat' dir='ltr'><strong>emi</strong></span> <span class='ocrx_word' id='word_1_185' title='bbox 409 3013 572 3072; x_wconf 82' lang='lat' dir='ltr'><strong>terrenum</strong></span> <span class='ocrx_word' id='word_1_186' title='bbox 588 3027 691 3094; x_wconf 89' lang='lat' dir='ltr'><strong>prope</strong></span> <span class='ocrx_word' id='word_1_187' title='bbox 705 3007 781 3072; x_wconf 88' lang='lat' dir='ltr'><strong>litus</strong></span> <span class='ocrx_word' id='word_1_188' title='bbox 798 3008 897 3074; x_wconf 88' lang='lat' dir='ltr'><strong>maris</strong></span> <span class='ocrx_word' id='word_1_189' title='bbox 912 3009 972 3075; x_wconf 90' lang='lat' dir='ltr'><strong>sub</strong></span> <span class='ocrx_word' id='word_1_190' title='bbox 992 3008 1107 3075; x_wconf 82' lang='lat' dir='ltr'><strong>sabulo</strong></span> <span class='ocrx_word' id='word_1_191' title='bbox 1124 3027 1146 3072; x_wconf 89' lang='lat' dir='ltr'><strong>a</strong></span> <span class='ocrx_word' id='word_1_192' title='bbox 1160 3007 1255 3072; x_wconf 90' lang='lat' dir='ltr'><strong>ani·</strong></span> 
     </span>
     <span class='ocr_line' id='line_1_26' title="bbox 124 3112 1255 3198; baseline 0.001 -21"><span class='ocrx_word' id='word_1_193' title='bbox 124 3113 200 3178; x_wconf 90' lang='lat' dir='ltr'><strong>nico</strong></span> <span class='ocrx_word' id='word_1_194' title='bbox 210 3112 355 3178; x_wconf 87' lang='lat' dir='ltr'><strong>denariis</strong></span> <span class='ocrx_word' id='word_1_195' title='bbox 367 3114 410 3196; x_wconf 82' lang='lat' dir='ltr'><strong>X,</strong></span> <span class='ocrx_word' id='word_1_196' title='bbox 430 3113 517 3196; x_wconf 89' lang='lat' dir='ltr'><strong>quod</strong></span> <span class='ocrx_word' id='word_1_197' title='bbox 528 3120 577 3180; x_wconf 89' lang='lat' dir='ltr'><strong>est</strong></span> <span class='ocrx_word' id='word_1_198' title='bbox 588 3115 685 3198; x_wconf 81' lang='lat' dir='ltr'><strong>juxta</strong></span> <span class='ocrx_word' id='word_1_199' title='bbox 694 3114 811 3179; x_wconf 88' lang='lat' dir='ltr'><strong>flumen</strong></span> <span class='ocrx_word' id='word_1_200' title='bbox 821 3114 855 3178; x_wconf 94' lang='lat' dir='ltr'><strong>in</strong></span> <span class='ocrx_word' id='word_1_201' title='bbox 865 3115 936 3182; x_wconf 90' lang='lat' dir='ltr'><strong>loco</strong></span> <span class='ocrx_word' id='word_1_202' title='bbox 946 3119 1062 3182; x_wconf 83' lang='lat' dir='ltr'><strong>vocato</strong></span> <span class='ocrx_word' id='word_1_203' title='bbox 1072 3113 1255 3197; x_wconf 89' lang='lat' dir='ltr'><strong>Phrodrup-</strong></span> 
     </span>
     <span class='ocr_line' id='line_1_27' title="bbox 122 3219 1253 3304; baseline 0.002 -20"><span class='ocrx_word' id='word_1_204' title='bbox 122 3219 244 3304; x_wconf 79' lang='lat' dir='ltr'><strong>glane;</strong></span> <span class='ocrx_word' id='word_1_205' title='bbox 261 3220 346 3303; x_wconf 80' lang='lat' dir='ltr'><strong>volo,</strong></span> <span class='ocrx_word' id='word_1_206' title='bbox 364 3227 399 3285; x_wconf 89' lang='lat' dir='ltr'><strong>ut</strong></span> <span class='ocrx_word' id='word_1_207' title='bbox 415 3221 456 3285; x_wconf 89' lang='lat' dir='ltr'><strong>sit</strong></span> <span class='ocrx_word' id='word_1_208' title='bbox 472 3221 569 3304; x_wconf 62' lang='lat' dir='ltr'><strong>burins</strong></span> <span class='ocrx_word' id='word_1_209' title='bbox 585 3220 762 3286; x_wconf 87' lang='lat' dir='ltr'><strong>Ecclesiae.</strong></span> <span class='ocrx_word' id='word_1_210' title='bbox 779 3221 857 3287; x_wconf 90' lang='lat' dir='ltr'><strong>Post</strong></span> <span class='ocrx_word' id='word_1_211' title='bbox 866 3220 947 3286; x_wconf 88' lang='lat' dir='ltr'><strong>haec</strong></span> <span class='ocrx_word' id='word_1_212' title='bbox 963 3219 1152 3286; x_wconf 77' lang='lat' dir='ltr'><strong>Theodorus</strong></span> <span class='ocrx_word' id='word_1_213' title='bbox 1168 3219 1253 3286; x_wconf 78' lang='lat' dir='ltr'><strong>iilius</strong></span> 
     </span>
     <span class='ocr_line' id='line_1_28' title="bbox 122 3325 1187 3412; baseline 0.001 -23"><span class='ocrx_word' id='word_1_214' title='bbox 122 3327 195 3407; x_wconf 88' lang='lat' dir='ltr'><strong>ejus</strong></span> <span class='ocrx_word' id='word_1_215' title='bbox 212 3325 376 3410; x_wconf 81' lang='lat' dir='ltr'><strong>accepite</strong></span> <span class='ocrx_word' id='word_1_216' title='bbox 393 3345 443 3391; x_wconf 91' lang='lat' dir='ltr'><strong>mc</strong></span> <span class='ocrx_word' id='word_1_217' title='bbox 460 3325 579 3392; x_wconf 77' lang='lat' dir='ltr'><strong>dimum</strong></span> <span class='ocrx_word' id='word_1_218' title='bbox 596 3327 744 3412; x_wconf 88' lang='lat' dir='ltr'><strong>pretinm,</strong></span> <span class='ocrx_word' id='word_1_219' title='bbox 761 3333 793 3392; x_wconf 90' lang='lat' dir='ltr'><strong>et</strong></span> <span class='ocrx_word' id='word_1_220' title='bbox 807 3327 932 3392; x_wconf 83' lang='lat' dir='ltr'><strong>firmam</strong></span> <span class='ocrx_word' id='word_1_221' title='bbox 948 3325 1187 3409; x_wconf 86' lang='lat' dir='ltr'><strong>quietationcm.</strong></span> 
     </span>
    </p>

    <p class='ocr_par' dir='ltr' id='par_1_8' title="bbox 117 3433 1251 3930">
     <span class='ocr_line' id='line_1_29' title="bbox 231 3433 1250 3520; baseline 0.001 -22"><span class='ocrx_word' id='word_1_222' title='bbox 231 3434 312 3498; x_wconf 91' lang='lat' dir='ltr'><strong>ltcrn</strong></span> <span class='ocrx_word' id='word_1_223' title='bbox 338 3433 401 3498; x_wconf 90' lang='lat' dir='ltr'><strong>emi</strong></span> <span class='ocrx_word' id='word_1_224' title='bbox 426 3439 554 3519; x_wconf 85' lang='lat' dir='ltr'><strong>portum</strong></span> <span class='ocrx_word' id='word_1_225' title='bbox 579 3435 671 3500; x_wconf 92' lang='lat' dir='ltr'><strong>illum</strong></span> <span class='ocrx_word' id='word_1_226' title='bbox 696 3439 771 3520; x_wconf 90' lang='lat' dir='ltr'><strong>post</strong></span> <span class='ocrx_word' id='word_1_227' title='bbox 795 3434 975 3501; x_wconf 86' lang='lat' dir='ltr'><strong>Ecclesiam</strong></span> <span class='ocrx_word' id='word_1_228' title='bbox 995 3440 1108 3500; x_wconf 88' lang='lat' dir='ltr'><strong>contra</strong></span> <span class='ocrx_word' id='word_1_229' title='bbox 1123 3439 1250 3518; x_wconf 77' lang='lat' dir='ltr'><strong>portant</strong></span> 
     </span>
     <span class='ocr_line' id='line_1_30' title="bbox 121 3541 1251 3629; baseline 0.001 -22"><span class='ocrx_word' id='word_1_230' title='bbox 121 3541 259 3608; x_wconf 83' lang='lat' dir='ltr'><strong>&#39;l&#39;hcatri</strong></span> <span class='ocrx_word' id='word_1_231' title='bbox 275 3561 296 3608; x_wconf 88' lang='lat' dir='ltr'><strong>a</strong></span> <span class='ocrx_word' id='word_1_232' title='bbox 311 3542 394 3608; x_wconf 88' lang='lat' dir='ltr'><strong>mari</strong></span> <span class='ocrx_word' id='word_1_233' title='bbox 409 3561 511 3627; x_wconf 84' lang='lat' dir='ltr'><strong>nsque</strong></span> <span class='ocrx_word' id='word_1_234' title='bbox 526 3543 569 3608; x_wconf 86' lang='lat' dir='ltr'><strong>ad</strong></span> <span class='ocrx_word' id='word_1_235' title='bbox 584 3543 671 3609; x_wconf 84' lang='lat' dir='ltr'><strong>riam</strong></span> <span class='ocrx_word' id='word_1_236' title='bbox 686 3543 851 3629; x_wconf 86' lang='lat' dir='ltr'><strong>publicam</strong></span> <span class='ocrx_word' id='word_1_237' title='bbox 865 3542 986 3610; x_wconf 87' lang='lat' dir='ltr'><strong>terreni</strong></span> <span class='ocrx_word' id='word_1_238' title='bbox 1008 3541 1168 3627; x_wconf 79' lang='lat' dir='ltr'><strong>Prodaui,</strong></span> <span class='ocrx_word' id='word_1_239' title='bbox 1194 3542 1251 3608; x_wconf 91' lang='lat' dir='ltr'><strong>ubi</strong></span> 
     </span>
     <span class='ocr_line' id='line_1_31' title="bbox 118 3650 1248 3734; baseline 0.002 -20"><span class='ocrx_word' id='word_1_240' title='bbox 118 3656 170 3714; x_wconf 86' lang='lat' dir='ltr'><strong>est</strong></span> <span class='ocrx_word' id='word_1_241' title='bbox 196 3668 307 3715; x_wconf 91' lang='lat' dir='ltr'><strong>murus</strong></span> <span class='ocrx_word' id='word_1_242' title='bbox 323 3650 356 3714; x_wconf 93' lang='lat' dir='ltr'><strong>iu</strong></span> <span class='ocrx_word' id='word_1_243' title='bbox 373 3651 478 3716; x_wconf 88' lang='lat' dir='ltr'><strong>medio</strong></span> <span class='ocrx_word' id='word_1_244' title='bbox 504 3657 650 3720; x_wconf 83' lang='lat' dir='ltr'><strong>vetustus</strong></span> <span class='ocrx_word' id='word_1_245' title='bbox 675 3650 761 3716; x_wconf 84' lang='lat' dir='ltr'><strong>iufra</strong></span> <span class='ocrx_word' id='word_1_246' title='bbox 783 3656 946 3717; x_wconf 84' lang='lat' dir='ltr'><strong>terrenum</strong></span> <span class='ocrx_word' id='word_1_247' title='bbox 971 3651 1051 3734; x_wconf 85' lang='lat' dir='ltr'><strong>ejus,</strong></span> <span class='ocrx_word' id='word_1_248' title='bbox 1077 3655 1109 3715; x_wconf 91' lang='lat' dir='ltr'><strong>et</strong></span> <span class='ocrx_word' id='word_1_249' title='bbox 1132 3669 1248 3733; x_wconf 90' lang='lat' dir='ltr'><strong>meum,</strong></span> 
     </span>
     <span class='ocr_line' id='line_1_32' title="bbox 118 3756 1248 3842; baseline 0.003 -22"><span class='ocrx_word' id='word_1_250' title='bbox 118 3756 208 3838; x_wconf 90' lang='lat' dir='ltr'><strong>quod</strong></span> <span class='ocrx_word' id='word_1_251' title='bbox 223 3756 288 3822; x_wconf 88' lang='lat' dir='ltr'><strong>emi</strong></span> <span class='ocrx_word' id='word_1_252' title='bbox 304 3775 325 3821; x_wconf 90' lang='lat' dir='ltr'><strong>a</strong></span> <span class='ocrx_word' id='word_1_253' title='bbox 340 3757 427 3823; x_wconf 93' lang='lat' dir='ltr'><strong>dicto</strong></span> <span class='ocrx_word' id='word_1_254' title='bbox 451 3757 601 3825; x_wconf 90' lang='lat' dir='ltr'><strong>Prodano</strong></span> <span class='ocrx_word' id='word_1_255' title='bbox 627 3757 771 3824; x_wconf 87' lang='lat' dir='ltr'><strong>denariis</strong></span> <span class='ocrx_word' id='word_1_256' title='bbox 786 3758 912 3824; x_wconf 84' lang='lat' dir='ltr'>XXXV</span> <span class='ocrx_word' id='word_1_257' title='bbox 927 3759 1012 3842; x_wconf 83' lang='lat' dir='ltr'><strong>volo,</strong></span> <span class='ocrx_word' id='word_1_258' title='bbox 1029 3762 1064 3824; x_wconf 90' lang='grc' dir='ltr'><strong>ιιι</strong></span> <span class='ocrx_word' id='word_1_259' title='bbox 1079 3757 1170 3824; x_wconf 88' lang='lat' dir='ltr'><strong>sitin</strong></span> <span class='ocrx_word' id='word_1_260' title='bbox 1186 3759 1248 3825; x_wconf 89' lang='lat' dir='ltr'><strong>hac</strong></span> 
     </span>
     <span class='ocr_line' id='line_1_33' title="bbox 117 3862 280 3930; baseline 0 -2"><span class='ocrx_word' id='word_1_261' title='bbox 117 3862 280 3930; x_wconf 86' lang='lat' dir='ltr'><strong>Ecclesia.</strong></span> 
     </span>
    </p>

    <p class='ocr_par' dir='ltr' id='par_1_9' title="bbox 115 3969 1247 4161">
     <span class='ocr_line' id='line_1_34' title="bbox 226 3969 1247 4058; baseline 0 -22"><span class='ocrx_word' id='word_1_262' title='bbox 226 3969 301 4036; x_wconf 89' lang='lat' dir='ltr'><strong>Emi</strong></span> <span class='ocrx_word' id='word_1_263' title='bbox 324 3969 423 4036; x_wconf 87' lang='lat' dir='ltr'><strong>etiam</strong></span> <span class='ocrx_word' id='word_1_264' title='bbox 447 3977 610 4038; x_wconf 86' lang='lat' dir='ltr'><strong>terrenum</strong></span> <span class='ocrx_word' id='word_1_265' title='bbox 626 3991 648 4036; x_wconf 92' lang='lat' dir='ltr'><strong>a</strong></span> <span class='ocrx_word' id='word_1_266' title='bbox 663 3971 823 4056; x_wconf 89' lang='lat' dir='ltr'><strong>superiori</strong></span> <span class='ocrx_word' id='word_1_267' title='bbox 849 3976 943 4058; x_wconf 89' lang='lat' dir='ltr'><strong>parte</strong></span> <span class='ocrx_word' id='word_1_268' title='bbox 967 3991 1087 4038; x_wconf 91' lang='lat' dir='ltr'><strong>arenae</strong></span> <span class='ocrx_word' id='word_1_269' title='bbox 1112 3969 1247 4038; x_wconf 85' lang='lat' dir='ltr'><strong>wreteni</strong></span> 
     </span>
     <span class='ocr_line' id='line_1_35' title="bbox 115 4074 1246 4161; baseline 0.002 -21"><span class='ocrx_word' id='word_1_270' title='bbox 115 4074 211 4141; x_wconf 91' lang='lat' dir='ltr'><strong>nnius</strong></span> <span class='ocrx_word' id='word_1_271' title='bbox 229 4095 251 4140; x_wconf 89' lang='lat' dir='ltr'><strong>a</strong></span> <span class='ocrx_word' id='word_1_272' title='bbox 266 4075 353 4142; x_wconf 88' lang='lat' dir='ltr'><strong>dicto</strong></span> <span class='ocrx_word' id='word_1_273' title='bbox 377 4075 489 4141; x_wconf 89' lang='lat' dir='ltr'><strong>Sidica</strong></span> <span class='ocrx_word' id='word_1_274' title='bbox 514 4077 658 4143; x_wconf 87' lang='lat' dir='ltr'><strong>denariis</strong></span> <span class='ocrx_word' id='word_1_275' title='bbox 673 4077 723 4161; x_wconf 87' lang='lat' dir='ltr'><strong>X;</strong></span> <span class='ocrx_word' id='word_1_276' title='bbox 750 4077 824 4143; x_wconf 92' lang='lat' dir='ltr'><strong>volo</strong></span> <span class='ocrx_word' id='word_1_277' title='bbox 839 4081 874 4142; x_wconf 92' lang='lat' dir='ltr'><strong>nt</strong></span> <span class='ocrx_word' id='word_1_278' title='bbox 890 4077 932 4142; x_wconf 90' lang='lat' dir='ltr'><strong>sit</strong></span> <span class='ocrx_word' id='word_1_279' title='bbox 946 4076 1054 4143; x_wconf 88' lang='lat' dir='ltr'><strong>diotae</strong></span> <span class='ocrx_word' id='word_1_280' title='bbox 1069 4077 1246 4142; x_wconf 83' lang='lat' dir='ltr'><strong>Ecclesiae.</strong></span> 
     </span>
    </p>

    <p class='ocr_par' dir='ltr' id='par_1_10' title="bbox 114 4183 1244 4376">
     <span class='ocr_line' id='line_1_36' title="bbox 225 4183 1244 4268; baseline 0.003 -20"><span class='ocrx_word' id='word_1_281' title='bbox 225 4183 307 4248; x_wconf 92' lang='lat' dir='ltr'><strong>Item</strong></span> <span class='ocrx_word' id='word_1_282' title='bbox 325 4183 447 4249; x_wconf 88' lang='lat' dir='ltr'><strong>ibidem</strong></span> <span class='ocrx_word' id='word_1_283' title='bbox 472 4185 535 4250; x_wconf 91' lang='lat' dir='ltr'><strong>cmi</strong></span> <span class='ocrx_word' id='word_1_284' title='bbox 546 4186 643 4268; x_wconf 79' lang='lat' dir='ltr'><strong>Juxta</strong></span> <span class='ocrx_word' id='word_1_285' title='bbox 667 4183 748 4250; x_wconf 87' lang='lat' dir='ltr'><strong>illud</strong></span> <span class='ocrx_word' id='word_1_286' title='bbox 771 4190 934 4250; x_wconf 88' lang='lat' dir='ltr'><strong>terrenum</strong></span> <span class='ocrx_word' id='word_1_287' title='bbox 961 4183 1051 4249; x_wconf 89' lang='lat' dir='ltr'><strong>aliud</strong></span> <span class='ocrx_word' id='word_1_288' title='bbox 1067 4204 1087 4248; x_wconf 92' lang='lat' dir='ltr'><strong>a</strong></span> <span class='ocrx_word' id='word_1_289' title='bbox 1103 4184 1244 4267; x_wconf 83' lang='lat' dir='ltr'><strong>Trapico</strong></span> 
     </span>
     <span class='ocr_line' id='line_1_37' title="bbox 114 4289 964 4376; baseline 0.001 -21"><span class='ocrx_word' id='word_1_290' title='bbox 114 4289 261 4356; x_wconf 87' lang='lat' dir='ltr'><strong>denariis</strong></span> <span class='ocrx_word' id='word_1_291' title='bbox 277 4289 405 4375; x_wconf 88' lang='lat' dir='ltr'><strong>tribus;</strong></span> <span class='ocrx_word' id='word_1_292' title='bbox 422 4293 497 4358; x_wconf 84' lang='lat' dir='ltr'><strong>volo</strong></span> <span class='ocrx_word' id='word_1_293' title='bbox 514 4297 550 4356; x_wconf 92' lang='grc' dir='ltr'><strong>ιιι</strong></span> <span class='ocrx_word' id='word_1_294' title='bbox 565 4293 607 4358; x_wconf 86' lang='lat' dir='ltr'><strong>sit</strong></span> <span class='ocrx_word' id='word_1_295' title='bbox 623 4290 769 4376; x_wconf 87' lang='lat' dir='ltr'><strong>ejusdem</strong></span> <span class='ocrx_word' id='word_1_296' title='bbox 786 4291 964 4358; x_wconf 88' lang='lat' dir='ltr'><strong>Ecclesiae.</strong></span> 
     </span>
    </p>

    <p class='ocr_par' dir='ltr' id='par_1_11' title="bbox 109 4397 1243 4682">
     <span class='ocr_line' id='line_1_38' title="bbox 222 4397 1243 4482; baseline 0.002 -20"><span class='ocrx_word' id='word_1_297' title='bbox 222 4397 297 4462; x_wconf 87' lang='lat' dir='ltr'><strong>Emi</strong></span> <span class='ocrx_word' id='word_1_298' title='bbox 313 4417 442 4480; x_wconf 79' lang='lat' dir='ltr'><strong>quoquc</strong></span> <span class='ocrx_word' id='word_1_299' title='bbox 457 4398 548 4464; x_wconf 88' lang='lat' dir='ltr'><strong>aliud</strong></span> <span class='ocrx_word' id='word_1_300' title='bbox 572 4404 733 4464; x_wconf 90' lang='lat' dir='ltr'><strong>terrenum</strong></span> <span class='ocrx_word' id='word_1_301' title='bbox 749 4400 782 4464; x_wconf 91' lang='lat' dir='ltr'><strong>in</strong></span> <span class='ocrx_word' id='word_1_302' title='bbox 798 4401 904 4481; x_wconf 81' lang='lat' dir='ltr'><strong>rahe,</strong></span> <span class='ocrx_word' id='word_1_303' title='bbox 931 4419 1015 4482; x_wconf 85' lang='lat' dir='ltr'><strong>quae</strong></span> <span class='ocrx_word' id='word_1_304' title='bbox 1032 4397 1149 4463; x_wconf 88' lang='lat' dir='ltr'><strong>dicitnr</strong></span> <span class='ocrx_word' id='word_1_305' title='bbox 1174 4397 1243 4464; x_wconf 81' lang='lat' dir='ltr'><strong>Tri-</strong></span> 
     </span>
     <span class='ocr_line' id='line_1_39' title="bbox 112 4503 1242 4594; baseline 0.01 -25"><span class='ocrx_word' id='word_1_306' title='bbox 112 4503 183 4590; x_wconf 86' lang='lat' dir='ltr'><strong>bis,</strong></span> <span class='ocrx_word' id='word_1_307' title='bbox 209 4513 243 4571; x_wconf 89' lang='lat' dir='ltr'><strong>et</strong></span> <span class='ocrx_word' id='word_1_308' title='bbox 259 4526 281 4570; x_wconf 87' lang='lat' dir='ltr'><strong>a</strong></span> <span class='ocrx_word' id='word_1_309' title='bbox 294 4505 454 4572; x_wconf 86' lang='lat' dir='ltr'><strong>Michaele</strong></span> <span class='ocrx_word' id='word_1_310' title='bbox 471 4507 537 4574; x_wconf 88' lang='lat' dir='ltr'><strong>lilio</strong></span> <span class='ocrx_word' id='word_1_311' title='bbox 562 4507 716 4575; x_wconf 83' lang='lat' dir='ltr'><strong>Tribiscti</strong></span> <span class='ocrx_word' id='word_1_312' title='bbox 740 4509 883 4575; x_wconf 89' lang='lat' dir='ltr'><strong>denariis</strong></span> <span class='ocrx_word' id='word_1_313' title='bbox 899 4508 1034 4594; x_wconf 80' lang='lat' dir='ltr'><strong>viginti;</strong></span> <span class='ocrx_word' id='word_1_314' title='bbox 1060 4509 1134 4576; x_wconf 89' lang='lat' dir='ltr'><strong>volo</strong></span> <span class='ocrx_word' id='word_1_315' title='bbox 1150 4515 1184 4574; x_wconf 92' lang='grc' dir='ltr'><strong>ιιι</strong></span> <span class='ocrx_word' id='word_1_316' title='bbox 1199 4508 1242 4580; x_wconf 88' lang='lat' dir='ltr'><strong>sit</strong></span> 
     </span>
     <span class='ocr_line' id='line_1_40' title="bbox 109 4613 425 4682; baseline 0.006 -2"><span class='ocrx_word' id='word_1_317' title='bbox 109 4615 143 4680; x_wconf 91' lang='lat' dir='ltr'><strong>iu</strong></span> <span class='ocrx_word' id='word_1_318' title='bbox 159 4614 250 4680; x_wconf 88' lang='lat' dir='ltr'><strong>dicta</strong></span> <span class='ocrx_word' id='word_1_319' title='bbox 265 4613 425 4682; x_wconf 78' lang='lat' dir='ltr'><strong>Ecclesia</strong></span> 
     </span>
    </p>
   </div>
   <div class='ocr_carea' id='block_1_3' title="bbox 0 0 1638 5194">
    <p class='ocr_par' dir='ltr' id='par_1_12' title="bbox 0 0 1638 5194">
     <span class='ocr_line' id='line_1_41' title="bbox 0 0 1638 5194; baseline 0 10"><span class='ocrx_word' id='word_1_320' title='bbox 0 0 1638 5194; x_wconf 95' lang='lat' dir='ltr'><strong> </strong></span> 
     </span>
    </p>
   </div>
  </div>
 </body>
</html>
