3200 5182
643 893 722 966 aar.
811 977 817 989 ¹

190 1073 232 1138 11.
247 1074 356 1140 nadre
370 1075 543 1164 kirdlpouk
557 1075 709 1144 reudolata
723 1101 763 1144 oz
777 1079 923 1146 atmissoa'
938 1075 1069 1143 koldzoit
1084 1075 1170 1144 ellam

576 1189 664 1252 1222
684 1187 787 1254 aaut.

226 1375 375 1442 Andreas
390 1378 459 1444 Rau
475 1376 640 1462 Hungarie
654 1379 802 1448 Maidueo
818 1379 902 1448 Duci
918 1381 1144 1468 Kaobetorum‚
1169 1383 1240 1452 toti-

118 1503 184 1568 que
202 1503 283 1552 suae
300 1484 486 1570 cognationi
503 1521 758 1536 -----
770 1488 875 1574 Jubet,
891 1487 977 1574 quod
993 1491 1192 1558 alatrooiuiis
1208 1493 1241 1558 in

117 1593 237 1662 insulis
255 1594 381 1661 duabus
396 1594 569 1663 maritimis
585 1603 617 1664 et
631 1597 831 1665 Zemouniza
846 1619 882 1665 se
897 1599 1091 1683 abstineant,
1115 1600 1239 1687 piratas

118 1709 153 1768 ot
168 1701 342 1770 Patarinos
356 1702 506 1790 ejiciant3
523 1703 618 1772 aliter
633 1725 705 1772 enm
721 1707 835 1774 robore
844 1707 959 1795 Regni,
975 1716 1008 1777 ot
1023 1708 1100 1778 tiliis
1116 1708 1240 1776 duobus

118 1809 232 1898 B(ela)
248 1817 282 1878 et
296 1810 501 1901 solomano)
517 1813 551 1880 in
566 1834 706 1902 persona
722 1815 908 1902 castigabit.

130 2010 154 2062 Δ
168 2011 284 2078 spalatoi
294 2009 424 2080 ktptalan
434 2009 610 2068 ravslttrtbtl
622 2015 729 2068 Farlati
737 2015 876 2084 Illyricum
885 2017 996 2071 Sacrum
1006 2017 1058 2070 111.
1070 2019 1126 2070 not
1140 2017 1202 2071 219.
1211 2017 1241 2084 i.)

555 2303 812 2320 -ι--υ--μ--ι-μ

124 2955 152 3021 Α
169 2955 268 3024 bodoi
284 2958 438 3049 Mptalau
454 2960 715 3050 biaoopadptsoels
725 2961 823 3028 Haece
838 2957 960 3048 botpetp
974 2959 1238 3050 butory'droactrol.

635 3071 733 3138 1222.

228 3265 296 3334 Nos
313 3265 499 3354 Capitulum
514 3267 659 3336 Ecclesia
675 3267 834 3336 Budensis
860 3267 1013 3334 memorie
1039 3266 1242 3335 commenda·

124 3391 196 3441 mus
212 3378 323 3441 tenore
338 3375 540 3460 presencium
556 3377 777 3462 significantes
793 3375 908 3462 quibus
924 3375 1056 3463 expedit
1070 3373 1242 3442 uniuersis.

124 3481 221 3560 Quod
238 3501 297 3550 nos
313 3503 438 3551 summa
453 3483 641 3551 reueranoia
655 3483 794 3570 receptis
810 3481 927 3550 litteris
944 3481 1138 3550 annualibus
1153 3482 1242 3549 Sore-

124 3589 251 3657 nissimi
275 3591 397 3658 domiui
423 3590 525 3659 nostri
560 3591 721 3658 metuendi
746 3591 886 3676 Anime,
910 3592 973 3659 Dei
1008 3589 1119 3677 gracia
1143 3589 1243 3674 Regis

123 3697 291 3783 Hungarie
307 3708 367 3766 eto.
385 3721 444 3788 pro
469 3709 561 3788 parte
577 3701 610 3767 in
626 3701 752 3770 Christo
779 3703 881 3788 patris
897 3703 983 3788 Vrie,
1005 3699 1142 3769 Abbatis
1159 3702 1244 3769 clau-

122 3805 182 3872 stri
197 3806 290 3872 Beati
308 3807 442 3875 Martini
468 3809 507 3876 de
523 3810 631 3878 Monte
655 3811 832 3900 Pannonio,
858 3809 1011 3879 confectis
1023 3861 1032 3895 ‚
1058 3809 1244 3894 eisdemque

123 3933 183 4002 per
198 3913 305 4002 ipsam
321 3917 459 4003 Regiam
475 3917 688 3986 serenitatem
703 3939 761 4006 per
776 3919 852 3986 anni
868 3919 1022 3985 circulum
1040 3938 1129 3987 more
1147 3917 1244 3986 solito
1273 3999 1277 4006 1

123 4021 166 4088 ad
180 4022 413 4110 inquisitionis,
432 4025 645 4111 enooaoionis,
662 4033 883 4111 metammque
907 4025 1122 4112 possessionis
1139 4025 1245 4092 Haase

123 4131 159 4197 in
177 4131 341 4200 comitatu
357 4131 521 4200 Jaurieusi
548 4132 659 4202 habite
669 4187 677 4220 ,
705 4143 926 4202 commetauea
942 4153 1014 4200 eum
1037 4133 1245 4221 possessione

124 4239 157 4306 S.
175 4239 250 4308 (iuri
266 4250 298 4310 et
313 4243 488 4329 Vrtegang
511 4243 606 4311 aliter
622 4243 655 4310 S.
672 4245 770 4328 Inan,
797 4251 829 4311 et
844 4241 1051 4330 possessione
1066 4243 1197 4310 Merena
1213 4250 1246 4308 et

125 4347 158 4414 S.
176 4348 311 4435 biihaly,
329 4351 418 4437 apud
435 4371 548 4418 manns
563 4351 664 4440 ipsius
680 4352 815 4439 pacifice
839 4349 950 4418 habite
965 4349 1245 4434 reambulaoionis‚

125 4475 165 4524 ae
180 4455 343 4525 adomnia
353 4458 430 4544 alia,
447 4479 509 4544 que
521 4461 643 4528 talibus
658 4461 692 4527 in
708 4457 913 4548 processibus
928 4459 1020 4526 iuxta
1029 4456 1132 4542 Regni
1141 4455 1244 4542 ipsius

125 4565 390 4635 cousuetudinem
405 4567 475 4634 fieri
491 4574 735 4653 consueuerant,
751 4567 930 4655 peragendi
945 4566 1115 4651 concessis,
1139 4563 1244 4632 nobis·

127 4691 191 4760 que
216 4675 418 4764 preceptorie
441 4675 660 4767 transmissis;
692 4677 783 4754 iuxta
808 4676 982 4754 eamndem
1008 4673 1244 4752 continenciam
