3200 5182
843 347 1000 445 ,2³⁹2-

356 551 418 624 tus,
445 549 480 608 ut
496 542 600 608 sacris
616 540 861 628 precationibus
886 539 1048 606 initiarem
1065 541 1202 625 primum
1226 540 1370 628 lapidem
1387 543 1479 608 subii-

354 648 505 718 ciendum
538 647 759 717 fundamentis
786 649 944 715 ecclesiae
970 649 1079 716 Sancti
1104 649 1234 717 Nicolai
1260 649 1300 717 de
1325 647 1479 732 Sananda,

354 777 451 843 quam
467 759 500 825 in
516 759 672 826 honorem
697 757 843 825 eiusdem
859 755 935 823 Divi
951 775 1028 823 aere
1044 776 1103 824 suc
1120 755 1296 824 aedificare
1313 757 1481 826 constitne-

355 873 405 933 rat
420 869 529 935 Racca
555 867 636 933 civis
653 865 780 953 Spalati
798 883 870 932 curn
887 865 1078 933 Elisabetha
1094 865 1164 932 eius
1182 866 1339 952 coniuge,
1361 867 1404 932 ab
1418 865 1481 932 illis

356 979 564 1061 percontatus
581 994 661 1058 snm,
680 973 807 1057 quidet
824 974 1029 1058 quantumin
1047 972 1154 1039 dotem
1165 979 1264 1058 atque
1280 973 1481 1040 administra-

354 1085 475 1150 tionem
491 1081 635 1150 eiusdem
652 1082 811 1148 ecclesiae
825 1081 1029 1149 contribuere
1039 1081 1170 1148 vellent.
1189 1082 1335 1166 Uterque
1353 1099 1482 1168 respon·

355 1190 401 1256 dit
414 1189 524 1274 palam
538 1193 715 1272 aperteque
732 1207 842 1255 eoram
869 1187 996 1252 clericis
1013 1193 1044 1252 et
1060 1187 1154 1253 laicis
1178 1187 1347 1270 utriusque
1374 1207 1480 1270 sexus,

353 1296 408 1380 qni
424 1315 505 1362 sane
521 1294 774 1380 frequentissimi
785 1299 1011 1374 convenerant,
1028 1293 1090 1360 sibi
1108 1294 1142 1358 in
1153 1294 1261 1359 animo
1272 1313 1356 1378 esse,
1375 1295 1478 1362 locum

352 1405 452 1487 illum,
478 1410 511 1469 et
527 1401 684 1486 quidquid
699 1402 772 1484 agri
788 1399 877 1466 circa
893 1405 984 1482 crat,
1012 1399 1129 1466 offerre
1144 1421 1183 1466 ac
1198 1401 1329 1467 tradere
1353 1423 1414 1487 pro
1430 1423 1480 1468 ex-

353 1511 498 1599 piatione
514 1511 642 1576 animae
658 1529 738 1576 suae
754 1517 786 1575 et
801 1529 933 1575 suorum
958 1516 1128 1596 parentum
1147 1510 1295 1578 Deodatc
1312 1511 1436 1576 Abbati
1450 1519 1481 1576 et

353 1619 520 1688 monachis
536 1618 648 1686 Sancti
665 1618 834 1704 Stephani.
851 1619 1025 1684 Praeterea
1041 1619 1084 1683 ad
1101 1619 1284 1684 Ecclesiam
1305 1619 1480 1684 dolandam

353 1727 565 1812 assignabant
581 1733 684 1792 terras
708 1745 818 1792 omnes
835 1725 1027 1810 frugiferas,
1056 1747 1137 1809 quas
1154 1726 1202 1790 illi
1217 1727 1435 1811 possidebant
1449 1728 1479 1792 in

354 1837 529 1918 Maman0;
548 1833 664 1918 quibus
675 1833 805 1917 quidem
815 1833 1002 1901 excolendis
1019 1835 1099 1900 satis
1116 1853 1188 1900 esse
1199 1835 1332 1901 aiebant
1342 1843 1480 1920 quatuor

354 1945 474 2027 boves,
502 1963 584 2026 quos
602 1943 678 2008 item
704 1961 776 2007 cum
803 1961 903 2027 grege
920 1941 1130 2009 ducentarum
1155 1943 1283 2028 ovium,
1310 1964 1351 2009 ac
1368 1944 1479 2010 decern

354 2051 489 2138 apiariis
506 2051 611 2118 eidem
623 2051 792 2118 Ecclesiae
809 2051 994 2135 donabant;
1012 2059 1044 2115 et
1060 2049 1355 2118 decrevissectiam
1372 2053 1479 2118 cister·

351 2179 426 2225 nom
442 2158 563 2225 ibidem
579 2157 700 2240 fodere,
728 2158 813 2223 unde
830 2157 873 2223 ad
889 2177 968 2224 usus
984 2159 1189 2225 necessarios
1205 2179 1309 2242 aquae
1326 2159 1416 2243 quod
1432 2179 1478 2225 sa·

350 2267 392 2332 tis
403 2273 500 2348 esset,
516 2271 714 2349 suppeteret.
732 2263 825 2343 Quae
841 2263 952 2332 omnia
967 2284 1003 2332 se
1019 2264 1163 2332 facturos
1176 2265 1313 2352 polliciti
1331 2274 1410 2333 sunt
1422 2268 1477 2333 snb

355 2393 395 2439 ea
412 2371 617 2454 conditione,
644 2376 679 2435 ut
695 2371 844 2437 monachi
859 2379 924 2439 tres
940 2373 1073 2440 clericos
1084 2423 1093 2456 ,
1119 2381 1177 2439 aut
1202 2373 1371 2440 minimum
1399 2374 1478 2440 duos

351 2478 596 2562 constituerent,
623 2478 678 2563 qui
694 2487 850 2565 perpetuo
867 2479 971 2546 eidem
988 2481 1147 2547 ecclesiae
1171 2479 1310 2546 tuendae
1327 2487 1362 2547 et
1378 2489 1478 2574 custo3

352 2585 492 2655 diendae
508 2595 717 2672 praeessent,
744 2585 904 2673 simulque
920 2589 1048 2654 Divinis
1068 2587 1230 2674 mysteriis
1255 2587 1381 2657 ibidem
1406 2609 1478 2676 ope·

350 2713 418 2762 ram
433 2693 558 2761 darent.
585 2695 644 2762 His
660 2694 798 2782 auditis,
816 2695 993 2782 implorata
1008 2696 1147 2781 Spiritus
1166 2697 1276 2764 Sancti
1298 2699 1421 2782 gratia,
1437 2696 1476 2764 ad

349 2803 410 2870 Dei
426 2802 584 2889 gloriam,
611 2810 643 2869 et
659 2803 813 2871 honorem
830 2803 942 2870 Sancti
958 2803 1087 2870 Nicolai
1113 2803 1256 2889 lapidem
1286 2805 1349 2870 rite
1370 2825 1477 2871 conse-

349 2911 455 2994 cravi,
484 2919 516 2977 et
532 2913 627 2978 statis
652 2912 837 2979 cerimoniis
862 2910 1018 2978 adhibitis
1034 2913 1066 2978 in
1094 2911 1286 2997 profundum
1310 2913 1420 2979 locum
1436 2911 1476 2978 ad

347 3018 562 3087 substruenda
587 3019 797 3088 fundamenta
824 3018 942 3084 dimisi.
973 3020 1089 3086 Testes
1116 3019 1244 3088 fuerunt
1269 3021 1423 3087 Andreas
1446 3027 1476 3084 et

349 3133 463 3196 Petrus
480 3131 648 3198 diaconus.

348 3329 472 3394 (Parieti,
489 3325 629 3394 Illyricum
642 3322 754 3378 Sacrum
767 3324 814 3378 IV.
833 3325 889 3378 kur„
905 3325 966 3377 336.
981 3325 998 3376 l.
1018 3321 1092 3378 ortt
1110 3327 1221 3390 annuis,
1241 3327 1313 3395 hogy
1327 3343 1345 3378 a
1359 3329 1472 3396 spalatoi

347 3417 435 3468 drselri
457 3413 521 3466 sack
534 3417 568 3466 itt
580 3414 772 3467 ltresedettnelr
795 3413 943 3479 mendatilr,
966 3415 1051 3467 holott
1064 3412 1122 3467 mds
1141 3413 1355 3483 olrmfnyokbau
1368 3417 1474 3468 Slariao

347 3507 415 3556 mint
429 3503 557 3568 „Electus
569 3503 796 3569 acchiepiscopus
810 3503 994 3570 Spelatensis“
1016 3503 1170 3569 emlfttetik,
1194 3506 1300 3558 Farlati
1313 3507 1409 3558 abban
1430 3506 1475 3556 lm-

347 3594 408 3656 resi‚
427 3593 498 3656 hogy
512 3590 597 3642 solran
609 3591 698 3652 enneli
711 3589 877 3644 vflasstfaft
898 3590 1096 3661 tbrrdnyesnelr
1113 3596 1137 3646 el
1150 3611 1209 3646 nem
1224 3593 1361 3648 ismertdlr.
1383 3597 1423 3648 ld.
1438 3611 1474 3646 m·

789 3684 1028 3752 mmmm

780 3967 1039 3984 ’Ἤ
