3238 5184
837 295 841 300 .
866 321 1011 420 *Q

371 515 464 582 stioie
481 514 714 599 plenitudinem
739 515 780 581 de
796 514 917 584 eisdem
930 515 1162 599 jobagionibus
1177 523 1210 584 et
1233 517 1361 603 populis
1376 515 1500 582 iacere-

371 641 453 688 mns.
480 621 761 690 Commoranlibus
787 631 894 690 autem
913 624 1006 692 nobis
1031 625 1074 690 ad
1098 625 1331 692 Monasterinm
1354 625 1499 692 nomina-

372 739 449 814 tum,
467 739 500 798 ct
516 730 626 796 multis
652 730 726 798 aliis
742 730 979 815 lobagionibus
996 739 1029 798 et
1045 731 1253 816 Magnetibus
1269 734 1374 816 Regni
1391 735 1499 818 Vnga·

370 837 417 904 rie
433 835 656 922 existentibus,
681 837 839 923 sepedicti
851 839 1049 923 jobagiones
1066 841 1255 908 Menanterii
1281 840 1392 908 Sancti
1416 843 1500 907 ldar-

372 947 440 1032 tini,
457 953 688 1032 cognoscentes
700 967 737 1014 se
754 967 826 1014 reos
837 967 919 1032 esse,
938 949 1130 1034 culpabiles,
1148 956 1245 1035 atque
1260 949 1500 1036 condempnan-

371 1056 440 1138 dos,
468 1061 621 1141 oeperunt
635 1055 787 1140 flagitare
803 1056 846 1122 ab
862 1055 991 1122 Abbate
1014 1064 1047 1122 et
1063 1057 1216 1124 iratribus
1233 1057 1425 1124 beneficium
1442 1055 1500 1121 ab

369 1161 546 1230 solucionis
573 1169 738 1246 tamquam
760 1163 1037 1230 excommunicati.
1063 1162 1126 1241 uui
1143 1162 1237 1232 nudis
1254 1162 1395 1249 pedibus
1411 1163 1500 1230 veni·

368 1279 459 1338 entes
475 1270 519 1337 ad
534 1271 791 1355 genuaAbbatis
808 1281 841 1338 et
853 1271 997 1349 fratrum,
1008 1289 1123 1337 munus
1142 1271 1362 1338 absolucionis
1371 1291 1498 1357 prome·

370 1384 512 1444 merunt.
541 1378 606 1444 Sed
623 1379 700 1462 quia
715 1379 797 1446 false
823 1387 856 1446 et
871 1379 1031 1446 immerito
1048 1387 1284 1447 amusauerant
1303 1385 1335 1446 et
1350 1379 1501 1446 diffama-

369 1492 483 1553 nerant
497 1485 646 1554 dominos
663 1505 749 1570 suos,
770 1493 803 1552 et
818 1488 851 1554 in
868 1486 977 1554 multis
993 1493 1203 1554 excesserant
1218 1494 1333 1554 contra
1353 1487 1500 1570 eosdem,

367 1601 401 1662 et
415 1593 447 1659 in
463 1612 582 1679 penam
599 1600 727 1661 centum
743 1613 925 1662 marcarum
940 1592 1132 1680 inciderant,
1160 1599 1197 1660 nt
1212 1614 1321 1663 coram
1338 1615 1391 1662 ure
1411 1614 1500 1664 reeo-

366 1709 549 1787 gnouernnt
563 1708 643 1770 tune
660 1702 780 1770 ibidem
793 1728 801 1787 ;
819 1704 933 1770 Abbas
949 1709 982 1769 et
996 1702 1115 1770 iratres
1131 1703 1237 1789 ipsam
1249 1723 1368 1790 penam
1382 1703 1427 1771 ad
1441 1726 1500 1772 no·

366 1817 466 1876 stram
494 1809 690 1896 peticionem
706 1817 739 1876 et
755 1809 799 1876 ad
824 1829 936 1896 preces
957 1809 1130 1878 eorundem
1158 1811 1240 1896 ipsis
1261 1811 1502 1896 jobsgiouibus

368 1918 619 1987 misericorditer
643 1918 859 1986 indulserunt.
884 1921 1029 2002 Tamen,
1056 1939 1097 1986 ne
1122 1927 1254 2004 propter
1279 1919 1438 1988 offensam
1467 1929 1502 1986 et

366 2031 491 2094 tantum
508 2025 661 2095 delictum
685 2024 863 2092 existerent
886 2025 1048 2110 impuniti,
1072 2024 1382 2111 condempnauimns
1406 2026 1502 2112 ipsos

366 2133 486 2200 iudicio
511 2133 669 2218 seculuri3
698 2133 838 2201 maiores
864 2131 990 2200 seilicet
1015 2140 1047 2199 et
1066 2132 1208 2200 minores
1233 2133 1293 2198 tali
1319 2133 1435 2201 modo:
1463 2143 1501 2200 nt

367 2241 505 2325 quilibet
520 2261 636 2308 eurum
659 2241 782 2308 iaceret
798 2240 830 2306 in
848 2260 979 2308 carcere
996 2240 1132 2308 Albensi
1148 2261 1206 2326 per
1230 2243 1392 2324 integrum
1411 2261 1500 2310 men-

367 2367 446 2432 sem,
464 2348 526 2416 nisi
543 2349 657 2416 Abbas
674 2359 706 2414 ct
721 2349 838 2416 fratres
855 2347 956 2414 velint
967 2349 1014 2414 eis
1030 2366 1175 2433 parcere,
1195 2356 1231 2414 ut
1246 2347 1321 2433 ipsa
1335 2365 1425 2432 pena
1440 2347 1497 2414 mi-

365 2461 504 2537 nuatur,
531 2461 656 2522 ceteros
680 2460 791 2522 antem
817 2456 966 2540 populos,
994 2453 1071 2540 qnia
1094 2456 1127 2520 in
1150 2454 1318 2522 soluendis
1335 2453 1361 2519 C
1377 2454 1499 2520 marcis

365 2561 464 2629 ualde
479 2563 667 2646 granandos
693 2564 926 2649 intelleximus,
952 2562 1107 2650 peeiimus
1124 2563 1166 2628 ab
1183 2557 1314 2628 Abbate
1341 2567 1374 2628 et
1392 2559 1498 2628 fratri·

368 2671 440 2756 bus,
457 2677 492 2738 nt
507 2671 568 2740 hoo
583 2671 737 2740 iudicium
754 2680 786 2738 et
802 2692 982 2757 granamen
1005 2672 1087 2758 ipsis
1103 2671 1234 2757 populis
1251 2677 1384 2757 propter
1402 2669 1499 2737 mise·

366 2779 540 2848 ricordiam
556 2780 637 2848 Jeeu
653 2780 774 2848 Obristi
790 2783 1005 2867 indulgerent.
1023 2779 1086 2857 Qui
1097 2779 1217 2847 nostris
1238 2778 1390 2864 precibus
1406 2777 1497 2844 inoli-

367 2887 445 2971 nati,
471 2895 503 2954 et
519 2889 712 2956 reducentes
733 2891 890 2974 scriptum
906 2889 949 2956 ad
973 2888 1163 2956 memoriam
1182 2885 1359 2971 ,judicium
1384 2905 1495 2971 super·

366 2997 490 3064 exaltet
512 2998 767 3081 misericor·dia“;
786 2999 882 3082 plene
898 2997 980 3082 ipsis
1002 2995 1214 3062 indulserunt.
1241 2997 1365 3060 Tamen
1380 3013 1422 3060 ne
1438 3014 1498 3080 pro

366 3103 465 3170 tantis
481 3103 607 3171 iniuriis
624 3111 658 3172 et
683 3104 834 3191 dampnis
861 3104 1034 3170 incrueiati
1051 3107 1276 3180 remanerent,
1302 3101 1498 3184 quibusdam

367 3230 407 3276 ex
424 3210 505 3297 ipsis
521 3212 637 3278 abradi
649 3211 756 3278 crines
773 3211 900 3278 dimidii
912 3211 1030 3298 capitis
1048 3229 1168 3292 eornm,
1186 3218 1218 3276 et
1234 3209 1375 3275 circuire
1390 3209 1497 3276 locum

369 3318 504 3385 foralem
531 3317 698 3402 (iuss'mua
711 3317 742 3405 l)
763 3321 798 3388 in
814 3319 1035 3386 testimonium
1051 3319 1177 3402 talium,
1196 3318 1251 3402 qni
1271 3318 1443 3400 insurgunt
1467 3323 1498 3382 et

368 3431 472 3508 agunt
487 3434 601 3495 contra
618 3427 765 3497 dominos
785 3449 878 3512 suos;
905 3429 941 3494 in
956 3428 1007 3494 bis
1024 3427 1173 3496 omnibus
1199 3427 1291 3494 salvo
1306 3423 1428 3494 iudicio
1444 3446 1498 3492 no

368 3539 436 3600 stro
450 3535 620 3603 existere.
637 3537 757 3603 Verum
774 3537 906 3621 quidam
920 3557 960 3602 ex
977 3535 1058 3621 ipsis
1069 3535 1307 3620 jobagionibns
1324 3533 1497 3602 videlicet:

367 3640 542 3726 lbroohim,
567 3642 772 3725 Ambrosius,
797 3643 950 3708 Moechus
966 3641 1158 3708 tenebantur
1185 3660 1285 3726 super
1300 3640 1495 3724 quibusdam

355 3745 513 3823 nenocilc
528 3747 662 3814 reddere
678 3751 851 3834 racionem,
869 3757 901 3816 et
917 3771 981 3817 non
992 3748 1212 3834 reddiderant,
1229 3748 1352 3814 Abbati
1369 3748 1494 3816 scilicet

368 3862 401 3923 et
417 3855 573 3922 tratribus
590 3879 596 3920 :
622 3857 684 3924 boc
699 3857 780 3942 ipsis
796 3859 925 3924 salvum
938 3861 1008 3941 est,
1034 3862 1067 3922 et
1077 3857 1237 3941 jussimus
1263 3875 1338 3923 esse
1353 3857 1492 3936 saluum,

366 3962 624 4049 quandocunque
651 3965 820 4032 noluerint.
853 3966 895 4032 Vt
919 3969 1027 4030 antem
1052 3964 1112 4030 bec
1140 3963 1262 4032 noenia
1292 3963 1492 4050 temporibus

365 4077 508 4140 tractata
522 4092 588 4138 non
604 4071 731 4156 possint
746 4071 856 4155 aliquo
873 4077 1018 4156 tempore
1034 4071 1214 4153 retraetari,
1238 4077 1423 4157 presentem
1439 4091 1494 4158 pa·

364 4179 476 4264 ginam
492 4179 594 4246 nostri
605 4179 707 4264 sigilli
724 4179 897 4245 munimine
907 4177 1044 4244 fecimus
1055 4177 1213 4245 roborari.
1235 4179 1357 4244 Datum
1369 4177 1403 4243 in
1414 4179 1494 4245 villa

362 4288 496 4373 Papuch
522 4309 607 4355 anno
624 4287 794 4353 Dominice
818 4285 1059 4354 Incamacionis
1085 4286 1131 4351 ll⁰
1142 4283 1208 4350 00⁰
1219 4285 1329 4353 XXX⁰
1338 4286 1428 4352 11110.
1452 4287 1493 4352 llt

362 4415 405 4462 ne
420 4393 538 4481 prelati
549 4395 746 4480 jobagiones
771 4400 804 4462 et
818 4394 931 4479 populi
948 4393 1094 4462 Ecclesie
1110 4393 1277 4479 sepedictc
1297 4399 1414 4462 eontra
1428 4395 1491 4479 pri·

365 4500 489 4585 uilegia
504 4501 581 4568 dicti
594 4503 799 4587 Monasterii,
826 4508 859 4568 et
875 4502 943 4570 alia
961 4502 1152 4588 supradicta
1176 4507 1244 4570 tam
1260 4501 1493 4572 venerabiliter

365 4606 525 4693 ordinata,
543 4608 616 4675 nllis
632 4629 775 4694 unquam
786 4610 1172 4698 temporibusprocedere
1184 4613 1328 4694 ualeant,
1345 4617 1404 4680 aut
1420 4629 1492 4678 eon·
