3200 5182
914 305 1025 405 suo¹

382 503 537 588 episcopo
553 502 731 586 existente;
750 501 923 569 Desiderio
939 499 1189 586 Obaneadiensi,
1207 501 1373 587 Stephano
1389 502 1503 584 Zagru-

383 608 498 694 biensi,
524 609 668 676 Ruberto
695 607 950 693 Wesprimiensi,
977 609 1104 674 'Pbome
1132 607 1294 692 Agriensi,
1321 605 1503 674 Alexandro

382 716 601 801 Wsradiensi,
618 716 846 784 Bartholomeo
863 715 1235 802 Quinque-Ecclesiensi,
1261 715 1389 782 Briocio
1405 713 1504 780 Wnci-

383 825 464 911 ensi,
482 833 515 894 et
539 825 615 910 aliJs
631 824 805 911 Episcopis
821 825 988 892 Ecclesiae
1005 825 1068 889 Dei
1084 823 1220 890 feliciter
1240 823 1504 907 gubernantibus.

383 935 460 1002 Jula
474 934 637 1018 Palatino,
654 941 687 1001 et
703 931 829 1001 Comite
844 933 1070 1017 budrugiensi,
1091 932 1228 1000 Nicolao
1244 930 1367 997 Curieli
1385 927 1505 996 comite

382 1043 509 1126 Regine
523 1049 556 1109 et
571 1040 695 1110 Comite
709 1042 934 1128 supruniensi,
952 1043 1126 1110 Salomone
1137 1043 1239 1124 Banu,
1255 1039 1371 1106 Batetz
1387 1037 1504 1105 Curiali

383 1148 509 1218 Oomite
525 1149 620 1216 Ourie
642 1155 751 1216 nostre
777 1157 810 1216 et
826 1147 951 1218 Gemite
976 1147 1177 1230 Bekesiensi,
1204 1147 1290 1212 Pous
1313 1145 1504 1226 Biboriensi,

382 1256 494 1323 Buzsd
509 1257 711 1340 Posoniensi,
738 1255 918 1323 Laurencio
935 1256 1142 1340 Vyuariensi,
1169 1261 1201 1319 et
1227 1253 1301 1337 alijs
1327 1251 1505 1318 (inmitibus

382 1363 563 1432 Comitatus
578 1363 773 1449 tenentibus,
790 1365 893 1448 Regni
917 1363 1019 1430 nostri
1036 1383 1121 1431 anno
1137 1363 1214 1430 XX?

381 1562 518 1630 (Ercdetic
529 1560 702 1630 bb'rhdrtydn,
723 1564 833 1630 melyrb'l
847 1579 863 1614 a
875 1561 967 1628 pecsdt
979 1560 1036 1613 mer
1049 1563 1186 1624 elvesxett,
1206 1577 1222 1612 a
1235 1561 1326 1612 lelesni
1338 1561 1458 1610 irenreut
1470 1559 1503 1608 le·

380 1652 547 1708 velttrdban.
566 1655 733 1720 Ugysnaaou
746 1651 919 1719 okrndnynsk
932 1669 984 1720 egy
997 1651 1094 1715 mdsik,
1110 1667 1194 1718 arsny
1207 1653 1293 1718 fdggb'
1305 1649 1435 1717 peesdttel
1447 1650 1501 1699 kia-

379 1745 438 1796 dott
455 1741 600 1811 peldbnydt
614 1743 691 1794 1845.
706 1742 777 1793 melu.
797 1742 883 1792 Fluoir
897 1741 1015 1804 Eduard,
1034 1743 1121 1792 akbor
1135 1758 1151 1792 a
1164 1741 1214 1791 kir.
1227 1741 1317 1806 itgyslr
1338 1738 1501 1806 aligsagatb·

375 1831 453 1900 jtntl
463 1833 566 1886 ldttam.
577 1829 690 1898 Ntbtuy
702 1829 830 1897 ldnyegos
839 1829 949 1884 bibdval
959 1831 1059 1883 isiadus
1069 1829 1150 1896 Fejdr
1159 1832 1269 1897 Gyttrgy
1279 1827 1346 1881 ditsl
1357 1829 1420 1880 cod.
1431 1828 1499 1892 Dipl.

786 1921 836 1972 111.
850 1923 905 1975 xus.
927 1924 949 1974 r.
961 1937 980 1974 r.
995 1923 1056 1972 402.
1069 1923 1098 1988 ι.)

811 2230 994 2238 -—-.-.---.b

901 2709 977 2778 265.

376 2896 589 2960 Komtauceiu
606 2901 672 2958 ereb
688 2893 844 2978 kirdlyod,
862 2891 924 2957 111.
940 2892 1022 2958 Bc'lo
1036 2913 1170 2980 mappas
1186 2892 1361 2977 kirdlpnak
1377 2892 1493 2978 lectayu,

442 3003 593 3066 Bizeucee
607 3003 735 3066 udrosdt
752 2999 991 3086 sebtbtepyeivet
1008 3000 1317 3086 mspodomdoyozau.
1334 3001 1430 3063 1223.

481 3195 702 3285 O(onstantiu)
719 3198 782 3264 Dei
799 3195 912 3280 gracia
935 3195 1063 3279 Regina
1079 3195 1295 3262 Bobemorum
1311 3201 1343 3260 et
1359 3195 1495 3261 Duoisss

374 3307 601 3390 Moravorum,
629 3313 739 3372 notum
756 3305 892 3370 iacimus
918 3304 1078 3371 uniuersis
1094 3310 1161 3370 tarn
1177 3303 1384 3388 presentibus
1402 3321 1494 3385 qnam

373 3412 500 3496 suturis,
526 3411 612 3494 quod
636 3413 782 3478 volentes
808 3411 897 3477 ciues
922 3417 1050 3478 nostros
1077 3411 1213 3479 dilectos
1239 3409 1280 3476 de
1302 3409 1440 3493 Bysinze
1464 3411 1495 3474 in

372 3519 545 3584 Prouineia
561 3518 810 3603 Brecislauensi,
836 3539 933 3603 qnam
949 3520 1156 3586 auarissimo
1182 3519 1297 3585 marito
1314 3523 1426 3586 nostro
1444 3539 1495 3602 gn·

372 3625 573 3690 bernandum
589 3628 785 3712 accepimus,
803 3647 877 3694 cum
893 3629 1043 3696 omnibus
1070 3629 1137 3694 suis
1153 3627 1364 3714 pertinencijs
1382 3633 1414 3692 et
1430 3628 1495 3693 red·

372 3733 505 3818 ditibus,
530 3741 605 3820 post
619 3735 784 3802 incursum
800 3737 1015 3820 malignorum
1040 3743 1071 3802 et
1095 3736 1181 3822 ignis
1198 3736 1388 3821 uoraginem
1399 3787 1408 3820 ,
1435 3756 1495 3820 quo

373 3861 493 3924 magna
509 3861 586 3926 pars
603 3863 713 3908 corum
741 3844 884 3910 ciuitatis
901 3853 1071 3912 consumta
1086 3865 1158 3913 esse
1175 3846 1365 3928 dinoscitur,
1392 3843 1495 3930 pristi-

369 3969 446 4016 num
461 3949 494 4014 in
511 3956 643 4034 statum,
669 3971 777 4033 ymmo
793 3952 886 4019 iuxta
901 3973 1001 4039 posse
1017 3955 1049 4020 in
1066 3954 1327 4036 commodiorem,
1344 3953 1494 4019 constitu·

369 4059 629 4143 ereeteuebere;
650 4059 751 4143 Regie
760 4063 996 4148 compassionis
1006 4064 1123 4129 intuitu
1133 4063 1214 4149 ipsis
1230 4065 1401 4129 uinearum
1411 4083 1495 4129 mon-

368 4173 430 4250 tes,
459 4187 540 4251 quos
556 4168 776 4252 plantuuimus
802 4170 866 4254 ipsi
883 4171 1008 4237 ciuitati
1035 4171 1233 4256 adiacentes,
1251 4171 1447 4237 contulimus
1463 4169 1495 4234 in

369 4281 563 4359 perpetuum
580 4275 806 4360 possidendos,
823 4279 1009 4346 relaxantes
1025 4297 1137 4345 omnes
1153 4278 1305 4363 decimas,
1322 4298 1385 4360 qne
1401 4277 1494 4342 nobis

371 4388 554 4466 competere
569 4383 711 4467 poterint
727 4384 854 4451 exinde.
880 4385 1035 4471 Exceptis
1051 4385 1274 4452 tantummodo
1298 4385 1435 4452 decimis
1451 4385 1493 4450 vi-

368 4505 511 4573 nearum,
538 4508 622 4571 quas
648 4491 844 4559 monialibus
860 4493 903 4561 ad
918 4495 1070 4560 Sanctum
1083 4493 1215 4560 Petrum
1240 4495 1274 4558 in
1290 4491 1437 4577 Olomuc,
1462 4497 1492 4557 et

366 4595 564 4662 monasterio
579 4598 614 4662 in
631 4598 802 4684 Gradiscb,
820 4602 976 4668 hactenus
991 4601 1218 4686 persoluimus,
1243 4619 1325 4682 ques
1342 4603 1441 4668 etiam
1456 4602 1488 4665 in
