3164 5192
854 295 1007 408 grn-

361 508 509 596 judicum
534 505 757 593 presenciam,
786 509 819 569 et
843 524 904 590 pro
923 505 1072 590 cognatis
1096 503 1185 571 illius
1206 502 1490 590 propinquioribus

367 617 471 684 eciam
487 620 539 681 est
555 613 710 698 missum,
736 611 873 679 seduco
888 609 962 697 ipsi,
978 629 1039 678 uec
1055 610 1129 696 ipsa
1144 610 1189 678 cd
1204 612 1310 678 locum
1326 610 1493 697 prefixum,

367 721 517 808 quamuis
532 721 580 788 eis
596 727 684 788 esset
704 717 906 803 tutissimus,
932 718 1103 786 noluerant
1119 717 1284 802 accedere,
1309 719 1365 803 qui
1384 737 1425 784 ne
1440 739 1494 802 po-

366 830 505 898 tuissent
529 828 706 912 accedere,
736 827 859 894 nullum
885 845 942 913 per
967 845 1026 894 nos
1050 827 1194 894 habuere
1219 826 1492 912 impedimentum.

366 936 515 1005 Accessit
530 941 639 1004 autem
654 935 841 1021 Episcopus
857 933 1034 1018 Pragensis
1050 952 1123 1000 cum
1139 933 1213 1000 aliis
1233 933 1312 999 viris
1328 932 1494 999 venerabi·
1548 971 1552 978 -

367 1045 453 1112 libus
478 1043 522 1112 ad
547 1041 734 1130 praelatam
759 1059 894 1110 uxorem
917 1047 950 1108 et
972 1043 1248 1124 consanguineam
1273 1047 1439 1124 nostram,
1464 1045 1494 1105 et

369 1150 503 1236 quidde
520 1149 634 1218 eadem
644 1148 948 1233 consanguineitate
960 1148 1090 1233 fatetur,
1110 1147 1329 1232 inquiserunt;
1348 1166 1408 1214 nec
1423 1148 1495 1232 ipsa

369 1279 429 1328 nos
445 1277 519 1326 esse
534 1259 795 1342 consanguineos
812 1258 976 1324 difatetur.
1002 1256 1169 1326 Cerciores
1185 1256 1295 1340 itaque
1310 1255 1390 1323 facti
1405 1256 1496 1341 Epis

369 1365 454 1453 copi,
480 1384 553 1432 cum
568 1365 672 1430 tribus
689 1365 805 1432 edictis
822 1384 968 1432 essemus
984 1365 1101 1448 vocati,
1125 1369 1157 1430 et
1173 1369 1383 1432 accusatores
1399 1365 1496 1431 insta·

368 1478 448 1559 rent,
467 1479 697 1559 processerunt
713 1473 746 1539 in
757 1473 872 1540 codem
887 1473 1034 1558 negocio,
1051 1479 1083 1539 et
1099 1472 1220 1540 auditis
1237 1473 1497 1558 allegacionibus

368 1585 614 1663 accusatorum,
641 1599 713 1646 curn
730 1579 805 1665 ipsa
821 1599 857 1645 se
882 1578 1114 1646 contumaciter
1141 1581 1346 1666 absentaret,
1372 1586 1496 1665 septem

367 1687 528 1756 nobilium
544 1686 687 1754 virorum
702 1685 941 1771 testimonium,
969 1687 1144 1755 eorundem
1159 1688 1369 1756 iureiurando
1385 1689 1496 1755 confir-

368 1801 489 1862 matum
506 1814 604 1880 super
623 1793 737 1862 eadem
752 1795 1064 1880 consanguineitate,
1082 1796 1217 1879 eoquod
1228 1803 1315 1862 esset
1330 1796 1365 1861 in
1381 1803 1496 1880 quarto

368 1901 483 1987 gradu,
499 1908 698 1987 receperunt,
725 1901 836 1986 sicque
861 1903 945 1970 inter
970 1923 1030 1971 nos
1056 1904 1249 1971 auctoritate
1262 1904 1496 1971 Ecclesiastica

368 2008 566 2077 sentenciam
592 2008 730 2076 dinoroii
756 2010 1012 2094 promulgarunt.
1039 2009 1255 2095 Quapropter,
1281 2009 1495 2078 Sanctissime

367 2117 474 2201 Pater,
491 2135 564 2182 cum
580 2117 667 2199 ista,
694 2118 779 2182 siout
793 2117 888 2184 nobis
904 2115 1051 2202 videtur,
1078 2117 1138 2182 rite
1154 2117 1219 2184 sint
1235 2124 1319 2202 acta,
1337 2125 1370 2184 et
1386 2140 1447 2187 nos
1464 2121 1495 2184 in

368 2221 451 2290 facie
461 2222 609 2290 Ecclesie
626 2222 726 2290 aliam
738 2223 925 2290 duxerimus
942 2225 975 2291 iu
991 2243 1135 2309 uxorem,
1152 2244 1296 2294 sororem
1308 2227 1436 2294 scilicet
1452 2227 1495 2292 di-

367 2329 443 2396 lecti
459 2335 493 2396 et
508 2328 602 2396 vobis
626 2329 659 2394 in
686 2330 835 2398 omnibus
861 2331 970 2399 deuoti
986 2332 1087 2416 Regis
1103 2331 1351 2418 Hungarorum,
1377 2335 1495 2401 obnixe

368 2436 507 2521 petimus
523 2437 584 2504 boc
601 2435 688 2526 (lgy)
706 2438 904 2505 matrimonii
920 2439 1201 2508 confirmacionem
1221 2446 1252 2506 et
1268 2461 1289 2507 a
1305 2443 1496 2527 consangui-

368 2561 428 2609 nee
443 2551 554 2612 nostre
579 2543 789 2630 impetioione
811 2547 1064 2614 absolucionem.
1092 2549 1244 2615 Preterea
1269 2547 1408 2615 latorem
1428 2569 1496 2634 pre-

367 2647 522 2733 sencium,
539 2649 684 2718 Priorem
701 2651 883 2719 Ecclesiam
898 2649 945 2740 (i)
963 2653 1150 2720 monasterii
1165 2654 1279 2738 nostri,
1302 2655 1409 2722 virum
1424 2657 1493 2723 reli·

367 2754 504 2840 giosm,
529 2757 619 2824 euius
637 2757 717 2826 tides
734 2758 828 2827 nobis
844 2760 878 2826 in
894 2759 1043 2828 omnibus
1059 2766 1109 2826 est
1124 2762 1280 2846 probata,
1306 2782 1372 2828 non
1388 2763 1493 2829 solum

368 2882 428 2947 pro
444 2863 505 2930 hac
521 2881 622 2930 causa
631 2915 640 2949 ,
668 2865 847 2932 sedeciam
864 2887 922 2950 pro
939 2865 1077 2934 diuersis
1095 2866 1257 2951 negociis,
1280 2887 1342 2951 que
1358 2871 1491 2936 suntad

368 2971 521 3038 honorem
537 2975 683 3041 Romane
700 2973 797 3040 Curio
822 2981 928 3042 vostre
944 2975 1116 3042 Sanctitati
1136 2973 1332 3063 direximus,
1360 2979 1414 3043 cui
1431 2999 1491 3044 non

368 3069 474 3146 minue
490 3079 523 3146 in
539 3079 699 3166 omnibus,
728 3102 825 3165 quam
841 3084 956 3165 nobis,
983 3081 1133 3148 credatis.
1161 3083 1196 3150 Si
1212 3102 1275 3167 que
1291 3093 1402 3151 autem
1430 3086 1491 3152 alie

368 3186 474 3254 littere
490 3207 530 3254 ex
555 3195 667 3256 nostra
692 3197 785 3276 parte
811 3196 1041 3278 apparuerunt,
1060 3227 1103 3238 -—
1119 3227 1162 3239 -
1179 3229 1222 3240 —
1238 3227 1281 3241 -
1299 3192 1347 3258 eis
1372 3199 1430 3260 aut
1447 3191 1489 3282 (i)

366 3293 438 3362 istis
455 3294 656 3379 integraliter
671 3297 824 3382 prestetis
841 3319 1044 3366 consensum.
1069 3296 1161 3385 (Sine
1178 3299 1280 3388 dato.)

367 3490 401 3553 (A
414 3490 498 3542 rbmoi
512 3493 701 3546 Vollincllisble
721 3496 856 3549 Codexbbl
877 3499 981 3550 kbrblto
996 3499 1081 3550 volcrn
1094 3499 1186 3550 Dudilr
1199 3499 1289 3560 Boia,
1310 3516 1336 3550 v.
1350 3505 1375 3550 b.
1388 3499 1490 3552 sainttn

368 3579 458 3629 Erbcn
468 3579 540 3642 Μ,
551 3581 669 3646 Rogosta
679 3585 860 3650 Diplomatiea
875 3589 1019 3639 Bohcmiae
1030 3595 1057 3639 ot
1065 3591 1203 3641 Moravioo
1213 3592 1235 3640 1.
1246 3592 1300 3642 kot.
1310 3589 1404 3658 Prbga
1417 3593 1490 3644 1855.

368 3669 453 3720 conl.
465 3669 496 3720 V.
508 3675 530 3722 il.
543 3673 679 3740 Pulucaky
692 3676 1119 3746 l'.,1tolisnisohoReisoPraga
1135 3681 1210 3731 1838.
1230 3683 1251 3731 1.
1267 3683 1308 3734 18.
1322 3683 1340 3733 l.
1353 3701 1359 3745 ;
1374 3681 1403 3734 es
1417 3683 1491 3750 Fejtr

702 3767 765 3817 Ood.
779 3767 851 3832 Dipl.
865 3769 927 3820 Vll.
941 3769 968 3822 k.
983 3773 1007 3822 b.
1021 3785 1041 3820 r.
1058 3771 1115 3821 lbi.
1131 3769 1161 3836 l.)

800 3946 1056 3958 ..μ-η...-
