3164 5192
876 309 942 381 200

339 516 404 582 rari
420 515 513 583 oculo
539 513 582 582 ad
609 511 737 582 oculum
754 511 952 598 viderimus,
974 509 1060 598 juris
1075 515 1197 578 tamem
1220 507 1378 578 ordinarii
1403 529 1470 576 non

338 625 564 709 immemores,
590 623 740 710 quamvis
766 629 798 690 et
814 623 847 688 in
864 622 925 689 hoe
952 619 1121 704 diffugium
1149 621 1402 702 constituentes,
1429 617 1471 684 de

338 729 530 802 frustatoria
555 731 641 820 (igy)
657 731 814 798 dilatione
840 729 884 796 ad
904 728 1131 816 impunitatem
1156 727 1219 794 sibi
1243 727 1469 810 blandiuntur,

338 843 462 910 nullam
487 841 520 909 in
548 861 603 909 eos
628 837 805 906 vindictam
830 836 1028 923 potestative
1053 855 1093 902 ac
1125 833 1301 902 secundnm
1332 835 1471 901 scientie

339 956 450 1017 nostre
475 947 701 1016 certitudinem
718 945 941 1030 exercuimus5
970 943 1048 1028 quin
1064 943 1173 1030 potins
1193 944 1235 1010 ob
1251 943 1472 1010 reverentiam

341 1057 435 1125 Sedis
451 1057 642 1145 Apostoliee
666 1059 776 1122 vestro
802 1058 905 1121 totum
929 1069 1136 1119 reservamus
1160 1051 1312 1118 examini.
1338 1051 1405 1118 Sed
1423 1072 1475 1118 eo·

340 1167 490 1234 cumdem
506 1163 769 1232 adversariorum
784 1159 913 1228 insidiis
937 1158 1016 1248 (nen
1033 1160 1145 1244 ignota
1160 1159 1336 1248 loquimur)
1354 1180 1473 1246 prepe-
1508 1213 1517 1226 .

342 1273 411 1358 diti,
427 1281 535 1341 vestre
551 1269 761 1338 Paternitatis
773 1267 932 1352 judicium
949 1272 1103 1353 expetere
1119 1285 1222 1351 nsque
1241 1287 1328 1334 nuno
1346 1266 1475 1335 distuli·

340 1400 431 1466 mns;
449 1380 630 1448 certissime
645 1383 876 1465 proponentes,
903 1376 1036 1461 quodsi
1053 1383 1164 1442 vestra
1181 1377 1332 1446 discretio
1351 1377 1478 1444 severi·

341 1493 441 1558 tatem
453 1487 539 1575 juris
554 1489 588 1555 in
605 1507 662 1556 eos
678 1505 742 1553 nou
759 1483 961 1569 exercuerit,
989 1505 1062 1552 eum
1077 1506 1143 1552 non
1160 1485 1204 1552 sit
1219 1485 1355 1552 ulterius
1378 1483 1478 1552 nobis

276 1626 282 1636 ·
342 1596 450 1665 libera
476 1595 622 1682 deipsis
650 1591 828 1680 patientia,
858 1611 990 1658 manum
1015 1592 1226 1678 protectionis
1250 1593 1478 1660 Ecclesismm

342 1703 503 1786 Prelatis,
530 1703 613 1768 sicut
629 1699 825 1786 quibusdam
840 1721 951 1768 eorum
970 1700 1210 1770 necimmerito
1222 1701 1295 1786 jam
1311 1700 1479 1768 subtraxi·

342 1831 425 1896 mus,
442 1809 650 1879 necessitatis
666 1815 812 1895 tempore
822 1809 953 1877 omnino
970 1810 1215 1896 denegabimus.
1232 1811 1332 1877 Dese
1349 1813 1478 1895 autem,

344 1919 431 2002 quod
447 1917 661 1986 Colochensis
677 1917 970 2002 archiepiscopus,
992 1923 1027 1984 ut
1042 1918 1239 2002 audivimus,
1255 1918 1477 2002 conqueritur,

341 2027 419 2111 quia
435 2027 545 2112 ipsum
561 2025 604 2091 ad
629 2025 829 2110 presentiam
857 2031 1003 2093 nostram
1019 2046 1092 2093 eum
1107 2027 1226 2094 litteris
1245 2029 1367 2094 vestris
1385 2046 1478 2093 acoe-

343 2135 422 2200 dere
436 2153 500 2200 non
517 2132 735 2218 permisimus,
753 2132 887 2198 devera
903 2133 1103 2200 conscientia
1119 2132 1369 2219 respondemus,
1388 2132 1478 2217 quod

343 2260 407 2306 non
424 2241 458 2306 in
481 2243 698 2324 contemptum
712 2239 858 2304 Romane
868 2238 1015 2305 Ecclesie
1031 2239 1093 2307 hoe
1108 2240 1267 2326 iacimus;
1285 2241 1344 2308 scd
1361 2243 1477 2308 timen-

342 2355 405 2429 tes,
422 2366 464 2411 nc
480 2345 640 2430 capitales
656 2344 725 2410 eius
741 2343 883 2427 inimici,
909 2365 990 2428 quos
1006 2347 1164 2434 precipue
1192 2350 1234 2416 ob
1250 2348 1477 2416 defensionem

345 2453 454 2518 Elvini
470 2451 635 2537 Episcopi,
653 2451 763 2517 multis
780 2453 1026 2521 enormitatibus
1043 2457 1204 2542 respersi,
1230 2463 1264 2523 et
1278 2457 1369 2543 apud
1386 2455 1477 2522 andi·

345 2558 465 2624 entiam
482 2565 625 2624 vestram
649 2558 691 2623 ab
708 2558 823 2625 eodem
840 2559 1094 2647 Archiepisoopo
1115 2563 1335 2649 jampridem
1359 2563 1475 2630 veraci

347 2663 531 2731 testimonio
547 2663 728 2747 diffamati,
756 2685 842 2730 nuno
858 2675 967 2732 autem
983 2669 1245 2736 constantissime
1270 2675 1386 2737 eontra
1402 2691 1477 2736 cou-

347 2769 517 2836 scientiam
537 2789 629 2836 suam
647 2777 679 2837 ci
695 2773 836 2838 omnium
853 2774 921 2840 fere
932 2775 1140 2860 Ungarorum
1157 2777 1292 2862 defensi,
1309 2779 1343 2844 in
1360 2777 1475 2846 odium

345 2877 395 2943 sni
413 2877 606 2962 concitavit,
632 2880 741 2946 verbis
756 2881 810 2946 vel
826 2880 922 2947 sactis
951 2881 985 2948 in
1001 2884 1129 2968 aliquos
1146 2885 1187 2951 de
1212 2885 1281 2952 suis
1306 2887 1475 2968 irruerint,
1531 2887 1536 2900 '

346 2984 434 3069 quod
449 2983 640 3050 scandalum
657 2984 741 3052 forte
756 2986 872 3052 sedare
888 3009 952 3054 non
971 3009 1160 3078 possemus,
1185 2994 1417 3059 mandavimus
1434 2993 1476 3075 ei,

348 3091 501 3175 quatinus
527 3092 652 3160 litteras
669 3099 701 3158 et
727 3095 916 3161 mandatnm
932 3104 1075 3164 vestrum
1101 3119 1159 3186 per
1180 3100 1324 3185 aliquem
1347 3101 1390 3167 de
1407 3100 1476 3166 suis

349 3197 586 3283 suffraganeis,
610 3200 663 3264 vel
687 3219 745 3284 per
770 3202 932 3284 quoslibet
955 3205 1038 3272 alios
1066 3207 1161 3272 nobis
1186 3207 1352 3290 dirigeret.
1380 3207 1478 3287 Quod

347 3310 454 3370 autem
473 3305 666 3388 audivimus,
683 3308 761 3390 quia
777 3309 905 3375 fidelem
923 3331 962 3376 ac
978 3313 1132 3380 dilectum
1148 3321 1294 3381 nostrum
1305 3317 1476 3400 Vgernum

347 3412 559 3477 Geuriensem
577 3413 773 3498 Episcopum
791 3418 832 3483 ob
852 3417 1011 3486 iuvidiam
1027 3427 1137 3486 nostre
1153 3421 1358 3506 dilectionis,
1376 3442 1477 3507 quam

349 3516 379 3580 ei
396 3517 509 3584 merito
526 3537 584 3582 sue
610 3519 793 3588 devotionis
818 3523 1055 3612 impendimus,
1082 3528 1216 3612 qnidam
1240 3530 1410 3616 inculpare
1431 3531 1477 3596 ni·

346 3629 467 3705 tuntur,
484 3624 578 3689 vobis
593 3625 626 3690 in
642 3627 742 3696 verbo
758 3630 906 3696 veritatis
923 3632 1157 3719 significamus,
1175 3638 1352 3720 quodcum
1370 3642 1405 3704 et
1417 3638 1477 3703 Cu-

346 3728 394 3793 rie
409 3729 556 3794 Romane
581 3737 613 3796 et
639 3733 733 3799 nobis
760 3733 911 3802 devotum
939 3759 979 3804 ae
1003 3741 1132 3808 fidelem
1158 3743 1351 3810 invenimus.
1382 3744 1476 3810 Unde

347 3835 443 3900 beate
459 3837 611 3906 memorie
627 3840 841 3925 predecessor
858 3851 965 3911 vester
982 3847 1267 3933 Papailelestinus
1284 3873 1363 3938 sepe
1379 3853 1476 3918 devo

347 3939 467 4006 tionem
483 3939 586 4024 ipsius
603 3946 698 4013 nobis
714 3967 773 4032 per
789 3950 918 4017 nuntios
937 3957 969 4018 et
985 3953 1113 4022 litteras
1129 3977 1206 4024 suas
1222 3959 1475 4040 commendavit,

347 4049 379 4110 et
395 4045 554 4131 eumdem,
572 4049 705 4117 redditis
722 4052 763 4118 de
780 4054 939 4124 fidelitate
956 4077 1018 4124 sua
1033 4062 1212 4145 gratiarum
1227 4065 1424 4148 actionibus,
1442 4069 1478 4129 ut

345 4151 379 4216 in
398 4156 582 4221 constantia
597 4155 766 4226 fidelitatis
782 4163 983 4250 persisteret,
1005 4169 1194 4236 ammonuit.
1219 4169 1259 4236 Id
1274 4171 1383 4258 ipsum
1399 4191 1476 4254 quo·

346 4276 410 4341 que
427 4267 573 4328 svestra
589 4263 736 4350 caritate,
761 4269 852 4351 cujus
868 4269 1002 4338 interest
1017 4274 1057 4339 de
1079 4278 1247 4345 commodo
1264 4278 1407 4346 filiorum
1420 4299 1475 4364 ap·

347 4365 515 4451 plaudere,
532 4369 704 4454 diligenter
714 4377 864 4460 petimus,
882 4381 1035 4461 quatinus
1052 4390 1164 4466 grates
1175 4405 1274 4471 super
1284 4387 1400 4452 merito
1417 4405 1475 4451 sne

348 4472 530 4541 devotionis
547 4475 652 4542 eidem
668 4478 854 4567 Episcopo,
878 4493 913 4552 ut
929 4492 1036 4573 antea,
1058 4489 1247 4578 referentes,
1271 4495 1306 4559 in
1321 4493 1474 4562 ardorem

288 4645 298 4662 ,
346 4585 504 4666 perpetue
520 4578 702 4650 dilectionis
718 4585 825 4676 ipsum
841 4608 921 4682 erga
938 4613 997 4660 nos
1012 4595 1163 4667 incitetis.
1188 4600 1325 4690 Propter
1342 4601 1405 4670 hee
1420 4615 1474 4667 au-
