3268 5194
889 327 933 395 26

827 419 980 428 υ--ψ

342 515 424 616 curn,
447 549 587 598 necnon
603 533 843 596 antecessorum
859 525 957 592 ctiam
979 529 1161 592 nostrorum
1170 573 1179 607 ,
1206 527 1238 589 ct
1253 521 1319 588 sint
1336 525 1385 589 tot
1398 520 1473 606 pal·

341 639 397 721 lia,
424 643 501 721 quot
515 633 690 721 Episcopi3
717 635 774 701 sed
792 633 843 718 id,
871 653 937 700 non
952 651 1004 699 rue
1019 633 1152 699 Presule
1176 629 1272 697 iidem
1297 627 1471 696 subiectio·

341 763 478 828 nemque
493 743 587 810 vobis
602 742 766 828 prebente.

341 939 425 1004 (Jafft
437 937 534 1006 l'filep,
548 940 722 990 Monumentu
734 939 904 1006 Moguulina,
916 938 1008 990 Berlin
1023 937 1100 988 1866.
1114 938 1175 988 347.
1188 937 1206 988 l.
1225 936 1365 988 Hadamar
1378 933 1467 986 fuldai

338 1027 404 1096 epit
415 1029 472 1080 volt
480 1045 521 1092 an,
533 1030 571 1090 ki,
586 1029 658 1094 bogy
669 1044 687 1079 ι
698 1028 874 1079 halberstedti
885 1023 1067 1094 pllspblretget
1077 1025 1177 1092 nyerjo,
1189 1022 1311 1077 Rbmr'tba
1321 1029 1466 1074 nemetes

340 1118 501 1171 kincselrlrel
513 1124 595 1178 ment,
608 1134 621 1168 s
633 1133 723 1168 onnan
732 1113 901 1182 visszajilvbn
915 1117 1058 1179 „iactatur‚
1072 1130 1101 1165 se
1113 1115 1183 1165 domi
1196 1115 1266 1165 ferre
1280 1115 1371 1164 nescio
1385 1115 1464 1164 cuius

510 1222 621 1259 munere
634 1211 674 1259 tot
686 1206 777 1272 pallia,
792 1209 857 1274 quot
869 1205 943 1274 velit,
955 1209 1046 1270 empta
1059 1209 1165 1254 centum
1179 1201 1295 1268 libris.“)

771 1509 1033 1524 m

876 1957 929 2028 ll.

338 2155 364 2220 I.
381 2155 451 2221 Otto
468 2159 594 2220 coiecit·
609 2178 630 2220 a
643 2159 763 2242 prctpui
773 2155 979 2243 pupcaepor
994 2156 1171 2242 alopituciu,
1194 2155 1303 2219 cunule
1318 2154 1464 2218 luidrait

337 2263 520 2328 reezlctoeca
535 2259 664 2348 lijotcti.
683 2264 701 2344 (
698 2263 719 2326 Ι
724 2263 757 2328 V.
770 2263 892 2327 Hama'k
901 2265 1115 2327 renai-oeno
1125 2261 1315 2326 csdszcruulc
1326 2263 1416 2326 1086
1418 2261 1466 2325 -lo'

642 2369 795 2456 okmrtnyu
812 2371 953 2452 ruerint.)
969 2373 1044 2436 973.
1060 2371 1158 2436 ker-tri.

444 2565 480 2630 ln
499 2565 628 2633 nomine
643 2572 753 2653 sancte
769 2571 800 2632 et
816 2565 979 2654 individue
993 2565 1158 2634 trinitatis.
1176 2565 1335 2632 Henricns
1352 2564 1466 2631 divina

334 2672 463 2739 favente
478 2671 650 2739 clementia
664 2673 883 2740 Romanorum
897 2673 1015 2740 tercius
1031 2675 1208 2760 imperator
1219 2679 1388 2758 augustus.
1405 2675 1464 2740 Re·

335 2781 389 2863 gio
405 2779 526 2847 nomin
543 2783 574 2845 et
589 2779 796 2867 imperatorie
819 2779 969 2864 dignitati
985 2801 1163 2864 congruere
1178 2780 1336 2862 norimus,
1364 2785 1400 2846 ut
1415 2799 1464 2845 ec

334 2886 507 2952 elesiarum
523 2885 576 2952 dei
591 2885 784 2952 utilitatibus
800 2887 921 2971 ubique
936 2887 1149 2973 opitulantes,
1176 2887 1322 2973 dampna
1346 2889 1399 2953 vel
1418 2887 1465 2952 in-

333 2991 437 3059 iuriae
452 3013 564 3059 earum
574 3009 776 3077 quacumque
785 3012 918 3060 neccsse
927 2993 1024 3060 suerit
1038 2995 1274 3079 propulsemus.
1292 2993 1464 3080 Quaprop-

332 3106 383 3168 ter
398 3100 559 3168 universis
574 3100 628 3166 dei
642 3101 808 3185 nostrique
822 3101 971 3168 fidelibus
996 3107 1063 3167 tam
1077 3101 1193 3168 futuris
1209 3122 1307 3186 quam
1331 3119 1464 3187 presen-

330 3212 420 3278 tibus
436 3217 546 3278 notum
563 3211 808 3296 essevolumus,
825 3210 965 3293 qualiter
980 3216 1089 3277 noster
1099 3211 1275 3294 Bragensir
1285 3211 1464 3296 episcopua

333 3317 546 3386 Gebebardus
572 3339 650 3404 sepe
675 3318 891 3386 confratribus
907 3319 975 3386 suis
1001 3325 1033 3384 et
1053 3319 1255 3406 coepiscopis
1280 3319 1464 3406 aiensque

332 3426 534 3512 principibus
549 3427 670 3494 nostris
686 3445 725 3491 ac
740 3425 916 3492 novissime
941 3426 1036 3494 nobis
1059 3432 1253 3510 acquestus
1277 3431 1346 3510 est,
1373 3426 1464 3510 quod

330 3530 508 3614 Bragensis
524 3531 743 3618 episcopatus,
760 3531 815 3615 qui
831 3533 874 3598 ab
890 3532 988 3599 bricio
1004 3552 1063 3618 per
1078 3539 1180 3600 totum
1195 3533 1327 3620 Boemip
1342 3553 1383 3598 ac
1394 3535 1463 3600 blo·

328 3637 420 3722 ravie
445 3637 596 3703 ducatum
620 3657 703 3705 unus
719 3644 751 3704 et
766 3639 892 3722 integer
909 3640 1111 3722 constitutus,
1128 3645 1160 3706 et
1173 3645 1242 3706 tam
1258 3660 1279 3705 a
1295 3661 1386 3726 papa
1402 3639 1462 3706 Bo-

329 3741 458 3808 nedicto
483 3762 580 3826 quam
598 3763 619 3808 a
634 3743 738 3830 primo
764 3745 882 3814 Ottono
898 3747 1096 3832 imperatore
1110 3747 1158 3813 sic
1173 3747 1383 3814 confirmatus
1398 3753 1460 3830 est,

328 3853 444 3935 postea
460 3848 531 3916 sine
546 3856 786 3919 concessorum
801 3873 933 3922 suorum
950 3873 1073 3936 suoque
1084 3873 1252 3937 consensu,
1270 3855 1343 3921 sola
1358 3854 1461 3921 domi·

328 3955 474 4024 nantium
498 3961 677 4042 potestate,
703 3960 981 4029 subinthrcninato
1006 3961 1093 4026 intra
1116 3962 1271 4028 terminos
1286 3960 1357 4026 eius
1371 3981 1460 4028 novo

328 4065 493 4151 episcopo,
510 4063 634 4132 divisus
650 4073 736 4133 esset
753 4064 808 4155 [et]
824 4067 1020 4136 imminutus.
1038 4067 1101 4146 Qui
1117 4088 1190 4134 cum
1206 4069 1391 4154 Mogontine
1407 4087 1460 4134 co·

327 4191 397 4237 ram
412 4171 531 4256 legatis
553 4173 731 4262 apostolice
755 4175 862 4258 sedis,
890 4176 1095 4260 presentibus
1110 4175 1205 4242 nobis
1227 4193 1268 4240 ac
1291 4174 1460 4260 plerisque

326 4280 419 4364 regni
435 4280 538 4345 nostri
555 4279 766 4347 obtimatibus
786 4281 921 4349 eandem
947 4282 1182 4366 querimoniam
1205 4283 1386 4364 intulisset,
1413 4283 1457 4347 ab

327 4385 583 4472 archiepiscopis
598 4387 763 4455 Weuclino
780 4389 976 4473 Mogontino,
997 4389 1160 4474 Sigewino
1177 4386 1374 4472 Coloniensi,
1392 4389 1458 4454 Eil-

326 4491 418 4558 berto
433 4491 638 4577 Treverensi,
654 4493 803 4562 Liemaro
813 4495 990 4578 Bremensi,
1007 4497 1050 4561 ab
1061 4495 1224 4581 episcopis
1235 4515 1364 4580 quoque
1374 4496 1457 4563 The·

328 4595 457 4667 oderico
473 4597 689 4684 Wirdnnensi,
707 4597 857 4671 Oburadc
873 4602 1084 4688 lbaiectcusi,
1101 4601 1257 4670 Udalrico
1267 4603 1456 4688 Eistetcnsi,
