3218 5192
612 353 774 459 *re-o-

125 574 278 641 monere;
295 563 332 623 nt
348 555 437 624 sicin
453 554 594 622 diversis
610 555 742 622 talentis
755 555 971 641 foenerantes,
992 577 1057 624 una
1067 577 1139 625 cum
1155 572 1259 645 grege

125 666 220 732 vobis
237 665 363 731 credito
379 665 540 730 advitam
556 665 746 731 mereamini
770 665 938 752 pervenire
962 668 1199 754 sempiternam.
1224 665 1260 730 Si

125 774 200 858 quis
216 781 327 839 autem
342 781 484 839 vestrum
498 773 533 837 in
552 773 614 838 bac
630 779 724 857 parte
733 823 742 857 ,
767 772 854 856 quod
869 794 934 840 non
955 774 1127 858 credimus,
1153 774 1262 841 inobe-

125 881 221 946 diens
247 879 406 964 extiterit‚
443 880 497 965 qui
523 879 566 946 ad
591 879 808 966 praelibatum
832 879 1012 947 Concilium
1038 900 1103 946 non
1125 882 1261 966 veniret,

125 987 213 1054 sciat
231 1006 269 1054 se
284 987 397 1072 procul
415 986 513 1054 dubio
540 985 717 1053 canonicae
733 988 915 1054 sententiae
939 988 1119 1074 subjacere.
1146 989 1196 1052 De
1213 1006 1262 1054 ce·

127 1106 198 1162 tero
214 1093 400 1180 praefatum
416 1095 575 1160 Lucerem
590 1093 786 1162 familiarem
802 1102 960 1180 nostrum,
978 1116 1073 1180 quem
1088 1115 1148 1181 pro
1160 1113 1261 1180 saepe

127 1203 217 1270 dieto
234 1199 381 1267 Concilio
397 1201 545 1268 vocando
561 1199 605 1266 ad
621 1219 680 1268 vos
696 1201 883 1286 dirigimus,
910 1201 1106 1269 fraternitati
1132 1209 1262 1268 vestrae

126 1309 407 1392 commendamus,
432 1315 586 1392 rogantes
604 1309 790 1394 affectuose,
816 1318 849 1376 et
863 1309 1076 1394 mandantes,
1102 1317 1262 1394 quatenus
1342 1326 1346 1334 ·

125 1441 204 1488 eum
219 1417 361 1501 benigne
376 1417 532 1501 tractetis,
558 1424 591 1484 et
605 1417 708 1482 nostri
731 1419 871 1502 amoris,
896 1439 935 1485 ac
950 1420 1187 1484 Sacrosauetae
1202 1417 1262 1482 Ro·

125 1546 249 1594 manae
264 1524 432 1591 Ecclesiae
447 1524 575 1607 intuitu,
593 1525 642 1590 sic
657 1524 835 1594 liberaliter
858 1525 1091 1611 benefaciatis,
1112 1525 1261 1606 scientes,

126 1632 264 1718 quodsi
282 1649 366 1716 eum,
382 1630 429 1696 uti
444 1629 546 1714 decet,
563 1629 812 1714 honoraveritis,
837 1651 897 1698 nos
912 1629 1010 1696 valde
1027 1635 1154 1716 gratum
1165 1630 1262 1697 habe-

125 1743 236 1808 bimus
261 1743 295 1804 et
320 1741 508 1822 acceptum,
544 1744 577 1803 et
601 1757 662 1823 pro
685 1737 842 1824 temporis
877 1737 1121 1823 opportunitate
1146 1735 1263 1802 libenti

126 1850 242 1918 animo
258 1847 354 1916 vobis
371 1847 447 1914 inde
462 1848 648 1914 curabimus
663 1847 871 1935 respondere.

510 2045 662 2116 (Ugyanott
675 2047 708 2102 V.
722 2047 778 2100 ker.
792 2049 834 2098 61.
849 2045 880 2114 l.)

563 2333 819 2348 w

672 2776 727 2846 81.

132 2963 348 3050 Lampridius
366 2961 487 3048 jddroi
512 2959 598 3026 fracia
624 2957 716 3025 icocle
731 2981 752 3022 α
768 2957 965 3044 Spclofdboa
990 2959 1141 3026 coirando
1162 2959 1265 3027 aainof

575 3066 711 3155 tiqyebea
730 3069 827 3133 1177.
1137 3081 1143 3092 ’

247 3303 291 3314 -
306 3302 351 3312 -
367 3301 411 3312 -
427 3301 470 3311 —
495 3265 683 3353 Spalatensi
710 3262 915 3348 Primicerio,
943 3269 976 3330 et
1000 3263 1146 3350 ejusdem
1170 3262 1266 3331 Sedis

132 3375 198 3442 toti
222 3372 403 3440 venerabili
428 3371 580 3458 Capitulo
591 3425 600 3458 ,
627 3371 807 3458 Majoribus
832 3377 865 3438 et
887 3369 1054 3454 Magistris
1078 3377 1110 3438 et
1127 3370 1265 3439 dominis

133 3519 183 3532 -
200 3519 244 3529 -
260 3517 304 3528 -
320 3515 365 3528 -
388 3481 435 3546 uti
461 3479 633 3565 fratribus3
660 3479 864 3547 nobilissimo
889 3478 925 3543 li.
953 3478 1089 3564 Comiti,
1116 3498 1175 3546 suo
1200 3497 1266 3544 car-

133 3590 207 3657 nali
223 3589 487 3674 consanguineo,
513 3593 546 3655 et
563 3587 676 3656 ordine
691 3587 758 3655 filio
775 3585 949 3673 spirituali,
966 3593 999 3652 et
1019 3585 1168 3654 omnibus
1184 3589 1267 3673 ejus·

135 3699 215 3764 dem
240 3695 384 3764 civitatis
408 3695 593 3763 hominibus
612 3733 656 3746 -
672 3732 716 3743 -
732 3731 776 3743 -
792 3695 981 3782 propinquis
997 3731 1042 3742 -
1057 3701 1101 3743 -ὲ
1118 3733 1161 3744 -
1184 3695 1267 3763 salu·

136 3811 208 3870 tem
219 3854 229 3888 ,
256 3803 436 3870 orationem
462 3809 494 3870 et
510 3839 553 3850 -
569 3839 613 3850 -
629 3839 674 3851 -
692 3807 752 3870 est.
779 3799 927 3880 Qualiter
951 3801 1045 3870 nobis
1071 3803 1268 3870 Dalmaticis

137 3911 349 3999 Spalatensis
365 3910 533 3997 Ecclesia,
560 3919 682 3998 mater,
707 3911 885 3996 magistra,
909 3917 940 3978 et
958 3909 1090 3980 domina
1116 3913 1268 3996 extiterit,

139 4019 348 4106 qualiterque
375 4019 489 4086 ditioni
506 4013 575 4104 ejus
590 4027 662 4087 tota
676 4019 863 4104 Dalmatia,
889 4017 1075 4088 obedientia
1098 4028 1130 4086 et
1146 4019 1269 4104 subjec-

16 4191 18 4198 ,
138 4127 230 4194 tione
256 4125 390 4192 subdita
405 4125 502 4192 fuerit
511 4178 520 4211 ,
538 4127 697 4193 Dominus
714 4127 775 4193 scit
784 4177 793 4211 ,
822 4133 855 4192 et
869 4127 1017 4194 homines
1027 4177 1036 4211 ,
1062 4125 1221 4210 vobisque
1238 4135 1271 4193 et

17 4239 19 4304 ζ
137 4237 267 4318 integre
293 4241 327 4300 et
342 4233 457 4300 melius
484 4235 661 4302 scientibus
686 4256 752 4302 non
778 4241 828 4302 est
853 4235 1078 4302 intimandum.
1105 4233 1185 4299 Inde
1210 4241 1270 4316 est,

18 4323 20 4380 Ῡ
138 4342 230 4427 quod
249 4343 458 4409 decessorum
484 4349 667 4410 nostrorum
691 4345 844 4430 exempla
859 4345 971 4410 volens
989 4341 1175 4408 multotiens
1200 4359 1271 4426 pro·

20 4515 22 4530 ,
140 4450 254 4534 sequi,
272 4469 294 4516 a
309 4449 466 4517 fratribus
481 4451 602 4518 nostris
618 4451 834 4519 Jadrensibns
850 4451 952 4517 multa
969 4449 1109 4516 adversa
1131 4448 1271 4535 patiens,

140 4555 323 4642 aliquando
347 4557 424 4624 navi
441 4565 473 4623 et
488 4559 586 4625 rebus
601 4557 635 4624 in
652 4579 691 4626 ea
707 4559 902 4625 necessariis
929 4557 1068 4643 ablatis,
1094 4556 1271 4642 aliquando

140 4665 220 4730 navi
245 4664 414 4750 perforata
429 4671 461 4732 et
477 4663 509 4730 iu
535 4665 669 4734 fundum
685 4685 801 4753 versa,
827 4673 861 4733 ut
877 4673 1056 4735 vestromm
1080 4665 1191 4749 multi,
1217 4662 1272 4748 qni

189 4799 293 4838 aarum.
310 4801 392 4838 nuso.
408 4801 477 4839 uror.
493 4808 527 4821 -
541 4803 611 4846 aare.
629 4795 661 4834 1¹·
1094 4783 1111 4842 9
